{"gold_per_floor":[366,34,34,50,63,88,88,119,119,119,137,169,169,180,180,277,277,290,290,206,217,17,52,164,176,188,200],"floor_reached":27,"playtime":1091,"items_purged":["Doubt"],"score":398,"play_id":"feb524ae-1463-495e-ac39-59737b033bc4","local_time":"20190205043201","is_ascension_mode":true,"campfire_choices":[{"data":"Defragment","floor":7,"key":"SMITH"},{"floor":10,"key":"REST"},{"data":"Zap","floor":13,"key":"SMITH"},{"data":"Dualcast","floor":15,"key":"SMITH"},{"floor":25,"key":"REST"}],"neow_cost":"CURSE","seed_source_timestamp":306986996822087,"circlet_count":0,"master_deck":["AscendersBane","Strike_B+1","Strike_B+1","Strike_B+1","Defend_B+1","Defend_B+1","Defend_B+1","Defend_B+1","Zap+1","Dualcast+1","Ball Lightning","Self Repair","FTL","Hologram","Defragment+1","Coolheaded","Core Surge","Finesse","Defragment"],"relics":["Cracked Core","Oddly Smooth Stone","Strawberry","Gremlin Horn","Vajra","Bottled Tornado","Philosopher\u0027s Stone","Membership Card","MawBank","Unceasing Top","Question Card","Torii"],"potions_floor_usage":[6,16,23,24,27],"damage_taken":[{"damage":0,"enemies":"Cultist","floor":1,"turns":4},{"damage":7,"enemies":"Jaw Worm","floor":4,"turns":3},{"damage":2,"enemies":"Small Slimes","floor":5,"turns":3},{"damage":20,"enemies":"3 Sentries","floor":6,"turns":7},{"damage":34,"enemies":"Gremlin Nob","floor":8,"turns":4},{"damage":6,"enemies":"Looter","floor":11,"turns":3},{"damage":28,"enemies":"3 Sentries","floor":12,"turns":6},{"damage":0,"enemies":"3 Louse","floor":14,"turns":3},{"damage":28,"enemies":"Slime Boss","floor":16,"turns":8},{"damage":2,"enemies":"Chosen","floor":18,"turns":3},{"damage":0,"enemies":"Spheric Guardian","floor":21,"turns":3},{"damage":12,"enemies":"Book of Stabbing","floor":23,"turns":5},{"damage":8,"enemies":"Colosseum Slavers","floor":24,"turns":4},{"damage":50,"enemies":"Colosseum Nobs","floor":24,"turns":5},{"damage":49,"enemies":"Slavers","floor":27,"turns":3}],"seed_played":"8102405108310696223","potions_obtained":[{"floor":5,"key":"Dexterity Potion"},{"floor":11,"key":"SteroidPotion"},{"floor":16,"key":"Swift Potion"},{"floor":23,"key":"PowerPotion"},{"floor":24,"key":"AttackPotion"}],"is_trial":false,"path_per_floor":["M","$","?","M","M","E","R","E","T","R","M","E","R","M","R","B",null,"M","?","$","M","$","E","?","R","T","E"],"character_chosen":"DEFECT","items_purchased":["Oddly Smooth Stone","Self Repair","FTL","Finesse","Membership Card"],"campfire_rested":2,"item_purchase_floors":[2,2,2,20,22],"current_hp_per_floor":[68,68,68,68,73,67,67,40,40,64,65,44,44,51,51,30,69,74,74,74,81,81,76,25,49,49,0],"gold":200,"neow_bonus":"TWO_FIFTY_GOLD","is_prod":false,"is_daily":false,"chose_seed":false,"campfire_upgraded":3,"win_rate":0,"timestamp":1549341121,"path_taken":["M","$","?","?","M","E","R","E","T","R","M","E","R","M","R","BOSS","M","?","$","M","$","E","?","R","T","E"],"build_version":"2019-01-23","purchased_purges":1,"victory":false,"max_hp_per_floor":[75,75,75,75,75,82,82,82,82,82,82,82,82,82,82,82,82,82,82,82,82,82,82,82,82,82,82],"card_choices":[{"not_picked":["Streamline","Skim"],"picked":"Ball Lightning","floor":1},{"not_picked":["Stack","Leap","Go for the Eyes"],"picked":"SKIP","floor":4},{"not_picked":["Stack","Force Field"],"picked":"Hologram","floor":5},{"not_picked":["Streamline","Thunder Strike"],"picked":"Defragment","floor":6},{"not_picked":["Turbo","Streamline","Go for the Eyes"],"picked":"SKIP","floor":8},{"not_picked":["Go for the Eyes","Rip and Tear","Sunder"],"picked":"SKIP","floor":11},{"not_picked":["Beam Cell","Reprogram","Hologram"],"picked":"SKIP","floor":12},{"not_picked":["Conserve Battery","Aggregate"],"picked":"Coolheaded","floor":14},{"not_picked":["Meteor Strike","Hyperbeam"],"picked":"Core Surge","floor":16},{"not_picked":["Hello World+1","Turbo","Aggregate"],"picked":"SKIP","floor":18},{"not_picked":["Heatsinks","Go for the Eyes","Lockon+1"],"picked":"SKIP","floor":21},{"not_picked":["Coolheaded","Go for the Eyes","Steam"],"picked":"SKIP","floor":23},{"not_picked":["Steam","Stack"],"picked":"Defragment","floor":24}],"player_experience":555547,"relics_obtained":[{"floor":6,"key":"Strawberry"},{"floor":8,"key":"Gremlin Horn"},{"floor":9,"key":"Vajra"},{"floor":12,"key":"Bottled Tornado"},{"floor":23,"key":"MawBank"},{"floor":24,"key":"Unceasing Top"},{"floor":24,"key":"Question Card"},{"floor":26,"key":"Torii"}],"event_choices":[{"cards_removed":["Strike_B"],"damage_healed":0,"gold_gain":0,"player_choice":"Purged","damage_taken":0,"max_hp_gain":0,"max_hp_loss":0,"event_name":"Purifier","floor":3,"gold_loss":0},{"damage_healed":0,"gold_gain":0,"player_choice":"Simplicity","damage_taken":0,"max_hp_gain":0,"max_hp_loss":0,"event_name":"Back to Basics","floor":19,"gold_loss":0,"cards_upgraded":["Strike_B","Strike_B","Strike_B","Defend_B","Defend_B","Defend_B","Defend_B"]},{"damage_healed":0,"gold_gain":0,"player_choice":"Fight","damage_taken":0,"max_hp_gain":0,"max_hp_loss":0,"event_name":"Colosseum","floor":24,"gold_loss":0},{"damage_healed":0,"gold_gain":0,"player_choice":"Fought Nobs","damage_taken":0,"max_hp_gain":0,"max_hp_loss":0,"event_name":"Colosseum","floor":24,"gold_loss":0}],"is_beta":true,"boss_relics":[{"not_picked":["Cursed Key","Pandora\u0027s Box"],"picked":"Philosopher\u0027s Stone"}],"items_purged_floors":[2],"is_endless":false,"potions_floor_spawned":[5,11,16,23,24],"killed_by":"Slavers","ascension_level":12}