{"gold_per_floor":[17,28,103,103,103,103,129,129,129,142,82,92,110,135,135,240,240,254,254,264,264,280,280,292,292,292,321,321,321,339,354,354,354],"floor_reached":33,"playtime":1054,"items_purged":["Strike_B"],"score":429,"play_id":"495cded7-8456-454b-a53f-ab38fde012dd","local_time":"20190129213241","is_ascension_mode":true,"campfire_choices":[{"data":"Zap","floor":6,"key":"SMITH"},{"data":"Biased Cognition","floor":8,"key":"SMITH"},{"floor":15,"key":"REST"},{"data":"Echo Form","floor":23,"key":"SMITH"},{"floor":25,"key":"REST"},{"floor":29,"key":"REST"},{"floor":32,"key":"REST"}],"neow_cost":"NO_GOLD","seed_source_timestamp":1660342279752668,"circlet_count":0,"master_deck":["AscendersBane","Strike_B","Strike_B","Strike_B","Defend_B","Defend_B","Defend_B","Defend_B","Zap+1","Dualcast","Biased Cognition+1","Cold Snap","Consume","Ball Lightning","Core Surge","Leap","Echo Form+1","Core Surge","Go for the Eyes+1","Redo+1","Chaos+1"],"relics":["Cracked Core","The Courier","Incense Burner","DataDisk","Eternal Feather","Peace Pipe","Letter Opener","Dream Catcher"],"potions_floor_usage":[7,14,22,27,33],"damage_taken":[{"damage":1,"enemies":"Cultist","floor":1,"turns":3},{"damage":0,"enemies":"Small Slimes","floor":2,"turns":3},{"damage":11,"enemies":"Gremlin Nob","floor":7,"turns":3},{"damage":2,"enemies":"Jaw Worm","floor":10,"turns":3},{"damage":15,"enemies":"Exordium Thugs","floor":12,"turns":4},{"damage":9,"enemies":"Red Slaver","floor":13,"turns":2},{"damage":15,"enemies":"3 Sentries","floor":14,"turns":4},{"damage":18,"enemies":"The Guardian","floor":16,"turns":11},{"damage":20,"enemies":"2 Thieves","floor":18,"turns":4},{"damage":9,"enemies":"Chosen","floor":20,"turns":4},{"damage":13,"enemies":"Snecko","floor":22,"turns":4},{"damage":10,"enemies":"Snake Plant","floor":24,"turns":3},{"damage":46,"enemies":"Slavers","floor":27,"turns":6},{"damage":10,"enemies":"Cultist and Chosen","floor":30,"turns":6},{"damage":5,"enemies":"Chosen and Byrds","floor":31,"turns":4},{"damage":63,"enemies":"Collector","floor":33,"turns":7}],"seed_played":"-8181469768083078326","potions_obtained":[{"floor":2,"key":"AttackPotion"},{"floor":12,"key":"Explosive Potion"},{"floor":14,"key":"FearPotion"},{"floor":18,"key":"Explosive Potion"},{"floor":20,"key":"PowerPotion"},{"floor":27,"key":"Strength Potion"}],"is_trial":false,"path_per_floor":["M","M","?","?","$","R","E","R","T","M","$","M","M","E","R","B",null,"M","?","M","?","M","R","M","R","T","E","?","R","M","M","R","B"],"character_chosen":"DEFECT","items_purchased":[],"campfire_rested":4,"item_purchase_floors":[],"current_hp_per_floor":[67,67,56,75,75,75,64,64,64,62,62,47,38,23,45,27,63,43,43,34,34,21,30,20,51,51,5,5,36,26,21,55,0],"gold":354,"neow_bonus":"THREE_RARE_CARDS","is_prod":false,"is_daily":false,"chose_seed":false,"campfire_upgraded":3,"win_rate":0,"timestamp":1548797561,"path_taken":["M","M","?","?","$","R","E","R","T","M","$","?","M","E","R","BOSS","M","?","?","?","M","R","M","R","T","E","?","R","M","M","R","BOSS"],"build_version":"2019-01-23","purchased_purges":1,"victory":false,"max_hp_per_floor":[75,75,75,75,75,75,75,75,75,75,75,75,75,75,75,75,75,75,75,75,75,75,75,75,75,75,75,75,75,75,75,75,75],"card_choices":[{"not_picked":["Machine Learning","Multi-Cast"],"picked":"Biased Cognition","floor":0},{"not_picked":["Gash","Streamline"],"picked":"Cold Snap","floor":1},{"not_picked":["Blizzard","Recycle"],"picked":"Consume","floor":2},{"not_picked":["Beam Cell","Stack","Gash"],"picked":"SKIP","floor":7},{"not_picked":["Stack","Go for the Eyes"],"picked":"Ball Lightning","floor":10},{"not_picked":["Sweeping Beam","Darkness","Hello World"],"picked":"SKIP","floor":12},{"not_picked":["Turbo","Steam"],"picked":"Core Surge","floor":13},{"not_picked":["Steam","Self Repair"],"picked":"Leap","floor":14},{"not_picked":["Hyperbeam","Buffer"],"picked":"Echo Form","floor":16},{"not_picked":["Conserve Battery","Leap","Streamline"],"picked":"SKIP","floor":18},{"not_picked":["Compile Driver","Aggregate"],"picked":"Go for the Eyes+1","floor":20},{"not_picked":["Rebound","Consume","Cold Snap"],"picked":"SKIP","floor":22},{"not_picked":["Compile Driver","Skim","Ball Lightning"],"picked":"SKIP","floor":24},{"not_picked":["Reprogram","Rebound","Meteor Strike"],"picked":"SKIP","floor":27},{"not_picked":["Genetic Algorithm+1","Conserve Battery"],"picked":"Redo+1","floor":29},{"not_picked":["Go for the Eyes","Rebound+1","Force Field"],"picked":"SKIP","floor":30},{"not_picked":["Ball Lightning","Reinforced Body"],"picked":"Chaos+1","floor":31}],"player_experience":521118,"relics_obtained":[{"floor":7,"key":"The Courier"},{"floor":9,"key":"Incense Burner"},{"floor":14,"key":"DataDisk"},{"floor":26,"key":"Letter Opener"},{"floor":27,"key":"Dream Catcher"}],"event_choices":[{"damage_healed":0,"gold_gain":75,"player_choice":"Gather Gold","damage_taken":11,"max_hp_gain":0,"max_hp_loss":0,"event_name":"World of Goop","floor":3,"gold_loss":0},{"damage_healed":25,"gold_gain":0,"player_choice":"Banana","damage_taken":0,"max_hp_gain":0,"max_hp_loss":0,"event_name":"Big Fish","floor":4,"gold_loss":0},{"damage_healed":0,"gold_gain":0,"player_choice":"Copied","damage_taken":0,"max_hp_gain":0,"max_hp_loss":0,"event_name":"Duplicator","floor":19,"gold_loss":0,"cards_obtained":["Core Surge"]},{"damage_healed":0,"gold_gain":0,"player_choice":"Opened","damage_taken":0,"relics_obtained":["Peace Pipe"],"max_hp_gain":0,"max_hp_loss":0,"event_name":"The Mausoleum","floor":21,"gold_loss":0},{"damage_healed":0,"gold_gain":0,"player_choice":"Ignored","damage_taken":0,"max_hp_gain":0,"max_hp_loss":0,"event_name":"Vampires","floor":28,"gold_loss":0}],"is_beta":true,"boss_relics":[{"not_picked":["Coffee Dripper","Runic Dome"],"picked":"Eternal Feather"}],"items_purged_floors":[11],"is_endless":false,"potions_floor_spawned":[2,12,14,18,20,27],"killed_by":"Collector","ascension_level":11}