{"gold_per_floor":[119,66,46,65,79,114,114,146,146,146,164,5,23,38,38,109,109,127,127,138,149,149,149],"floor_reached":23,"playtime":734,"items_purged":["Strike_B"],"score":376,"play_id":"d137b82c-4b5b-4442-a488-252ef8a3d47f","local_time":"20190212224520","is_ascension_mode":true,"campfire_choices":[{"floor":10,"key":"REST"},{"floor":15,"key":"REST"}],"neow_cost":"NONE","seed_source_timestamp":81005809320336,"circlet_count":0,"master_deck":["AscendersBane","Strike_B","Strike_B","Defend_B","Defend_B","Defend_B","Defend_B","Zap","Dualcast","Beam Cell","Streamline","Hologram","Conserve Battery","Ball Lightning","Capacitor","Leap+1","Storm","Fission+1","Defragment","Electrodynamics","Self Repair","Conserve Battery+1"],"relics":["Cracked Core","NeowsBlessing","Calipers","Gremlin Horn","Toxic Egg 2","Cursed Key"],"potions_floor_usage":[6,8,16,20,21,23,23],"damage_taken":[{"damage":0,"enemies":"Jaw Worm","floor":1,"turns":1},{"damage":0,"enemies":"Cultist","floor":4,"turns":1},{"damage":0,"enemies":"Small Slimes","floor":5,"turns":2},{"damage":16,"enemies":"Gremlin Nob","floor":6,"turns":3},{"damage":22,"enemies":"Lagavulin","floor":8,"turns":6},{"damage":29,"enemies":"Exordium Thugs","floor":11,"turns":4},{"damage":2,"enemies":"Red Slaver","floor":13,"turns":2},{"damage":0,"enemies":"2 Fungi Beasts","floor":14,"turns":3},{"damage":9,"enemies":"Hexaghost","floor":16,"turns":9},{"damage":13,"enemies":"Spheric Guardian","floor":18,"turns":4},{"damage":31,"enemies":"Shell Parasite","floor":20,"turns":7},{"damage":15,"enemies":"Cultist and Chosen","floor":21,"turns":5},{"damage":23,"enemies":"Gremlin Leader","floor":23,"turns":4}],"seed_played":"-1311252511203236552","potions_obtained":[{"floor":3,"key":"Weak Potion"},{"floor":4,"key":"SkillPotion"},{"floor":5,"key":"Explosive Potion"},{"floor":8,"key":"SpeedPotion"},{"floor":14,"key":"GamblersBrew"},{"floor":16,"key":"Dexterity Potion"},{"floor":19,"key":"Regen Potion"},{"floor":19,"key":"Fire Potion"},{"floor":20,"key":"FocusPotion"},{"floor":21,"key":"GamblersBrew"}],"is_trial":false,"path_per_floor":["M","$","?","M","M","E","?","E","T","R","M","$","M","M","R","B",null,"M","?","M","M","?","E"],"character_chosen":"DEFECT","items_purchased":["Streamline","Storm"],"campfire_rested":2,"item_purchase_floors":[2,12],"current_hp_per_floor":[64,64,64,64,64,48,48,26,26,47,18,18,16,16,37,28,60,47,47,31,23,23,0],"gold":149,"neow_bonus":"THREE_ENEMY_KILL","is_prod":false,"is_daily":false,"chose_seed":false,"campfire_upgraded":0,"win_rate":0,"timestamp":1550029520,"path_taken":["M","$","?","M","?","E","?","E","T","R","M","?","?","M","R","BOSS","M","?","?","M","?","E"],"build_version":"2019-01-23","purchased_purges":1,"victory":false,"max_hp_per_floor":[71,71,71,71,71,71,71,71,71,71,71,71,71,71,71,71,71,71,71,71,71,71,71],"card_choices":[{"not_picked":["Hologram","Barrage"],"picked":"Beam Cell","floor":1},{"not_picked":["Lockon","FTL"],"picked":"Hologram","floor":4},{"not_picked":["Stack","Hologram"],"picked":"Conserve Battery","floor":5},{"not_picked":["Hologram","Gash"],"picked":"Ball Lightning","floor":6},{"not_picked":["Ball Lightning","Auto Shields"],"picked":"Capacitor","floor":8},{"not_picked":["Turbo+1","Scrape"],"picked":"Leap+1","floor":11},{"not_picked":["Cold Snap","Static Discharge"],"picked":"Fission+1","floor":13},{"not_picked":["Gash","Coolheaded+1"],"picked":"Defragment","floor":14},{"not_picked":["Biased Cognition","Meteor Strike"],"picked":"Electrodynamics","floor":16},{"not_picked":["Genetic Algorithm+1","Rebound+1","Gash"],"picked":"SKIP","floor":18},{"not_picked":["Doom and Gloom","Go for the Eyes"],"picked":"Self Repair","floor":20},{"not_picked":["Force Field+1","Barrage"],"picked":"Conserve Battery+1","floor":21}],"player_experience":270724,"relics_obtained":[{"floor":6,"key":"Calipers"},{"floor":8,"key":"Gremlin Horn"},{"floor":9,"key":"Toxic Egg 2"}],"event_choices":[{"damage_healed":0,"gold_gain":0,"player_choice":"Bought 1 Potion","damage_taken":0,"max_hp_gain":0,"max_hp_loss":0,"event_name":"The Woman in Blue","floor":3,"gold_loss":0},{"cards_removed":["Strike_B"],"damage_healed":0,"gold_gain":0,"player_choice":"Offered Basic","damage_taken":0,"max_hp_gain":0,"max_hp_loss":0,"event_name":"Bonfire Elementals","floor":7,"gold_loss":0},{"damage_healed":0,"gold_gain":0,"player_choice":"Got Potions","damage_taken":0,"max_hp_gain":0,"max_hp_loss":0,"event_name":"Lab","floor":19,"gold_loss":0},{"damage_healed":0,"gold_gain":0,"player_choice":"Ignored","damage_taken":0,"max_hp_gain":0,"max_hp_loss":0,"event_name":"Vampires","floor":22,"gold_loss":0}],"is_beta":false,"boss_relics":[{"not_picked":["Busted Crown","Astrolabe"],"picked":"Cursed Key"}],"items_purged_floors":[12],"is_endless":false,"potions_floor_spawned":[4,5,8,14,16,20,21],"killed_by":"Gremlin Leader","ascension_level":17}