{"gold_per_floor":[115,115,290,134,84,84,94,108,131,150,150,182,192,208,208,308,308,283,40,40,50,61,61,61,78,153,172,183,183,213,213,213,315,315,334,334,209,228,242,92,117,131,176,176,189,189,14,65,65,65,65,65,14,48,48],"floor_reached":56,"playtime":3291,"items_purged":["Doubt","Perfected Strike","Strike_R","Strike_R","Deep Breath"],"score":1329,"play_id":"13137713-7cb8-4ae3-aa45-a2d164eec422","local_time":"20181122210348","is_ascension_mode":false,"campfire_choices":[{"floor":6.0,"key":"REST"},{"floor":11.0,"key":"RECALL"},{"data":"Bash","floor":15,"key":"SMITH"},{"data":"Feel No Pain","floor":23,"key":"SMITH"},{"floor":29,"key":"REST"},{"data":"Barricade","floor":32,"key":"SMITH"},{"data":"Offering","floor":44,"key":"SMITH"},{"data":"Deep Breath","floor":46,"key":"SMITH"},{"floor":49,"key":"REST"},{"data":"Body Slam","floor":52,"key":"SMITH"}],"neow_cost":"PERCENT_DAMAGE","seed_source_timestamp":0,"circlet_count":0,"master_deck":["Strike_R+1","Strike_R+1","Defend_R","Defend_R+1","Defend_R+1","Bash+1","Bandage Up","Blind","Finesse","Flame Barrier","Shrug It Off","Barricade+1","Dark Embrace+1","Corruption+1","Burning Pact+1","Feel No Pain+1","Body Slam+1","Clash+1","Trip","Deep Breath+1","Flash of Steel+1","Deep Breath","Bandage Up","Iron Wave+1","Sentinel+1","Offering+1","Feel No Pain+1","Rage","Parasite","Warcry+1"],"special_seed":0,"relics":["Burning Blood","Anchor","War Paint","Astrolabe","Oddly Smooth Stone","Bronze Scales","Cursed Key","Mummified Hand","Bag of Marbles","Peace Pipe","Whetstone"],"potions_floor_usage":[18,22,30,50,55],"damage_taken":[{"damage":8.0,"enemies":"Jaw Worm","floor":1.0,"turns":5.0},{"damage":0.0,"enemies":"Small Slimes","floor":7.0,"turns":5.0},{"damage":0.0,"enemies":"2 Louse","floor":8.0,"turns":2.0},{"damage":0.0,"enemies":"2 Fungi Beasts","floor":10.0,"turns":3.0},{"damage":56.0,"enemies":"3 Sentries","floor":12.0,"turns":7.0},{"damage":4,"enemies":"Gremlin Gang","floor":13,"turns":6},{"damage":7,"enemies":"Looter","floor":14,"turns":3},{"damage":25,"enemies":"The Guardian","floor":16,"turns":15},{"damage":7,"enemies":"2 Thieves","floor":18,"turns":5},{"damage":0,"enemies":"Chosen","floor":21,"turns":7},{"damage":2,"enemies":"Snake Plant","floor":22,"turns":5},{"damage":5,"enemies":"Snecko","floor":25,"turns":4},{"damage":10,"enemies":"Centurion and Healer","floor":27,"turns":8},{"damage":24,"enemies":"Sentry and Sphere","floor":28,"turns":5},{"damage":31,"enemies":"Slavers","floor":30,"turns":7},{"damage":64,"enemies":"Automaton","floor":33,"turns":12},{"damage":0,"enemies":"3 Darklings","floor":35,"turns":6},{"damage":9,"enemies":"Orb Walker","floor":38,"turns":3},{"damage":6,"enemies":"Spire Growth","floor":39,"turns":2},{"damage":6,"enemies":"Reptomancer","floor":41,"turns":3},{"damage":18,"enemies":"Maw","floor":42,"turns":4},{"damage":6,"enemies":"Jaw Worm Horde","floor":45,"turns":4},{"damage":27,"enemies":"2 Orb Walkers","floor":48,"turns":6},{"damage":6,"enemies":"Donu and Deca","floor":50,"turns":2},{"damage":18,"enemies":"Shield and Spear","floor":54,"turns":3},{"damage":29,"enemies":"The Heart","floor":55,"turns":7}],"seed_played":"708420715587739582","potions_obtained":[{"floor":1.0,"key":"Weak Potion"},{"floor":8.0,"key":"AttackPotion"},{"floor":10.0,"key":"SteroidPotion"},{"floor":12,"key":"SteroidPotion"},{"floor":18,"key":"SteroidPotion"},{"floor":28,"key":"AttackPotion"},{"floor":30,"key":"BloodPotion"},{"floor":48,"key":"PowerPotion"}],"is_trial":false,"path_per_floor":["M","?","?","$","?","R","M","M","T","M","R","E","E","M","M","R","B",null,"M","$","?","M","M","R","?","M","T","M","M","R","E","?","R","B",null,"M","?","$","M","M","$","E","M","T","R","M","R","$","?","R","B",null,"R","$","E","B",null],"character_chosen":"IRONCLAD","items_purchased":["Finesse","Oddly Smooth Stone","Dexterity Potion"],"campfire_rested":3,"item_purchase_floors":[4,19,53],"current_hp_per_floor":[58,42,42,42,42,66,76,80,80,80,80,34,40,43,43,28,80,79,79,79,80,80,80,24,33,33,37,27,51,34,60,60,10,80,80,80,80,77,80,80,80,76,76,76,80,80,80,59,80,80,80,80,80,76,61],"gold":48,"neow_bonus":"RANDOM_COLORLESS_2","is_prod":false,"is_daily":false,"chose_seed":false,"campfire_upgraded":6,"win_rate":0,"timestamp":1542920628,"path_taken":["M","?","?","$","?","R","M","M","T","M","R","E","M","M","R","BOSS","M","$","?","M","M","R","?","M","T","?","M","R","E","?","R","BOSS","M","?","$","M","M","$","E","M","T","R","M","R","$","?","R","BOSS","R","$","E","BOSS"],"build_version":"2018-11-15","purchased_purges":5,"victory":true,"max_hp_per_floor":[80,80,80,80,80,80,80,80,80,80,80,80,80,80,80,80,80,80,80,80,80,80,80,80,80,80,80,80,80,80,80,80,80,80,80,80,80,80,80,80,80,80,80,80,80,80,80,80,80,80,80,80,80,80,80],"card_choices":[{"not_picked":["Pommel Strike","Dual Wield"],"picked":"Perfected Strike","floor":7.0},{"not_picked":["Inflame","Infernal Blade"],"picked":"Perfected Strike","floor":8.0},{"not_picked":["Reckless Charge","Sword Boomerang","Clothesline"],"picked":"SKIP","floor":10.0},{"not_picked":["Havoc","Impervious"],"picked":"Flame Barrier","floor":12},{"not_picked":["Havoc","Searing Blow"],"picked":"Shrug It Off","floor":13},{"not_picked":["Armaments","Havoc"],"picked":"Warcry","floor":14},{"not_picked":["Dark Embrace","Reaper"],"picked":"Barricade","floor":16},{"not_picked":["Fire Breathing","Reckless Charge"],"picked":"Feel No Pain","floor":18},{"not_picked":["Uppercut","Inflame"],"picked":"Body Slam","floor":21},{"not_picked":["Ghostly Armor","Body Slam"],"picked":"Clash+1","floor":22},{"not_picked":["Sword Boomerang","Twin Strike"],"picked":"Iron Wave","floor":25},{"not_picked":["Burning Pact+1","Perfected Strike"],"picked":"Sentinel+1","floor":27},{"not_picked":["Whirlwind","Clash","Twin Strike"],"picked":"SKIP","floor":28},{"not_picked":["Power Through","Ghostly Armor","Limit Break"],"picked":"SKIP","floor":30},{"not_picked":["Fiend Fire","Double Tap"],"picked":"Offering","floor":33},{"not_picked":["Sentinel+1","Hemokinesis+1","Intimidate"],"picked":"SKIP","floor":35},{"not_picked":["Rampage+1","Wild Strike+1","Shrug It Off+1"],"picked":"SKIP","floor":38},{"not_picked":["Corruption+1","Sentinel+1","Heavy Blade"],"picked":"SKIP","floor":39},{"not_picked":["Wild Strike+1","Clash+1"],"picked":"Feel No Pain+1","floor":41},{"not_picked":["Whirlwind","Twin Strike+1"],"picked":"Rage","floor":42},{"not_picked":["Anger+1","Spot Weakness+1"],"picked":"Warcry+1","floor":45},{"not_picked":["Sentinel","Barricade","Double Tap"],"picked":"SKIP","floor":54}],"player_experience":328467,"relics_obtained":[{"floor":9.0,"key":"Anchor"},{"floor":12,"key":"War Paint"},{"floor":30,"key":"Bronze Scales"},{"floor":41,"key":"Mummified Hand"},{"floor":43,"key":"Bag of Marbles"},{"floor":48,"key":"Peace Pipe"},{"floor":54,"key":"Whetstone"}],"event_choices":[{"damage_healed":0.0,"max_hp_gain":0.0,"max_hp_loss":0.0,"gold_gain":0.0,"event_name":"Shining Light","player_choice":"Entered Light","floor":2.0,"gold_loss":0.0,"damage_taken":16.0,"cards_upgraded":["Strike_R","Strike_R"]},{"damage_healed":0.0,"max_hp_gain":0.0,"max_hp_loss":0.0,"gold_gain":175.0,"event_name":"Liars Game","player_choice":"AGREE","floor":3.0,"gold_loss":0.0,"damage_taken":0.0,"cards_obtained":["Doubt"]},{"cards_removed":["Strike_R"],"damage_healed":0.0,"max_hp_gain":0.0,"max_hp_loss":0.0,"gold_gain":0.0,"event_name":"The Cleric","player_choice":"Card Removal","floor":5.0,"gold_loss":50.0,"damage_taken":0.0},{"damage_healed":0,"gold_gain":0,"player_choice":"Ignored","damage_taken":0,"max_hp_gain":0,"max_hp_loss":0,"event_name":"Beggar","floor":20,"gold_loss":0},{"damage_healed":0,"gold_gain":0,"player_choice":"CARD CARD CARD CARD CARD CARD ","damage_taken":56,"max_hp_gain":0,"max_hp_loss":0,"event_name":"Knowing Skull","floor":24,"potions_obtained":[],"gold_loss":0,"cards_obtained":["Trip","Deep Breath","Flash of Steel","Deep Breath","Deep Breath","Bandage Up"]},{"damage_healed":26,"gold_gain":0,"player_choice":"Heal","damage_taken":0,"max_hp_gain":0,"max_hp_loss":0,"event_name":"The Library","floor":31,"gold_loss":0},{"damage_healed":0,"gold_gain":0,"player_choice":"Memory 1","damage_taken":0,"max_hp_gain":0,"max_hp_loss":0,"event_name":"SensoryStone","floor":36,"gold_loss":0},{"damage_healed":0,"gold_gain":0,"player_choice":"Fight","damage_taken":0,"max_hp_gain":0,"max_hp_loss":0,"event_name":"Mysterious Sphere","floor":48,"gold_loss":0}],"is_beta":true,"boss_relics":[{"not_picked":["Ectoplasm","Fusion Hammer"],"picked":"Astrolabe"},{"not_picked":["Runic Cube","Eternal Feather"],"picked":"Cursed Key"}],"items_purged_floors":[4,19,37,40,47],"is_endless":false,"potions_floor_spawned":[1,8,10,12,18,28,30,33,38,45,48],"ascension_level":0}