{"gold_per_floor":[99,99,99,99,99,99,99,99,99,99,24,24,24,24,24,24,24,24,24,24,24,24,24,24,24,24,24,24,24,24,24,24,24,24,24,24,24,24,24,24,24,24,24,24,24,24,24,24,24,24],"floor_reached":51,"playtime":2131,"items_purged":["Strike_B"],"score":916,"play_id":"1f922fcb-510b-45d1-a023-db7625abab62","local_time":"20190125173611","is_ascension_mode":true,"campfire_choices":[{"data":"Loop","floor":6.0,"key":"SMITH"},{"floor":8.0,"key":"REST"},{"floor":10.0,"key":"REST"},{"floor":15.0,"key":"REST"},{"floor":23.0,"key":"REST"},{"data":"Sunder","floor":25.0,"key":"SMITH"},{"data":"Electrodynamics","floor":27.0,"key":"SMITH"},{"floor":29.0,"key":"REST"},{"data":"Dualcast","floor":32.0,"key":"SMITH"},{"data":"Blind","floor":40,"key":"SMITH"},{"floor":44,"key":"REST"},{"floor":49,"key":"REST"}],"neow_cost":"NONE","seed_source_timestamp":0,"circlet_count":0,"master_deck":["Defend_B+1","Defend_B","Defend_B","Zap","Dualcast+1","Loop+1","Barrage","Electrodynamics+1","Echo Form","Hologram","Machine Learning","Skim","Sunder+1","Coolheaded+1","Reboot","Cold Snap","Conserve Battery+1","Echo Form","Blind+1","Self Repair+1","White Noise+1","Defragment+1"],"special_seed":0,"relics":["Ectoplasm","Emotion Chip","Mango","Ancient Tea Set","Centennial Puzzle","Tiny House","Bronze Scales","Pantograph","Lizard Tail","Ginger","Art of War","Gambling Chip"],"potions_floor_usage":[45,47,50],"damage_taken":[{"damage":0.0,"enemies":"Cultist","floor":1.0,"turns":3.0},{"damage":0.0,"enemies":"2 Louse","floor":4.0,"turns":2.0},{"damage":4.0,"enemies":"Small Slimes","floor":5.0,"turns":3.0},{"damage":63.0,"enemies":"Gremlin Nob","floor":7.0,"turns":6.0},{"damage":10.0,"enemies":"3 Sentries","floor":12.0,"turns":4.0},{"damage":0.0,"enemies":"3 Louse","floor":13.0,"turns":3.0},{"damage":0.0,"enemies":"Slime Boss","floor":16.0,"turns":5.0},{"damage":3.0,"enemies":"3 Byrds","floor":18.0,"turns":2.0},{"damage":17.0,"enemies":"Shell Parasite","floor":21.0,"turns":5.0},{"damage":8.0,"enemies":"Centurion and Healer","floor":22.0,"turns":5.0},{"damage":14.0,"enemies":"Snake Plant","floor":28.0,"turns":2.0},{"damage":7.0,"enemies":"Cultist and Chosen","floor":30.0,"turns":3.0},{"damage":13.0,"enemies":"Book of Stabbing","floor":31.0,"turns":9.0},{"damage":48.0,"enemies":"Champ","floor":33.0,"turns":9.0},{"damage":44.0,"enemies":"3 Darklings","floor":35.0,"turns":4.0},{"damage":0.0,"enemies":"Mind Bloom Boss Battle","floor":36.0,"turns":5.0},{"damage":7,"enemies":"Nemesis","floor":41,"turns":9},{"damage":6,"enemies":"3 Shapes","floor":42,"turns":3},{"damage":35,"enemies":"Jaw Worm Horde","floor":45,"turns":3},{"damage":41,"enemies":"Transient","floor":47,"turns":5},{"damage":53,"enemies":"Donu and Deca","floor":50,"turns":7}],"seed_played":"-6446334131550362550","potions_obtained":[{"floor":4.0,"key":"Energy Potion"},{"floor":7.0,"key":"PowerPotion"},{"floor":17.0,"key":"SteroidPotion"},{"floor":28.0,"key":"Swift Potion"},{"floor":31.0,"key":"SteroidPotion"},{"floor":36.0,"key":"Regen Potion"},{"floor":47,"key":"Swift Potion"}],"is_trial":false,"path_per_floor":["M","?","?","M","M","R","E","R","T","R","$","E","M","?","R","B",null,"M","?","?","M","M","R","?","R","T","R","M","R","M","E","R","B",null,"M","?","?","$","?","R","E","M","T","R","M","$","M","$","R","B",null],"character_chosen":"DEFECT","items_purchased":[],"campfire_rested":7,"item_purchase_floors":[],"current_hp_per_floor":[75,68,68,68,64,64,1,23,37,63,63,53,53,53,79,79,94,91,72,72,55,47,76,76,76,76,76,62,91,84,71,71,48,99,55,80,80,80,80,80,73,67,67,96,81,81,50,50,79,61],"gold":24,"neow_bonus":"BOSS_RELIC","is_prod":false,"is_daily":false,"chose_seed":false,"campfire_upgraded":5,"win_rate":0,"timestamp":1548455771,"path_taken":["M","?","?","M","?","R","E","R","T","R","$","E","?","?","R","BOSS","M","?","?","?","?","R","?","R","T","R","M","R","M","E","R","BOSS","M","?","?","$","?","R","E","M","T","R","M","$","?","$","R","BOSS"],"build_version":"2019-01-23","purchased_purges":1,"victory":true,"max_hp_per_floor":[75,75,75,75,75,75,75,75,89,89,89,89,89,89,89,89,94,94,99,99,99,99,99,99,99,99,99,99,99,99,99,99,99,99,99,99,99,99,99,99,99,99,99,99,99,99,99,99,99,99],"card_choices":[{"not_picked":["Beam Cell","Darkness","Rebound"],"picked":"SKIP","floor":1.0},{"not_picked":["Fusion","Rebound"],"picked":"Loop","floor":4.0},{"not_picked":["Redo","Stack"],"picked":"Barrage","floor":5.0},{"not_picked":["Beam Cell","Coolheaded"],"picked":"Electrodynamics","floor":7.0},{"not_picked":["Sweeping Beam","Redo"],"picked":"Echo Form","floor":12.0},{"not_picked":["Steam","Streamline"],"picked":"Hologram","floor":13.0},{"not_picked":["All For One","Hyperbeam"],"picked":"Machine Learning","floor":16.0},{"not_picked":["Sweeping Beam","Blizzard"],"picked":"Skim","floor":17.0},{"not_picked":["Streamline","Rebound","Blizzard+1"],"picked":"SKIP","floor":18.0},{"not_picked":["Streamline","Steam+1"],"picked":"Sunder","floor":21.0},{"not_picked":["Beam Cell","Machine Learning"],"picked":"Coolheaded+1","floor":22.0},{"not_picked":["Ball Lightning","Compile Driver+1","Fusion+1"],"picked":"SKIP","floor":28.0},{"not_picked":["Rebound","Tempest","Aggregate"],"picked":"SKIP","floor":30.0},{"not_picked":["Double Energy","Reinforced Body"],"picked":"Conserve Battery+1","floor":31.0},{"not_picked":["Biased Cognition","Seek"],"picked":"Echo Form","floor":33.0},{"not_picked":["Coolheaded","Sweeping Beam+1","Streamline"],"picked":"SKIP","floor":35.0},{"not_picked":["Dramatic Entrance","Purity"],"picked":"Blind","floor":37.0},{"not_picked":["Electrodynamics","Turbo","Heatsinks+1"],"picked":"SKIP","floor":41},{"not_picked":["Turbo+1","Barrage"],"picked":"Self Repair+1","floor":42},{"not_picked":["Doom and Gloom","Steam+1"],"picked":"White Noise+1","floor":45},{"not_picked":["Auto Shields","White Noise"],"picked":"Defragment+1","floor":47}],"player_experience":142134,"relics_obtained":[{"floor":7.0,"key":"Emotion Chip"},{"floor":9.0,"key":"Mango"},{"floor":12.0,"key":"Ancient Tea Set"},{"floor":26.0,"key":"Bronze Scales"},{"floor":31.0,"key":"Pantograph"},{"floor":36.0,"key":"Ginger"},{"floor":41,"key":"Art of War"},{"floor":43,"key":"Gambling Chip"}],"event_choices":[{"cards_removed":["Strike_B"],"damage_healed":0.0,"max_hp_gain":0.0,"max_hp_loss":0.0,"gold_gain":0.0,"event_name":"Golden Wing","player_choice":"Card Removal","floor":2.0,"gold_loss":0.0,"damage_taken":7.0},{"damage_healed":0.0,"max_hp_gain":0.0,"max_hp_loss":0.0,"gold_gain":0.0,"event_name":"The Woman in Blue","player_choice":"Bought 0 Potions","floor":3.0,"gold_loss":0.0,"damage_taken":0.0},{"damage_healed":0.0,"max_hp_gain":0.0,"max_hp_loss":0.0,"gold_gain":0.0,"event_name":"Dead Adventurer","player_choice":"Searched \u00272\u0027 times","floor":14.0,"gold_loss":0.0,"damage_taken":0.0,"relics_obtained":["Centennial Puzzle"]},{"damage_healed":0.0,"max_hp_gain":5.0,"max_hp_loss":0.0,"gold_gain":0.0,"event_name":"Forgotten Altar","player_choice":"Shed Blood","floor":19.0,"gold_loss":0.0,"damage_taken":24.0},{"cards_removed":["Strike_B"],"damage_healed":0.0,"max_hp_gain":0.0,"max_hp_loss":0.0,"gold_gain":0.0,"event_name":"Purifier","player_choice":"Purged","floor":20.0,"gold_loss":0.0,"damage_taken":0.0},{"damage_healed":0.0,"max_hp_gain":0.0,"max_hp_loss":0.0,"gold_gain":0.0,"cards_transformed":["Strike_B","Defend_B"],"event_name":"Drug Dealer","player_choice":"Became Test Subject","floor":24.0,"gold_loss":0.0,"damage_taken":0.0,"cards_obtained":["Reboot","Cold Snap"]},{"damage_healed":0.0,"max_hp_gain":0.0,"max_hp_loss":0.0,"gold_gain":0.0,"event_name":"MindBloom","player_choice":"Fight","floor":36.0,"gold_loss":0.0,"damage_taken":0.0},{"damage_healed":0.0,"max_hp_gain":0.0,"max_hp_loss":0.0,"gold_gain":0.0,"event_name":"SensoryStone","player_choice":"Memory 1","floor":37.0,"gold_loss":0.0,"damage_taken":0.0},{"damage_healed":0,"gold_gain":0,"player_choice":"Leave","damage_taken":0,"max_hp_gain":0,"max_hp_loss":0,"event_name":"FaceTrader","floor":39,"gold_loss":0}],"is_beta":false,"boss_relics":[{"not_picked":["Calling Bell","Busted Crown"],"picked":"Tiny House"},{"not_picked":["Coffee Dripper","Runic Dome"],"picked":"Lizard Tail"}],"items_purged_floors":[11],"is_endless":false,"potions_floor_spawned":[4,7,28,31,36,41,47],"ascension_level":4}