{"gold_per_floor":[119,135,135,152,19,19,45,64,64,64,64,74,74,90,90,164,164,177,192,107,32,48,48,64,64,64,64,64,98,116,116,116,190,190,202,202,202,216,12,43,43,43,111,111,111],"floor_reached":45,"playtime":1774,"items_purged":["Perfected Strike"],"score":784,"play_id":"828d2a8f-dac4-46a3-9835-10d7aacb702b","local_time":"20190203222526","is_ascension_mode":true,"campfire_choices":[{"data":"Blind","floor":6,"key":"SMITH"},{"data":"Body Slam","floor":10,"key":"SMITH"},{"data":"True Grit","floor":13,"key":"SMITH"},{"data":"Spot Weakness","floor":15,"key":"SMITH"},{"data":"Entrench","floor":23,"key":"SMITH"},{"data":"Evolve","floor":25,"key":"SMITH"},{"floor":32,"key":"REST"},{"data":"Discovery","floor":41,"key":"SMITH"},{"floor":44,"key":"REST"}],"neow_cost":"NONE","seed_source_timestamp":197904433045031,"circlet_count":0,"master_deck":["AscendersBane","Bash","Blind+1","Spot Weakness+1","Anger","Flash of Steel","Shrug It Off","Body Slam+1","True Grit+1","Power Through","Dropkick","Demon Form","Clash","Entrench+1","Exhume","Ghostly Armor","Evolve+1","Twin Strike","Flex","Rage","Wild Strike","Juggernaut","Infernal Blade","Barricade","Discovery","Discovery+1","Feel No Pain+1","Wild Strike"],"relics":["Burning Blood","Blood Vial","Mercury Hourglass","Pandora\u0027s Box","Ornamental Fan","Pantograph","Nloth\u0027s Gift","Strawberry","Ice Cream","Black Star","Oddly Smooth Stone","Regal Pillow","Omamori","Frozen Egg 2"],"potions_floor_usage":[7,7,18,29,29,35],"damage_taken":[{"damage":2,"enemies":"Cultist","floor":1,"turns":5},{"damage":7,"enemies":"Jaw Worm","floor":2,"turns":3},{"damage":9,"enemies":"2 Louse","floor":4,"turns":3},{"damage":13,"enemies":"Gremlin Nob","floor":7,"turns":3},{"damage":3,"enemies":"Exordium Thugs","floor":8,"turns":5},{"damage":8,"enemies":"3 Louse","floor":12,"turns":2},{"damage":8,"enemies":"Lots of Slimes","floor":14,"turns":4},{"damage":29,"enemies":"The Guardian","floor":16,"turns":12},{"damage":11,"enemies":"2 Thieves","floor":18,"turns":5},{"damage":12,"enemies":"Shell Parasite","floor":19,"turns":5},{"damage":6,"enemies":"Centurion and Healer","floor":22,"turns":6},{"damage":29,"enemies":"Snake Plant","floor":24,"turns":6},{"damage":30,"enemies":"Slavers","floor":29,"turns":6},{"damage":18,"enemies":"Chosen and Byrds","floor":30,"turns":6},{"damage":46,"enemies":"Collector","floor":33,"turns":8},{"damage":15,"enemies":"3 Shapes","floor":35,"turns":4},{"damage":7,"enemies":"Orb Walker","floor":38,"turns":4},{"damage":44,"enemies":"Nemesis","floor":40,"turns":11},{"damage":103,"enemies":"Giant Head","floor":45,"turns":8}],"seed_played":"-4868202993276650519","potions_obtained":[{"floor":2,"key":"Explosive Potion"},{"floor":4,"key":"AttackPotion"},{"floor":12,"key":"EssenceOfSteel"},{"floor":14,"key":"Block Potion"},{"floor":19,"key":"Ancient Potion"},{"floor":30,"key":"SpeedPotion"},{"floor":33,"key":"AttackPotion"}],"is_trial":false,"path_per_floor":["M","M","?","M","$","R","E","M","T","R","?","M","R","M","R","B",null,"M","M","?","$","M","R","M","R","T","$","?","E","M","T","R","B",null,"M","?","?","M","$","E","R","?","T","R","E"],"character_chosen":"IRONCLAD","items_purchased":["Flash of Steel","Shrug It Off","Oddly Smooth Stone","Wild Strike"],"campfire_rested":2,"item_purchase_floors":[5,5,39,39],"current_hp_per_floor":[72,71,68,67,67,67,62,67,67,67,72,72,72,72,72,51,73,70,66,66,66,68,68,47,47,47,47,47,32,22,22,48,35,74,67,67,57,58,58,22,22,44,44,85,0],"gold":111,"neow_bonus":"RANDOM_COLORLESS","is_prod":false,"is_daily":false,"chose_seed":false,"campfire_upgraded":7,"win_rate":0,"timestamp":1549232726,"path_taken":["M","?","?","M","$","R","E","M","T","R","?","M","R","M","R","BOSS","M","M","?","$","M","R","M","R","T","$","?","E","?","?","R","BOSS","M","?","?","M","$","E","R","?","T","R","E"],"build_version":"2019-01-23","purchased_purges":1,"victory":false,"max_hp_per_floor":[75,75,75,75,75,75,75,75,75,75,80,80,80,80,80,80,80,80,80,80,80,80,80,80,80,80,80,80,87,87,87,87,87,87,87,87,87,87,87,87,87,87,87,87,87],"card_choices":[{"not_picked":["Infernal Blade","Sentinel"],"picked":"Spot Weakness","floor":1},{"not_picked":["Burning Pact","Sentinel"],"picked":"Anger","floor":2},{"not_picked":["Pommel Strike","Twin Strike","Spot Weakness"],"picked":"SKIP","floor":4},{"not_picked":["Havoc","Carnage"],"picked":"Body Slam","floor":7},{"not_picked":["Spot Weakness","Heavy Blade"],"picked":"True Grit","floor":8},{"not_picked":["Headbutt","Sword Boomerang"],"picked":"Power Through","floor":12},{"not_picked":["Carnage","Twin Strike","Clothesline"],"picked":"SKIP","floor":14},{"not_picked":["Heavy Blade","Perfected Strike+1"],"picked":"Flex","floor":18},{"not_picked":["Anger","Body Slam"],"picked":"Rage","floor":19},{"not_picked":["Iron Wave","Carnage","Heavy Blade"],"picked":"SKIP","floor":22},{"not_picked":["Flame Barrier","Perfected Strike"],"picked":"Wild Strike","floor":24},{"not_picked":["Wild Strike","Searing Blow"],"picked":"Juggernaut","floor":29},{"not_picked":["Iron Wave","Anger"],"picked":"Infernal Blade","floor":30},{"not_picked":["Juggernaut","Reaper"],"picked":"Barricade","floor":33},{"not_picked":["Shrug It Off","Body Slam","Perfected Strike"],"picked":"SKIP","floor":35},{"not_picked":["Purity","Madness"],"picked":"Discovery","floor":37},{"not_picked":["Deep Breath","Good Instincts"],"picked":"Discovery","floor":37},{"not_picked":["Pommel Strike","Thunderclap+1"],"picked":"Feel No Pain+1","floor":38},{"not_picked":["Sword Boomerang","Fiend Fire","Clash"],"picked":"SKIP","floor":40}],"player_experience":552571,"relics_obtained":[{"floor":7,"key":"Mercury Hourglass"},{"floor":9,"key":"Orichalcum"},{"floor":26,"key":"Pantograph"},{"floor":29,"key":"Strawberry"},{"floor":31,"key":"Ice Cream"},{"floor":40,"key":"Regal Pillow"},{"floor":40,"key":"Omamori"},{"floor":43,"key":"Frozen Egg 2"}],"event_choices":[{"damage_healed":0,"gold_gain":0,"player_choice":"Success","damage_taken":3,"relics_obtained":["Blood Vial"],"max_hp_gain":0,"max_hp_loss":0,"event_name":"Scrap Ooze","floor":3,"gold_loss":0},{"damage_healed":0,"gold_gain":0,"player_choice":"Donut","damage_taken":0,"max_hp_gain":5,"max_hp_loss":0,"event_name":"Big Fish","floor":11,"gold_loss":0},{"damage_healed":0,"gold_gain":0,"player_choice":"Obtained Relic","damage_taken":0,"relics_obtained":["Ornamental Fan"],"max_hp_gain":0,"max_hp_loss":0,"event_name":"Addict","floor":20,"gold_loss":85},{"damage_healed":0,"gold_gain":0,"player_choice":"Traded Relic","damage_taken":0,"relics_obtained":["Nloth\u0027s Gift"],"max_hp_gain":0,"max_hp_loss":0,"event_name":"N\u0027loth","floor":28,"relics_lost":["Orichalcum"],"gold_loss":0},{"damage_healed":0,"gold_gain":0,"player_choice":"Ignored","damage_taken":0,"max_hp_gain":0,"max_hp_loss":0,"event_name":"Tomb of Lord Red Mask","floor":36,"gold_loss":0},{"damage_healed":0,"gold_gain":0,"player_choice":"Memory 3","damage_taken":10,"max_hp_gain":0,"max_hp_loss":0,"event_name":"SensoryStone","floor":37,"gold_loss":0},{"damage_healed":22,"gold_gain":0,"player_choice":"Writhe","damage_taken":0,"max_hp_gain":0,"max_hp_loss":0,"event_name":"Winding Halls","floor":42,"gold_loss":0,"cards_obtained":["Writhe"]}],"is_beta":true,"boss_relics":[{"not_picked":["Runic Cube","Cursed Key"],"picked":"Pandora\u0027s Box"},{"not_picked":["White Beast Statue","Lizard Tail"],"picked":"Black Star"}],"items_purged_floors":[21],"is_endless":false,"potions_floor_spawned":[2,4,12,14,19,30,33],"killed_by":"Giant Head","ascension_level":14}