{"path_per_floor":["M","?","$","?","M","R","E","?","T","?","$","E","$","M","R","B",null,"M","?","?","M","M","E","R","E","T","R"],"character_chosen":"IRONCLAD","items_purchased":["Rupture+1","Bronze Scales"],"gold_per_floor":[15,15,15,15,33,33,64,64,64,239,22,58,58,74,74,199,199,213,213,213,237,253,288,288,323,323,323,323],"floor_reached":28,"campfire_rested":1,"playtime":1022,"item_purchase_floors":[11,11],"current_hp_per_floor":[70,50,50,43,44,44,23,23,23,23,23,16,16,24,48,33,80,73,73,73,80,51,63,63,37,37,37,0],"items_purged":[],"gold":323,"score":330,"play_id":"903a3dae-f2db-40b4-ae43-75fb1b7011dc","local_time":"20180527110957","is_prod":false,"is_daily":false,"chose_seed":false,"is_ascension_mode":true,"campfire_upgraded":3,"win_rate":0,"timestamp":1527415797,"campfire_choices":[{"data":"Shockwave","floor":6,"key":"SMITH"},{"floor":15,"key":"REST"},{"data":"True Grit","floor":24,"key":"SMITH"},{"data":"Immolate","floor":27,"key":"SMITH"}],"path_taken":["M","?","$","?","M","R","E","?","T","?","$","E","?","?","R","BOSS","M","?","?","?","M","E","R","E","T","R","E"],"build_version":"2018-05-25","seed_source_timestamp":1211229594495911,"purchased_purges":0,"victory":false,"master_deck":["Strike_R","Strike_R","Strike_R","Strike_R","Defend_R+1","Defend_R","Defend_R","Defend_R+1","Bash","Twin Strike","Shockwave+1","Rage+1","Doubt","Rupture+1","Cleave","Flex","Immolate+1","True Grit+1","Heavy Blade","Inflame+1","Warcry","Feel No Pain+1","Dual Wield"],"max_hp_per_floor":[80,80,80,80,80,80,80,80,80,80,80,80,80,80,80,80,80,80,80,80,80,80,80,80,80,80,80,80],"relics":["Black Blood","Du-Vu Doll","Golden Idol","War Paint","Blood Vial","Frozen Egg 2","Bronze Scales","Orichalcum","Boot","Bag of Preparation","Bottled Flame"],"card_choices":[{"not_picked":["Perfected Strike","Havoc"],"picked":"Twin Strike","floor":1},{"not_picked":["Feel No Pain","Perfected Strike"],"picked":"Shockwave","floor":5},{"not_picked":["Pummel","Thunderclap"],"picked":"Rage","floor":7},{"not_picked":["Headbutt","Wild Strike"],"picked":"Cleave","floor":12},{"not_picked":["Sentinel","Headbutt"],"picked":"Flex","floor":14},{"not_picked":["Juggernaut+1","Feed"],"picked":"Immolate","floor":16},{"not_picked":["Entrench","Armaments"],"picked":"True Grit","floor":18},{"not_picked":["Headbutt","Thunderclap+1"],"picked":"Inflame+1","floor":21},{"not_picked":["Armaments","Iron Wave+1"],"picked":"Warcry","floor":22},{"not_picked":["Armaments","Headbutt"],"picked":"Feel No Pain+1","floor":23},{"not_picked":["Iron Wave+1","Armaments"],"picked":"Dual Wield","floor":25}],"player_experience":197259,"potions_floor_usage":[12,18,22,25],"damage_taken":[{"damage":16,"enemies":"Small Slimes","floor":1,"turns":5},{"damage":5,"enemies":"2 Louse","floor":5,"turns":3},{"damage":27,"enemies":"Gremlin Nob","floor":7,"turns":5},{"damage":15,"enemies":"Lagavulin","floor":12,"turns":8},{"damage":0,"enemies":"Jaw Worm","floor":14,"turns":3},{"damage":23,"enemies":"The Guardian","floor":16,"turns":14},{"damage":17,"enemies":"Spheric Guardian","floor":18,"turns":4},{"damage":2,"enemies":"3 Byrds","floor":21,"turns":3},{"damage":47,"enemies":"Slaver and Parasite","floor":22,"turns":5},{"damage":0,"enemies":"Gremlin Leader","floor":23,"turns":8},{"damage":38,"enemies":"Slavers","floor":25,"turns":5},{"damage":45,"enemies":"Gremlin Leader","floor":28,"turns":6}],"relics_obtained":[{"floor":7,"key":"Blood Vial"},{"floor":9,"key":"Frozen Egg 2"},{"floor":12,"key":"Orichalcum"},{"floor":23,"key":"Boot"},{"floor":25,"key":"Bag of Preparation"},{"floor":26,"key":"Bottled Flame"}],"event_choices":[{"event_name":"Golden Idol","player_choice":"Take Damage","floor":2,"damage_taken":0},{"event_name":"Scrap Ooze","player_choice":"success","floor":4,"damage_taken":7},{"event_name":"Upgrade Shrine","player_choice":"Upgraded","floor":8,"damage_taken":0},{"event_name":"Liars Game","player_choice":"agreed","floor":10,"damage_taken":0},{"event_name":"The Library","player_choice":"Read","floor":19,"damage_taken":0},{"event_name":"Back to Basics","player_choice":"Elegance","floor":20,"damage_taken":0}],"boss_relics":[{"not_picked":["Runic Cube","Eternal Feather"],"picked":"Black Blood"}],"items_purged_floors":[],"potions_floor_spawned":[5,12,18,23,25],"seed_played":"2925803739324674187","killed_by":"Gremlin Leader","ascension_level":3,"potions_obtained":[{"floor":5,"key":"LiquidBronze"},{"floor":12,"key":"GamblersBrew"},{"floor":18,"key":"BloodPotion"},{"floor":23,"key":"EssenceOfSteel"},{"floor":25,"key":"FearPotion"}],"is_trial":false}