{"path_per_floor":["M","?","?","M","M","R","E","M","T","$","M","M","R","?","R","B",null,"M","M","M","M","M","R","$","?","T","M","R","?","M","E","R"],"character_chosen":"DEFECT","items_purchased":["Potion Belt","Self Repair","Flash of Steel","Thinking Ahead"],"gold_per_floor":[114,189,189,204,219,219,249,264,264,3,18,33,33,33,33,133,133,148,163,178,193,208,208,5,5,5,20,20,20,35,65,65,65],"floor_reached":33,"campfire_rested":0,"playtime":1803,"item_purchase_floors":[10,10,10,24],"current_hp_per_floor":[75,64,70,70,66,66,65,65,65,65,69,74,74,71,71,70,99,91,91,81,83,68,68,68,68,74,64,64,64,67,46,46,0],"items_purged":["Defend_B"],"gold":65,"score":496,"play_id":"9239da87-9294-4a2a-b84a-65d410aaf3f4","local_time":"20180603175721","daily_mods":["Brewmaster","Cursed Run","Uncertain Future"],"is_prod":false,"is_daily":true,"chose_seed":false,"is_ascension_mode":false,"campfire_upgraded":6,"win_rate":0,"timestamp":1528045041,"campfire_choices":[{"data":"Dualcast","floor":6,"key":"SMITH"},{"data":"Glacier","floor":13,"key":"SMITH"},{"data":"Beam Cell","floor":15,"key":"SMITH"},{"data":"Chill","floor":23,"key":"SMITH"},{"data":"BootSequence","floor":28,"key":"SMITH"},{"data":"Chill","floor":32,"key":"SMITH"}],"path_taken":["M","?","?","M","M","R","E","M","T","$","M","M","R","?","R","BOSS","M","M","M","M","M","R","$","?","T","?","R","?","M","E","R","BOSS"],"build_version":"2018-05-30v2","seed_source_timestamp":0,"purchased_purges":1,"victory":false,"master_deck":["Strike_B","Strike_B","Strike_B","Strike_B","Defend_B","Defend_B","Defend_B","Zap","Dualcast+1","Venomology","Venomology","Venomology","Venomology","Venomology","Beam Cell+1","Regret","Cold Snap","Cold Snap","Hologram","Fusion","Self Repair","Flash of Steel","FTL","Glacier+1","Echo Form","Pain","Pain","Normality","Chill+1","Sweeping Beam+1","White Noise+1","Barrage+1","Thinking Ahead","Clumsy","BootSequence+1","Chill+1","Chaos"],"max_hp_per_floor":[75,75,81,81,81,81,81,81,81,81,81,81,81,81,81,81,99,99,99,99,99,99,99,99,99,105,105,105,105,105,105,105,105],"relics":["Cursed Key","Darkstone Periapt","Du-Vu Doll","White Beast Statue","Omamori","Happy Flower","The Courier","Potion Belt","Bronze Scales","Calling Bell","Ancient Tea Set","Molten Egg 2","Thread and Needle","Toolbox","Mummified Hand"],"card_choices":[{"not_picked":["Ball Lightning","Redo"],"picked":"Beam Cell","floor":1},{"not_picked":["Compile Driver","Conserve Battery"],"picked":"Cold Snap","floor":4},{"not_picked":["Aggregate","Rebound"],"picked":"Cold Snap","floor":5},{"not_picked":["Streamline","Buffer"],"picked":"Hologram","floor":7},{"not_picked":["Chaos","Sweeping Beam"],"picked":"Fusion","floor":8},{"not_picked":["Genetic Algorithm","Lockon"],"picked":"FTL","floor":11},{"not_picked":["Turbo","Beam Cell"],"picked":"Glacier","floor":12},{"not_picked":["Multi-Cast","Machine Learning"],"picked":"Echo Form","floor":16},{"not_picked":["Compile Driver+1","Hello World"],"picked":"Chill","floor":18},{"not_picked":["Doom and Gloom+1","Loop","Fusion+1"],"picked":"SKIP","floor":19},{"not_picked":["Darkness","Stack"],"picked":"Sweeping Beam+1","floor":20},{"not_picked":["Ball Lightning+1","Rebound+1"],"picked":"White Noise+1","floor":21},{"not_picked":["Double Energy","Undo"],"picked":"Barrage+1","floor":22},{"not_picked":["Turbo","Chaos"],"picked":"BootSequence","floor":27},{"not_picked":["Beam Cell+1","Cold Snap+1"],"picked":"Chill","floor":30},{"not_picked":["Turbo+1","Cold Snap+1"],"picked":"Chaos","floor":31}],"player_experience":234250,"potions_floor_usage":[1,1,4,4,5,5,5,5,7,7,7,7,7,7,7,8,8,11,11,12,12,12,12,12,16,16,16,16,16,16,18,18,18,18,18,18,18,19,19,19,19,20,21,21,22,22,22,22,22,27,27,27,30,30,30,30,31,31,31,33,33,33,33,33,33,33,33,33,33,33,33,33,33,33,33],"damage_taken":[{"damage":0,"enemies":"Small Slimes","floor":1,"turns":3},{"damage":0,"enemies":"2 Louse","floor":4,"turns":2},{"damage":4,"enemies":"Jaw Worm","floor":5,"turns":3},{"damage":1,"enemies":"3 Sentries","floor":7,"turns":4},{"damage":0,"enemies":"3 Louse","floor":8,"turns":3},{"damage":3,"enemies":"Looter","floor":11,"turns":4},{"damage":2,"enemies":"Large Slime","floor":12,"turns":5},{"damage":8,"enemies":"The Guardian","floor":16,"turns":8},{"damage":15,"enemies":"2 Thieves","floor":18,"turns":3},{"damage":7,"enemies":"Spheric Guardian","floor":19,"turns":4},{"damage":17,"enemies":"Snake Plant","floor":20,"turns":4},{"damage":5,"enemies":"Centurion and Healer","floor":21,"turns":5},{"damage":22,"enemies":"Slaver and Parasite","floor":22,"turns":5},{"damage":17,"enemies":"Snake Plant","floor":27,"turns":3},{"damage":26,"enemies":"Cultist and Chosen","floor":30,"turns":7},{"damage":28,"enemies":"Book of Stabbing","floor":31,"turns":4},{"damage":64,"enemies":"Collector","floor":33,"turns":6}],"relics_obtained":[{"floor":7,"key":"Happy Flower"},{"floor":9,"key":"The Courier"},{"floor":17,"key":"Ancient Tea Set"},{"floor":17,"key":"Molten Egg 2"},{"floor":17,"key":"Thread and Needle"},{"floor":26,"key":"Toolbox"},{"floor":31,"key":"Mummified Hand"}],"event_choices":[{"event_name":"World of Goop","player_choice":"Gather Gold","floor":2,"damage_taken":0},{"event_name":"Big Fish","player_choice":"Box","floor":3,"damage_taken":0},{"event_name":"Scrap Ooze","player_choice":"success","floor":14,"damage_taken":3},{"event_name":"Ghosts","player_choice":"Ignored","floor":25,"damage_taken":0},{"event_name":"Addict","player_choice":"Ignored","floor":29,"damage_taken":0}],"boss_relics":[{"not_picked":["Lizard Tail","Eternal Feather"],"picked":"Calling Bell"}],"items_purged_floors":[24],"potions_floor_spawned":[1,4,5,7,8,11,12,16,18,19,20,21,22,27,30,31],"seed_played":"8893598992173634706","killed_by":"Collector","ascension_level":0,"potions_obtained":[{"floor":4,"key":"FocusPotion"},{"floor":5,"key":"Explosive Potion"},{"floor":7,"key":"LiquidBronze"},{"floor":11,"key":"Explosive Potion"},{"floor":12,"key":"Poison Potion"},{"floor":16,"key":"Ancient Potion"},{"floor":19,"key":"SteroidPotion"},{"floor":20,"key":"Block Potion"},{"floor":21,"key":"Explosive Potion"},{"floor":22,"key":"FocusPotion"},{"floor":27,"key":"SpeedPotion"},{"floor":30,"key":"Swift Potion"}],"is_trial":false}