{"path_per_floor":["M","M","$","$","M","R","E","M","T","M","?","M","M","?","R","B",null,"M","$","M","?","M","E","R","E","T","?","M","M","?","M","R"],"character_chosen":"IRONCLAD","items_purchased":["Infernal Blade","Infernal Blade","Du-Vu Doll"],"gold_per_floor":[216,230,163,11,31,31,65,84,164,176,176,188,200,200,200,300,300,313,20,34,0,13,45,45,80,104,19,32,43,293,312,312,312],"floor_reached":33,"campfire_rested":1,"playtime":1649,"item_purchase_floors":[],"current_hp_per_floor":[80,80,80,80,77,77,71,40,40,42,42,43,40,40,40,13,80,57,57,63,63,59,65,65,21,21,21,19,28,28,18,42,0],"items_purged":["Strike_R"],"gold":312,"score":335,"play_id":"34e9280d-88c4-4bec-b7f9-82ca1e556587","local_time":"20180527094716","is_prod":false,"is_daily":false,"chose_seed":false,"is_ascension_mode":true,"campfire_upgraded":3,"win_rate":0,"timestamp":1527410836,"campfire_choices":[{"data":"Bash","floor":6.0,"key":"SMITH"},{"data":"Demon Form","floor":15.0,"key":"SMITH"},{"data":"Rupture","floor":24.0,"key":"SMITH"},{"floor":32.0,"key":"REST"}],"path_taken":["M","?","?","$","?","R","E","M","T","?","?","M","M","?","R","BOSS","M","$","M","?","M","E","R","E","T","?","M","M","?","M","R","BOSS"],"build_version":"2018-05-25","seed_source_timestamp":0,"purchased_purges":1,"victory":false,"master_deck":["Strike_R","Strike_R","Strike_R","Defend_R","Defend_R","Defend_R","Defend_R","Bash+1","Heavy Blade","Flex","Infernal Blade","Infernal Blade","Rupture+1","Ghostly Armor","Regret","Bloodletting","Demon Form+1","Heavy Blade","Limit Break","Warcry","Whirlwind","Hemokinesis","Feel No Pain","Parasite","Warcry","Regret","Immolate","Armaments+1"],"max_hp_per_floor":[80,80,80,80,80,80,80,80,80,80,80,80,80,80,80,80,80,80,80,80,80,80,80,80,80,80,80,80,80,80,80,80,80],"relics":["Burning Blood","Sundial","Letter Opener","Oddly Smooth Stone","Cursed Key","Du-Vu Doll","Blue Candle","Dream Catcher","Ancient Tea Set","Frozen Egg 2"],"card_choices":[{"not_picked":["Havoc","Sever Soul"],"picked":"Heavy Blade","floor":1.0},{"not_picked":["Shockwave","Clash"],"picked":"Flex","floor":2.0},{"not_picked":["True Grit","Anger","Wild Strike"],"picked":"SKIP","floor":5.0},{"not_picked":["True Grit","Sword Boomerang"],"picked":"Rupture","floor":7.0},{"not_picked":["Clothesline","Headbutt"],"picked":"Ghostly Armor","floor":8.0},{"not_picked":["Clothesline","Sword Boomerang","Pommel Strike"],"picked":"SKIP","floor":10.0},{"not_picked":["Whirlwind","Cleave"],"picked":"Bloodletting","floor":12.0},{"not_picked":["Infernal Blade","Twin Strike"],"picked":"Demon Form","floor":13.0},{"not_picked":["Impervious","Double Tap"],"picked":"Limit Break","floor":16.0},{"not_picked":["Perfected Strike","Ghostly Armor"],"picked":"Warcry","floor":18.0},{"not_picked":["Warcry","Carnage"],"picked":"Whirlwind","floor":20.0},{"not_picked":["Sword Boomerang","Iron Wave"],"picked":"Hemokinesis","floor":22.0},{"not_picked":["Heavy Blade","Evolve"],"picked":"Feel No Pain","floor":23.0},{"not_picked":["Headbutt","Shrug It Off","Bloodletting"],"picked":"SKIP","floor":25.0},{"not_picked":["Clothesline+1","Shrug It Off"],"picked":"Warcry","floor":28.0},{"not_picked":["Iron Wave","Anger+1","Clothesline"],"picked":"SKIP","floor":29.0},{"not_picked":["Cleave","Body Slam"],"picked":"Immolate","floor":31.0},{"not_picked":["True Grit+1","Warcry"],"picked":"Armaments+1","floor":32.0}],"player_experience":191739,"potions_floor_usage":[],"damage_taken":[{"damage":1.0,"enemies":"Cultist","floor":1.0,"turns":3.0},{"damage":6.0,"enemies":"2 Louse","floor":2.0,"turns":3.0},{"damage":9.0,"enemies":"Jaw Worm","floor":5.0,"turns":4.0},{"damage":12.0,"enemies":"3 Sentries","floor":7.0,"turns":8.0},{"damage":37.0,"enemies":"Large Slime","floor":8.0,"turns":7.0},{"damage":4.0,"enemies":"3 Louse","floor":10.0,"turns":2.0},{"damage":5.0,"enemies":"Gremlin Gang","floor":12.0,"turns":4.0},{"damage":9.0,"enemies":"Exordium Thugs","floor":13.0,"turns":5.0},{"damage":33.0,"enemies":"The Guardian","floor":16.0,"turns":11.0},{"damage":29.0,"enemies":"Spheric Guardian","floor":18.0,"turns":5.0},{"damage":0.0,"enemies":"2 Thieves","floor":20.0,"turns":4.0},{"damage":10.0,"enemies":"Snake Plant","floor":22.0,"turns":2.0},{"damage":15.0,"enemies":"Gremlin Leader","floor":23.0,"turns":7.0},{"damage":50.0,"enemies":"Slavers","floor":25.0,"turns":6.0},{"damage":8.0,"enemies":"Snecko","floor":28.0,"turns":4.0},{"damage":4.0,"enemies":"Centurion and Healer","floor":29.0,"turns":6.0},{"damage":16.0,"enemies":"3 Cultists","floor":31.0,"turns":5.0},{"damage":42,"enemies":"Collector","floor":33,"turns":5}],"relics_obtained":[{"floor":7.0,"key":"Sundial"},{"floor":9.0,"key":"Letter Opener"},{"floor":23.0,"key":"Blue Candle"},{"floor":25.0,"key":"Dream Catcher"},{"floor":26.0,"key":"Ancient Tea Set"}],"event_choices":[{"event_name":"Big Fish","player_choice":"Box","floor":11.0,"damage_taken":0.0},{"event_name":"Transmorgrifier","player_choice":"Transform","floor":14.0,"damage_taken":0.0},{"event_name":"Masked Bandits","player_choice":"Paid Bandits 34 gold","floor":21.0,"damage_taken":0.0},{"event_name":"Addict","player_choice":"Obtained Relic","floor":27.0,"damage_taken":0.0},{"event_name":"Golden Shrine","player_choice":"Desecrate","floor":30.0,"damage_taken":0.0}],"boss_relics":[],"items_purged_floors":[],"potions_floor_spawned":[2,8,13,16,20,22,29],"seed_played":"8908303330418354517","killed_by":"Collector","ascension_level":3,"potions_obtained":[{"floor":2.0,"key":"SpeedPotion"},{"floor":8.0,"key":"Fire Potion"},{"floor":13.0,"key":"Explosive Potion"},{"floor":16.0,"key":"Strength Potion"},{"floor":20.0,"key":"Explosive Potion"},{"floor":22.0,"key":"Regen Potion"},{"floor":29.0,"key":"SkillPotion"}],"is_trial":false}