{"gold_per_floor":[112,130,130,146,146,176,200,200,200,200,232,232,246,260,260,337,337,354,25,38,38,38,38,48,48,48,79,79,97,24,40,40,114,114,133,33,45,45,61,61,71,100,100,100,113,15,34,52,52,52],"floor_reached":51,"playtime":2156,"items_purged":["Strike_R","Regret"],"score":1245,"play_id":"a5e40a79-1e7b-45e5-b2a7-d1290f9fb5c0","local_time":"20190203215046","is_ascension_mode":true,"campfire_choices":[{"data":"Pommel Strike","floor":8,"key":"SMITH"},{"data":"Thunderclap","floor":10,"key":"SMITH"},{"data":"Spot Weakness","floor":12,"key":"SMITH"},{"data":"Battle Trance","floor":15,"key":"SMITH"},{"data":"Immolate","floor":23,"key":"SMITH"},{"data":"Clothesline","floor":25,"key":"SMITH"},{"data":"Offering","floor":28,"key":"SMITH"},{"data":"Flame Barrier","floor":32,"key":"SMITH"},{"data":"Shrug It Off","floor":40,"key":"SMITH"},{"data":"True Grit","floor":44,"key":"SMITH"},{"data":"Disarm","floor":49,"key":"SMITH"}],"neow_cost":"NONE","seed_source_timestamp":18054957132200,"circlet_count":0,"master_deck":["AscendersBane","Strike_R","Strike_R","Strike_R","Defend_R","Defend_R","Defend_R","Defend_R","Bash+1","Pommel Strike+1","Spot Weakness+1","Reaper","Battle Trance+1","Thunderclap+1","Pummel","Immolate+1","Clothesline+1","Clumsy","Offering+1","Iron Wave+1","Flame Barrier+1","Shrug It Off+1","Reaper","Sword Boomerang","True Grit+1","Feel No Pain+1","Shrug It Off","Discovery","Disarm+1","Evolve"],"relics":["Burning Blood","Champion Belt","Odd Mushroom","FossilizedHelix","Mango","Cursed Key","Pantograph","Ornamental Fan","Kunai","Orichalcum","Sozu","Gremlin Horn","Strawberry"],"potions_floor_usage":[6,7,11,27,33,33],"damage_taken":[{"damage":2,"enemies":"Jaw Worm","floor":1,"turns":3},{"damage":10,"enemies":"Small Slimes","floor":2,"turns":3},{"damage":7,"enemies":"2 Louse","floor":4,"turns":3},{"damage":32,"enemies":"Gremlin Nob","floor":6,"turns":4},{"damage":19,"enemies":"The Mushroom Lair","floor":7,"turns":4},{"damage":20,"enemies":"3 Sentries","floor":11,"turns":7},{"damage":0,"enemies":"Exordium Wildlife","floor":13,"turns":3},{"damage":11,"enemies":"Gremlin Gang","floor":14,"turns":4},{"damage":0,"enemies":"Slime Boss","floor":16,"turns":6},{"damage":10,"enemies":"3 Byrds","floor":18,"turns":3},{"damage":0,"enemies":"Spheric Guardian","floor":20,"turns":3},{"damage":7,"enemies":"Snecko","floor":24,"turns":4},{"damage":34,"enemies":"Book of Stabbing","floor":27,"turns":4},{"damage":12,"enemies":"3 Cultists","floor":29,"turns":3},{"damage":0,"enemies":"Chosen and Byrds","floor":31,"turns":4},{"damage":90,"enemies":"Automaton","floor":33,"turns":10},{"damage":11,"enemies":"Orb Walker","floor":35,"turns":3},{"damage":7,"enemies":"3 Shapes","floor":37,"turns":7},{"damage":28,"enemies":"Jaw Worm Horde","floor":39,"turns":2},{"damage":12,"enemies":"Writhing Mass","floor":41,"turns":7},{"damage":45,"enemies":"Giant Head","floor":42,"turns":8},{"damage":1,"enemies":"4 Shapes","floor":45,"turns":3},{"damage":6,"enemies":"Transient","floor":47,"turns":5},{"damage":0,"enemies":"3 Darklings","floor":48,"turns":1},{"damage":78,"enemies":"Donu and Deca","floor":50,"turns":11}],"seed_played":"-5161059491078990475","potions_obtained":[{"floor":2,"key":"EntropicBrew"},{"floor":6,"key":"Explosive Potion"},{"floor":7,"key":"Dexterity Potion"},{"floor":13,"key":"Weak Potion"},{"floor":24,"key":"AttackPotion"},{"floor":27,"key":"Dexterity Potion"},{"floor":29,"key":"AttackPotion"},{"floor":33,"key":"LiquidBronze"}],"is_trial":false,"path_per_floor":["M","M","?","M","?","E","?","R","T","R","E","R","M","M","R","B",null,"M","$","M","?","T","R","M","R","T","E","R","M","$","M","R","B",null,"M","$","M","?","M","R","M","E","T","R","M","$","M","M","R","B",null],"character_chosen":"IRONCLAD","items_purchased":["Pantograph","Flame Barrier","Discovery"],"campfire_rested":0,"item_purchase_floors":[19,30,46],"current_hp_per_floor":[76,72,65,64,64,44,52,52,52,52,87,87,93,88,88,94,94,90,90,94,94,94,94,94,94,94,70,70,64,64,70,70,10,73,68,68,87,87,65,65,59,66,66,66,101,101,101,101,101,69],"gold":52,"neow_bonus":"UPGRADE_CARD","is_prod":false,"is_daily":false,"chose_seed":false,"campfire_upgraded":11,"win_rate":0,"timestamp":1549259446,"path_taken":["M","M","?","M","?","E","?","R","T","R","E","R","?","M","R","BOSS","M","$","M","?","?","R","?","R","T","E","R","M","$","M","R","BOSS","M","$","M","?","M","R","M","E","T","R","M","$","M","?","R","BOSS"],"build_version":"2019-01-23","purchased_purges":2,"victory":true,"max_hp_per_floor":[80,80,80,80,80,80,80,80,80,80,94,94,94,94,94,94,94,94,94,94,94,94,94,94,94,94,94,94,94,94,94,94,94,94,94,94,94,94,94,94,94,101,101,101,101,101,101,101,101,101],"card_choices":[{"not_picked":["Anger","Heavy Blade"],"picked":"Pommel Strike","floor":1},{"not_picked":["Headbutt","Bloodletting"],"picked":"Spot Weakness","floor":2},{"not_picked":["True Grit","Havoc"],"picked":"Reaper","floor":4},{"not_picked":["Disarm","Reckless Charge"],"picked":"Battle Trance","floor":6},{"not_picked":["Perfected Strike","Clothesline"],"picked":"Thunderclap","floor":7},{"not_picked":["Body Slam","Second Wind"],"picked":"Pummel","floor":11},{"not_picked":["Body Slam","Warcry","Armaments"],"picked":"SKIP","floor":13},{"not_picked":["Pummel","Warcry","Searing Blow"],"picked":"SKIP","floor":14},{"not_picked":["Pummel","Warcry","Searing Blow"],"picked":"SKIP","floor":14},{"not_picked":["Brutality","Double Tap"],"picked":"Immolate","floor":16},{"not_picked":["Infernal Blade+1","Body Slam"],"picked":"Clothesline","floor":18},{"not_picked":["Iron Wave","Body Slam","Clothesline+1"],"picked":"SKIP","floor":20},{"not_picked":["Warcry","Rampage+1","Hemokinesis"],"picked":"SKIP","floor":24},{"not_picked":["Reckless Charge","Warcry"],"picked":"Offering","floor":27},{"not_picked":["Armaments","Anger"],"picked":"Iron Wave+1","floor":29},{"not_picked":["Pummel","Iron Wave"],"picked":"Shrug It Off","floor":31},{"not_picked":["Brutality","Limit Break"],"picked":"Reaper","floor":33},{"not_picked":["Pommel Strike","Cleave+1"],"picked":"Sword Boomerang","floor":35},{"not_picked":["Cleave","Hemokinesis","Havoc+1"],"picked":"SKIP","floor":37},{"not_picked":["Thunderclap+1","Flex","Infernal Blade"],"picked":"SKIP","floor":39},{"not_picked":["Pommel Strike","Shrug It Off+1"],"picked":"True Grit","floor":41},{"not_picked":["Intimidate","Warcry"],"picked":"Feel No Pain+1","floor":42},{"not_picked":["Havoc+1","Barricade"],"picked":"Shrug It Off","floor":45},{"not_picked":["Infernal Blade","Heavy Blade"],"picked":"Disarm","floor":47},{"not_picked":["Combust+1","Cleave"],"picked":"Evolve","floor":48}],"player_experience":421308,"relics_obtained":[{"floor":6,"key":"Champion Belt"},{"floor":7,"key":"Odd Mushroom"},{"floor":9,"key":"FossilizedHelix"},{"floor":11,"key":"Mango"},{"floor":22,"key":"Ornamental Fan"},{"floor":26,"key":"Kunai"},{"floor":27,"key":"Orichalcum"},{"floor":42,"key":"Strawberry"}],"event_choices":[{"cards_removed":["Strike_R"],"damage_healed":0,"gold_gain":0,"player_choice":"Card Removal","damage_taken":7,"max_hp_gain":0,"max_hp_loss":0,"event_name":"Golden Wing","floor":3,"gold_loss":0},{"damage_healed":0,"gold_gain":0,"player_choice":"Ignored","damage_taken":0,"max_hp_gain":0,"max_hp_loss":0,"event_name":"Liars Game","floor":5,"gold_loss":0},{"damage_healed":0,"gold_gain":0,"player_choice":"Fought Mushrooms","damage_taken":0,"max_hp_gain":0,"max_hp_loss":0,"event_name":"Mushrooms","floor":7,"gold_loss":0},{"damage_healed":0,"gold_gain":0,"player_choice":"Ignored","damage_taken":0,"max_hp_gain":0,"max_hp_loss":0,"event_name":"Vampires","floor":21,"gold_loss":0},{"damage_healed":0,"gold_gain":0,"player_choice":"Gave Potion","damage_taken":0,"relics_obtained":["Gremlin Horn"],"max_hp_gain":0,"max_hp_loss":0,"event_name":"WeMeetAgain","floor":38,"gold_loss":0}],"is_beta":false,"boss_relics":[{"not_picked":["Fusion Hammer","Mark of Pain"],"picked":"Cursed Key"},{"not_picked":["Eternal Feather","Black Blood"],"picked":"Sozu"}],"items_purged_floors":[19,36],"is_endless":false,"potions_floor_spawned":[2,6,7,13,14,24,27,29,33,35,39,45,47,48],"ascension_level":13}