{"gold_per_floor":[110,30,30,30,30,57,57,67,67,86,104,29,42,61,61,157,157,170,170,269,288,288,288,288],"floor_reached":24,"playtime":776,"items_purged":["Strike_G"],"score":265,"play_id":"dabb9a9b-ee54-4650-a4c4-aa36ba1d6782","local_time":"20190109192558","is_ascension_mode":true,"campfire_choices":[{"data":"Sadistic Nature","floor":15,"key":"SMITH"},{"data":"Sucker Punch","floor":23,"key":"SMITH"}],"neow_cost":"CURSE","seed_source_timestamp":597821573478959,"circlet_count":0,"master_deck":["Defend_G","Defend_G","Defend_G","Defend_G","Defend_G","Strike_G","Strike_G","Strike_G","Strike_G","Survivor","Neutralize","Sadistic Nature+1","Discovery","Bane","Noxious Fumes","Bouncing Flask","Noxious Fumes","Bane","PiercingWail","Sucker Punch+1","Deflect+1"],"relics":["Ring of the Snake","Pear","Kunai","Ornamental Fan","Sozu"],"potions_floor_usage":[16],"damage_taken":[{"damage":0,"enemies":"Cultist","floor":1,"turns":3},{"damage":21,"enemies":"Lagavulin","floor":6,"turns":7},{"damage":4,"enemies":"Jaw Worm","floor":8,"turns":3},{"damage":0,"enemies":"2 Louse","floor":10,"turns":3},{"damage":8,"enemies":"Blue Slaver","floor":11,"turns":4},{"damage":9,"enemies":"3 Louse","floor":13,"turns":2},{"damage":0,"enemies":"Large Slime","floor":14,"turns":4},{"damage":21,"enemies":"Hexaghost","floor":16,"turns":7},{"damage":21,"enemies":"Shell Parasite","floor":18,"turns":4},{"damage":2,"enemies":"Spheric Guardian","floor":21,"turns":4},{"damage":27,"enemies":"Colosseum Slavers","floor":24,"turns":3},{"damage":49,"enemies":"Colosseum Nobs","floor":24,"turns":3}],"seed_played":"2481922443163624318","potions_obtained":[{"floor":6,"key":"Energy Potion"},{"floor":13,"key":"SpeedPotion"},{"floor":14,"key":"AttackPotion"},{"floor":16,"key":"Ancient Potion"}],"is_trial":false,"path_per_floor":["M","$","?","?","?","E","$","M","T","M","M","$","M","M","R","B",null,"M","?","?","M","?","R","?"],"character_chosen":"THE_SILENT","items_purchased":["Noxious Fumes"],"campfire_rested":0,"item_purchase_floors":[2],"current_hp_per_floor":[63,63,56,70,77,56,56,52,52,52,44,44,35,35,35,14,64,43,43,43,41,67,67,0],"gold":288,"neow_bonus":"RANDOM_COLORLESS_2","is_prod":false,"is_daily":false,"chose_seed":false,"campfire_upgraded":2,"win_rate":0,"timestamp":1547061958,"path_taken":["M","$","?","?","?","E","?","M","T","M","M","$","M","M","R","BOSS","M","?","?","M","?","R","?"],"build_version":"2019-01-08","purchased_purges":1,"victory":false,"max_hp_per_floor":[70,70,70,70,80,80,80,80,80,80,80,80,80,80,80,80,80,80,80,80,80,80,80,80],"card_choices":[{"not_picked":["Endless Agony","Expertise"],"picked":"Bane","floor":1},{"not_picked":["Quick Slash","Dodge and Roll"],"picked":"Bouncing Flask","floor":6},{"not_picked":["Sucker Punch","Deflect","Blade Dance"],"picked":"SKIP","floor":8},{"not_picked":["Dodge and Roll","Choke"],"picked":"Noxious Fumes","floor":10},{"not_picked":["Prepared","Flechettes"],"picked":"Bane","floor":11},{"not_picked":["Deflect","Cloak And Dagger"],"picked":"PiercingWail","floor":13},{"not_picked":["Deflect","Quick Slash","Backflip"],"picked":"SKIP","floor":14},{"not_picked":["Deflect","Cloak And Dagger"],"picked":"Sucker Punch","floor":18},{"not_picked":["Cloak And Dagger","PiercingWail"],"picked":"Deflect+1","floor":21}],"player_experience":390533,"relics_obtained":[{"floor":6,"key":"Kunai"},{"floor":9,"key":"Ornamental Fan"}],"event_choices":[{"cards_removed":["Normality"],"damage_healed":0,"gold_gain":0,"player_choice":"Card Removal","damage_taken":7,"max_hp_gain":0,"max_hp_loss":0,"event_name":"Golden Wing","floor":3,"gold_loss":0},{"damage_healed":23,"gold_gain":0,"player_choice":"Banana","damage_taken":0,"max_hp_gain":0,"max_hp_loss":0,"event_name":"Big Fish","floor":4,"gold_loss":0},{"damage_healed":0,"gold_gain":0,"player_choice":"Success","damage_taken":3,"relics_obtained":["Pear"],"max_hp_gain":0,"max_hp_loss":0,"event_name":"Scrap Ooze","floor":5,"gold_loss":0},{"damage_healed":0,"gold_gain":0,"player_choice":"Ignored","damage_taken":0,"max_hp_gain":0,"max_hp_loss":0,"event_name":"Vampires","floor":19,"gold_loss":0},{"damage_healed":0,"gold_gain":99,"player_choice":"Stole From Cult","damage_taken":0,"max_hp_gain":0,"max_hp_loss":0,"event_name":"Nest","floor":20,"gold_loss":0},{"damage_healed":26,"gold_gain":0,"player_choice":"Heal","damage_taken":0,"max_hp_gain":0,"max_hp_loss":0,"event_name":"The Library","floor":22,"gold_loss":0},{"damage_healed":0,"gold_gain":0,"player_choice":"Fight","damage_taken":0,"max_hp_gain":0,"max_hp_loss":0,"event_name":"Colosseum","floor":24,"gold_loss":0},{"damage_healed":0,"gold_gain":0,"player_choice":"Fought Nobs","damage_taken":0,"max_hp_gain":0,"max_hp_loss":0,"event_name":"Colosseum","floor":24,"gold_loss":0}],"is_beta":true,"boss_relics":[{"not_picked":["Coffee Dripper","Eternal Feather"],"picked":"Sozu"}],"items_purged_floors":[12],"is_endless":false,"potions_floor_spawned":[6,13,14,16,18,24],"killed_by":"Colosseum Nobs","ascension_level":7}