{"gold_per_floor":[111,19,29,104,123,156,156,121,147,166,166,199,214,247,247,351,351,363,3,3,15,33,33,33,68,94,113,130,130],"floor_reached":29,"playtime":2172,"items_purged":[],"score":278,"play_id":"da0ac0db-512e-4c5f-acee-0c2ef5415b61","local_time":"20190206191756","is_ascension_mode":true,"campfire_choices":[{"floor":7,"key":"REST"},{"floor":15,"key":"REST"},{"floor":23,"key":"REST"}],"neow_cost":"NONE","seed_source_timestamp":56484949396945,"circlet_count":0,"master_deck":["Defend_G+1","Defend_G+1","Defend_G+1","Defend_G+1","Defend_G+1","Strike_G+1","Strike_G+1","Strike_G+1","Strike_G+1","Strike_G+1","Survivor","Neutralize","Dramatic Entrance","Backflip","Setup","Poisoned Stab","Crippling Poison","Cloak And Dagger","Dagger Spray","Infinite Blades+1","Quick Slash","Envenom","Choke","Glass Knife","Dodge and Roll+1","PiercingWail","Deadly Poison","Catalyst","Accuracy+1","Leg Sweep+1"],"relics":["Ring of the Snake","Centennial Puzzle","Regal Pillow","Bag of Preparation","Juzu Bracelet","Sozu","Thread and Needle","Girya","Toxic Egg 2"],"potions_floor_usage":[6],"damage_taken":[{"damage":2,"enemies":"Small Slimes","floor":1,"turns":5},{"damage":0,"enemies":"2 Louse","floor":3,"turns":2},{"damage":2,"enemies":"Cultist","floor":5,"turns":4},{"damage":20,"enemies":"Gremlin Nob","floor":6,"turns":4},{"damage":2,"enemies":"Large Slime","floor":10,"turns":5},{"damage":22,"enemies":"3 Sentries","floor":12,"turns":9},{"damage":0,"enemies":"Exordium Wildlife","floor":13,"turns":2},{"damage":18,"enemies":"Gremlin Nob","floor":14,"turns":4},{"damage":24,"enemies":"Hexaghost","floor":16,"turns":9},{"damage":16,"enemies":"Spheric Guardian","floor":18,"turns":4},{"damage":16,"enemies":"2 Thieves","floor":21,"turns":3},{"damage":3,"enemies":"Snake Plant","floor":22,"turns":5},{"damage":16,"enemies":"Slavers","floor":25,"turns":8},{"damage":0,"enemies":"Cultist and Chosen","floor":27,"turns":5},{"damage":13,"enemies":"Centurion and Healer","floor":28,"turns":6},{"damage":49,"enemies":"Gremlin Leader","floor":29,"turns":4}],"seed_played":"6959130994433653974","potions_obtained":[{"floor":5,"key":"Fire Potion"},{"floor":10,"key":"Weak Potion"},{"floor":13,"key":"Swift Potion"}],"is_trial":false,"path_per_floor":["M","$","M","?","M","E","R","?","T","M","?","E","M","E","R","B",null,"M","$","?","M","M","R","?","E","T","M","M","E"],"character_chosen":"THE_SILENT","items_purchased":["Setup","Poisoned Stab","Thread and Needle","PiercingWail"],"campfire_rested":3,"item_purchase_floors":[2,2,19,19],"current_hp_per_floor":[68,68,68,57,55,35,56,70,70,68,68,46,46,28,64,40,70,54,54,54,38,35,70,70,54,54,54,41,0],"gold":130,"neow_bonus":"RANDOM_COLORLESS","is_prod":false,"is_daily":false,"chose_seed":false,"campfire_upgraded":0,"win_rate":0,"timestamp":1549502276,"path_taken":["M","$","M","?","M","E","R","?","T","M","?","E","M","E","R","BOSS","M","$","?","M","M","R","?","E","T","M","M","E"],"build_version":"2019-01-23","purchased_purges":0,"victory":false,"max_hp_per_floor":[70,70,70,70,70,70,70,70,70,70,70,70,70,70,70,70,70,70,70,70,70,70,70,70,70,70,70,70,70],"card_choices":[{"not_picked":["Deflect","Setup"],"picked":"Backflip","floor":1},{"not_picked":["Dodge and Roll","Deadly Poison"],"picked":"Crippling Poison","floor":3},{"not_picked":["Tactician","Catalyst"],"picked":"Cloak And Dagger","floor":5},{"not_picked":["Prepared","Skewer"],"picked":"Dagger Spray","floor":6},{"not_picked":["Deadly Poison","Accuracy"],"picked":"Infinite Blades","floor":10},{"not_picked":["Blade Dance","Eviscerate"],"picked":"Quick Slash","floor":12},{"not_picked":["Deflect","Quick Slash"],"picked":"Envenom","floor":13},{"not_picked":["Poisoned Stab","Endless Agony"],"picked":"Choke","floor":14},{"not_picked":["Night Terror","Grand Finale"],"picked":"Glass Knife","floor":16},{"not_picked":["All Out Attack","Dagger Throw"],"picked":"Dodge and Roll+1","floor":18},{"not_picked":["Sucker Punch+1","Masterful Stab"],"picked":"Deadly Poison","floor":21},{"not_picked":["Caltrops","Blade Dance"],"picked":"Catalyst","floor":22},{"not_picked":["Deflect+1","Underhanded Strike"],"picked":"Accuracy+1","floor":25},{"not_picked":["Adrenaline+1","Deflect+1"],"picked":"Leg Sweep+1","floor":27},{"not_picked":["Endless Agony","Dagger Spray","Cloak And Dagger+1"],"picked":"SKIP","floor":28}],"player_experience":98858,"relics_obtained":[{"floor":6,"key":"Centennial Puzzle"},{"floor":9,"key":"Regal Pillow"},{"floor":12,"key":"Bag of Preparation"},{"floor":14,"key":"Juzu Bracelet"},{"floor":25,"key":"Toxic Egg 2"}],"event_choices":[{"damage_healed":0,"gold_gain":75,"player_choice":"Gather Gold","damage_taken":11,"max_hp_gain":0,"max_hp_loss":0,"event_name":"World of Goop","floor":4,"gold_loss":0},{"damage_healed":17,"gold_gain":0,"player_choice":"Healed","damage_taken":0,"max_hp_gain":0,"max_hp_loss":0,"event_name":"The Cleric","floor":8,"gold_loss":35},{"damage_healed":0,"gold_gain":0,"player_choice":"Grow","damage_taken":0,"max_hp_gain":0,"max_hp_loss":0,"event_name":"Living Wall","floor":11,"gold_loss":0,"cards_upgraded":["Infinite Blades"]},{"damage_healed":0,"gold_gain":0,"player_choice":"Simplicity","damage_taken":0,"max_hp_gain":0,"max_hp_loss":0,"event_name":"Back to Basics","floor":20,"gold_loss":0,"cards_upgraded":["Defend_G","Defend_G","Defend_G","Defend_G","Defend_G","Strike_G","Strike_G","Strike_G","Strike_G","Strike_G"]},{"damage_healed":0,"gold_gain":0,"player_choice":"Gave Potion","damage_taken":0,"relics_obtained":["Girya"],"max_hp_gain":0,"max_hp_loss":0,"event_name":"WeMeetAgain","floor":24,"gold_loss":0}],"is_beta":false,"boss_relics":[{"not_picked":["Orrery","HoveringKite"],"picked":"Sozu"}],"items_purged_floors":[],"is_endless":false,"potions_floor_spawned":[5,10,13,18,27,28],"killed_by":"Gremlin Leader","ascension_level":1}