{"gold_per_floor":[117,64,84,234,159,185,202,235,235,235,79,79,104,122,122,122],"floor_reached":16,"playtime":341,"items_purged":["Strike_B"],"score":286,"play_id":"be6527b2-eef8-4e6f-b254-560f3f4b0325","local_time":"20190202122334","is_ascension_mode":true,"campfire_choices":[{"data":"Zap","floor":10,"key":"SMITH"},{"data":"Hologram","floor":12,"key":"SMITH"},{"data":"Consume","floor":15,"key":"SMITH"}],"neow_cost":"NONE","seed_source_timestamp":35668628004258,"circlet_count":0,"master_deck":["AscendersBane","Strike_B","Strike_B","Strike_B","Defend_B","Defend_B","Defend_B","Defend_B","Zap+1","Dualcast","Auto Shields","Coolheaded","Melter","Loop","Consume+1","Electrodynamics","Hologram+1","Ball Lightning","Cold Snap","Melter"],"relics":["Cracked Core","NeowsBlessing","Pen Nib","Thread and Needle","Matryoshka","Dodecahedron"],"potions_floor_usage":[13,16],"damage_taken":[{"damage":0,"enemies":"2 Louse","floor":1,"turns":1},{"damage":0,"enemies":"Small Slimes","floor":3,"turns":1},{"damage":0,"enemies":"Lagavulin","floor":6,"turns":1},{"damage":7,"enemies":"Jaw Worm","floor":7,"turns":3},{"damage":38,"enemies":"3 Sentries","floor":8,"turns":7},{"damage":11,"enemies":"Lagavulin","floor":13,"turns":4},{"damage":0,"enemies":"Looter","floor":14,"turns":3},{"damage":8,"enemies":"Hexaghost","floor":16,"turns":8}],"seed_played":"-6880264331233165584","potions_obtained":[{"floor":6,"key":"Poison Potion"},{"floor":8,"key":"Ancient Potion"},{"floor":13,"key":"Weak Potion"}],"is_trial":false,"path_per_floor":["M","$","M","?","?","E","M","E","T","R","$","R","E","M","R","B"],"character_chosen":"DEFECT","items_purchased":["Coolheaded","Hologram","Ball Lightning"],"campfire_rested":0,"item_purchase_floors":[2,11,11],"current_hp_per_floor":[64,64,64,64,64,64,57,19,19,19,19,19,8,8,8,0],"gold":122,"neow_bonus":"THREE_ENEMY_KILL","is_prod":false,"is_daily":false,"chose_seed":false,"campfire_upgraded":3,"win_rate":0,"timestamp":1549139014,"path_taken":["M","$","M","?","?","E","M","E","T","R","?","R","E","M","R","BOSS"],"build_version":"2019-01-23","purchased_purges":1,"victory":false,"max_hp_per_floor":[71,71,71,71,71,71,71,71,71,71,71,71,71,71,71,71],"card_choices":[{"not_picked":["Go for the Eyes","Rebound"],"picked":"Auto Shields","floor":1},{"not_picked":["Sweeping Beam","Rebound"],"picked":"Melter","floor":3},{"not_picked":["Sweeping Beam","Steam"],"picked":"Loop","floor":6},{"not_picked":["Tempest","Skim"],"picked":"Consume","floor":7},{"not_picked":["Turbo","Scrape"],"picked":"Electrodynamics","floor":8},{"not_picked":["Go for the Eyes","Coolheaded"],"picked":"Cold Snap","floor":13},{"not_picked":["Barrage","Ball Lightning"],"picked":"Melter","floor":14}],"player_experience":1097965,"relics_obtained":[{"floor":6,"key":"Pen Nib"},{"floor":8,"key":"Thread and Needle"},{"floor":9,"key":"Matryoshka"},{"floor":13,"key":"Dodecahedron"}],"event_choices":[{"damage_healed":0,"gold_gain":150,"player_choice":"AGREE","damage_taken":0,"max_hp_gain":0,"max_hp_loss":0,"event_name":"Liars Game","floor":4,"gold_loss":0,"cards_obtained":["Doubt"]},{"cards_removed":["Doubt"],"damage_healed":0,"gold_gain":0,"player_choice":"Card Removal","damage_taken":0,"max_hp_gain":0,"max_hp_loss":0,"event_name":"The Cleric","floor":5,"gold_loss":75}],"is_beta":true,"boss_relics":[],"items_purged_floors":[11],"is_endless":false,"potions_floor_spawned":[6,8,13,14],"killed_by":"Hexaghost","ascension_level":20}