{"gold_per_floor":[216,229,0,14,29,29,60,60,60,60,90,90,121,121,121,224,224,241,70,85,100,115,115,128,128,128,128,128,144,144,172,172,172],"floor_reached":33,"playtime":1904,"items_purged":["Strike_G","Pain"],"score":371,"play_id":"b498755e-33e3-4bf2-b7ee-4d48ee9c9087","local_time":"20190209223704","is_ascension_mode":true,"campfire_choices":[{"floor":6,"key":"REST"},{"floor":8,"key":"REST"},{"data":"Skewer","floor":10,"key":"SMITH"},{"floor":12,"key":"REST"},{"floor":15,"key":"REST"},{"floor":23,"key":"REST"},{"floor":25,"key":"REST"},{"floor":27,"key":"REST"},{"floor":30,"key":"REST"},{"floor":32,"key":"REST"}],"neow_cost":"NONE","seed_source_timestamp":23216420616221,"circlet_count":0,"master_deck":["Defend_G","Defend_G","Defend_G","Defend_G","Defend_G","Strike_G","Strike_G","Strike_G","Strike_G","Survivor","Neutralize","Poisoned Stab","Dagger Spray","Skewer+1","Infinite Blades","Blur","Predator","After Image","Bane+1","Footwork","Escape Plan","Terror","PiercingWail+1","Blur+1","J.A.X.","Accuracy","Leg Sweep"],"relics":["Ring of the Snake","Singing Bowl","StoneCalendar","Pocketwatch","Centennial Puzzle","WarpedTongs","Philosopher\u0027s Stone","Bottled Tornado","Mercury Hourglass"],"potions_floor_usage":[13,16,20,21,24],"damage_taken":[{"damage":3,"enemies":"Jaw Worm","floor":1,"turns":4},{"damage":1,"enemies":"Cultist","floor":2,"turns":4},{"damage":0,"enemies":"2 Louse","floor":4,"turns":3},{"damage":16,"enemies":"Blue Slaver","floor":5,"turns":4},{"damage":38,"enemies":"Gremlin Nob","floor":7,"turns":5},{"damage":15,"enemies":"3 Sentries","floor":11,"turns":6},{"damage":15,"enemies":"Lagavulin","floor":13,"turns":5},{"damage":50,"enemies":"Slime Boss","floor":16,"turns":7},{"damage":6,"enemies":"Chosen","floor":18,"turns":5},{"damage":16,"enemies":"2 Thieves","floor":20,"turns":4},{"damage":31,"enemies":"Centurion and Healer","floor":21,"turns":6},{"damage":3,"enemies":"Cultist and Chosen","floor":22,"turns":7},{"damage":2,"enemies":"Snake Plant","floor":24,"turns":5},{"damage":33,"enemies":"3 Cultists","floor":29,"turns":6},{"damage":23,"enemies":"Book of Stabbing","floor":31,"turns":6},{"damage":58,"enemies":"Automaton","floor":33,"turns":6}],"seed_played":"8223231707115729442","potions_obtained":[{"floor":7,"key":"Energy Potion"},{"floor":11,"key":"Poison Potion"},{"floor":13,"key":"GhostInAJar"},{"floor":18,"key":"Block Potion"},{"floor":22,"key":"Weak Potion"}],"is_trial":false,"path_per_floor":["M","M","$","M","M","R","E","R","T","R","E","R","E","?","R","B",null,"M","$","M","M","M","R","M","R","T","R","?","M","R","E","R","B"],"character_chosen":"THE_SILENT","items_purchased":["Skewer","Infinite Blades","Footwork"],"campfire_rested":9,"item_purchase_floors":[3,3,19],"current_hp_per_floor":[60,59,59,59,43,64,28,49,49,49,36,58,43,43,65,15,59,53,53,37,6,3,25,23,45,45,67,67,34,56,33,55,0],"gold":172,"neow_bonus":"HUNDRED_GOLD","is_prod":false,"is_daily":false,"chose_seed":false,"campfire_upgraded":1,"win_rate":0,"timestamp":1549748224,"path_taken":["M","M","$","M","M","R","E","R","T","R","E","R","E","?","R","BOSS","M","$","M","M","M","R","?","R","T","R","?","M","R","E","R","BOSS"],"build_version":"2019-01-23","purchased_purges":2,"victory":false,"max_hp_per_floor":[70,70,70,70,70,70,72,72,72,72,74,74,74,74,74,74,74,74,74,74,74,74,74,74,74,74,74,74,74,74,74,74,74],"card_choices":[{"not_picked":["Cloak And Dagger","Concentrate"],"picked":"Poisoned Stab","floor":1},{"not_picked":["Masterful Stab","Dagger Throw"],"picked":"Dagger Spray","floor":2},{"not_picked":["Bane","Deflect"],"picked":"Blur","floor":4},{"not_picked":["Dagger Throw","Cloak And Dagger","Bane"],"picked":"SKIP","floor":5},{"not_picked":["Concentrate","Bullet Time","Flying Knee"],"picked":"Singing Bowl","floor":7},{"not_picked":["Blade Dance","Sucker Punch","Tools of the Trade"],"picked":"Singing Bowl","floor":11},{"not_picked":["All Out Attack","Underhanded Strike"],"picked":"Predator","floor":13},{"not_picked":["Bullet Time","Unload"],"picked":"After Image","floor":16},{"not_picked":["Masterful Stab","Blade Dance+1"],"picked":"Bane+1","floor":18},{"not_picked":["Blade Dance","Tactician+1"],"picked":"Escape Plan","floor":20},{"not_picked":["Slice","Bane"],"picked":"Terror","floor":21},{"not_picked":["Flechettes+1","Flying Knee"],"picked":"PiercingWail+1","floor":22},{"not_picked":["Caltrops","Terror+1"],"picked":"Blur+1","floor":24},{"not_picked":["Deadly Poison","Quick Slash"],"picked":"Accuracy","floor":29},{"not_picked":["All Out Attack","Flechettes"],"picked":"Leg Sweep","floor":31}],"player_experience":269585,"relics_obtained":[{"floor":7,"key":"Singing Bowl"},{"floor":9,"key":"StoneCalendar"},{"floor":11,"key":"Pocketwatch"},{"floor":13,"key":"Centennial Puzzle"},{"floor":26,"key":"Bottled Tornado"},{"floor":31,"key":"Mercury Hourglass"}],"event_choices":[{"damage_healed":0,"gold_gain":0,"player_choice":"Rummage","damage_taken":0,"relics_obtained":["WarpedTongs"],"max_hp_gain":0,"max_hp_loss":0,"event_name":"Accursed Blacksmith","floor":14,"gold_loss":0,"cards_obtained":["Pain"]},{"damage_healed":0,"gold_gain":0,"player_choice":"Obtain J.A.X.","damage_taken":0,"max_hp_gain":0,"max_hp_loss":0,"event_name":"Drug Dealer","floor":28,"gold_loss":0,"cards_obtained":["J.A.X."]}],"is_beta":false,"boss_relics":[{"not_picked":["WristBlade","Cursed Key"],"picked":"Philosopher\u0027s Stone"}],"items_purged_floors":[3,19],"is_endless":false,"potions_floor_spawned":[7,11,13,18,22],"killed_by":"Automaton","ascension_level":6}