{"path_per_floor":["M","?","M","?","M","R","M","R","T","$","M","R","?","$","R","B",null,"M","?","M","$","?","R","E","?","T","M","?","M","?","M","R","B",null,"M","M","?","?","$","R","M","?","T","$","R","E","?","M","R"],"character_chosen":"DEFECT","items_purchased":["Finesse","Juzu Bracelet","Mercury Hourglass","Finesse"],"gold_per_floor":[218,218,231,231,244,244,258,258,281,206,225,225,225,18,18,148,148,167,167,180,32,32,32,65,65,65,85,85,105,55,74,74,193,193,209,228,228,561,70,70,80,80,80,80,80,112,112,123,123,123],"floor_reached":50,"campfire_rested":4,"playtime":1560,"current_hp_per_floor":[70,55,55,37,31,53,46,46,46,46,32,32,32,32,54,11,75,30,30,25,25,50,50,24,24,24,22,22,8,8,2,24,37,75,68,72,72,72,72,72,54,73,73,73,73,29,29,29,51,0],"items_purged":["Strike_B","Strike_B","Defend_B"],"gold":123,"score":503,"play_id":"90c85837-e0bc-44a7-823c-8fe69391a052","local_time":"20180506205724","is_prod":false,"is_daily":false,"chose_seed":false,"is_ascension_mode":false,"campfire_upgraded":5,"timestamp":1525665444,"path_taken":["M","?","M","?","M","R","M","R","T","$","?","R","?","$","R","BOSS","M","?","M","$","?","R","E","?","T","M","?","M","?","M","R","BOSS","M","M","?","?","$","R","M","?","T","$","R","E","?","M","R","BOSS"],"build_version":"2018-05-03","seed_source_timestamp":1651171327732291,"purchased_purges":3,"victory":false,"master_deck":["Strike_B","Strike_B","Defend_B+1","Zap+1","Dualcast","Storm+1","White Noise+1","Finesse","Nova","Defragment+1","Static Discharge+1","Defragment+1","Heatsinks","Amplify+1","Consume+1","Finesse","Writhe","Creative AI","Flash of Steel","Recycle"],"max_hp_per_floor":[75,75,75,75,75,75,75,75,75,75,75,75,75,75,75,75,75,75,75,75,75,75,75,75,75,75,75,75,75,75,75,75,75,75,75,75,75,75,75,75,75,75,75,75,75,75,75,75,75,75],"relics":["Cracked Core","Bag of Preparation","Lizard Tail","Juzu Bracelet","Anchor","Toolbox","Sozu","Mercury Hourglass","Lantern","Vajra"],"card_choices":[{"not_picked":["Leap","Undo"],"picked":"Storm","floor":3},{"not_picked":["Impulse","Melter"],"picked":"White Noise","floor":5},{"not_picked":["Echo Form","All For One"],"picked":"Nova","floor":16},{"not_picked":["Genetic Algorithm","Barrage"],"picked":"Defragment","floor":18},{"not_picked":["Lockon","Streamline"],"picked":"Static Discharge","floor":20},{"not_picked":["Capacitor","Coolheaded"],"picked":"Defragment","floor":29},{"not_picked":["Coolheaded","Skim"],"picked":"Heatsinks","floor":31},{"not_picked":["All For One","Echo Form"],"picked":"Amplify","floor":33},{"not_picked":["Chaos","BootSequence"],"picked":"Consume","floor":36},{"not_picked":["Capacitor","Amplify"],"picked":"Creative AI","floor":46},{"not_picked":["Purity","Good Instincts"],"picked":"Flash of Steel","floor":47},{"not_picked":["Leap","Capacitor"],"picked":"Recycle","floor":48}],"player_experience":163367,"potions_floor_usage":[11,24,31,31,33],"damage_taken":[{"damage":5,"enemies":"Jaw Worm","floor":1,"turns":4},{"damage":0,"enemies":"2 Louse","floor":3,"turns":1},{"damage":6,"enemies":"Cultist","floor":5,"turns":3},{"damage":7,"enemies":"Large Slime","floor":7,"turns":6},{"damage":14,"enemies":"Gremlin Gang","floor":11,"turns":3},{"damage":43,"enemies":"Hexaghost","floor":16,"turns":9},{"damage":45,"enemies":"2 Thieves","floor":18,"turns":4},{"damage":5,"enemies":"Chosen","floor":20,"turns":3},{"damage":26,"enemies":"Gremlin Leader","floor":24,"turns":3},{"damage":6,"enemies":"Centurion and Healer","floor":27,"turns":5},{"damage":14,"enemies":"Slaver and Parasite","floor":29,"turns":3},{"damage":6,"enemies":"Snake Plant","floor":31,"turns":2},{"damage":53,"enemies":"Collector","floor":33,"turns":6},{"damage":7,"enemies":"Flame Bruiser 1 Orb","floor":35,"turns":3},{"damage":0,"enemies":"Orb Walker","floor":36,"turns":2},{"damage":18,"enemies":"Spire Growth","floor":41,"turns":3},{"damage":52,"enemies":"Nemesis","floor":46,"turns":5},{"damage":0,"enemies":"Maw","floor":48,"turns":4},{"damage":58,"enemies":"Donu and Deca","floor":50,"turns":4}],"event_choices":[{"event_name":"Shining Light","player_choice":"Entered Light","floor":2,"damage_taken":0},{"event_name":"Golden Idol","player_choice":"Take Damage","floor":4,"damage_taken":0},{"event_name":"Bonfire Elementals","player_choice":"BASIC","floor":13,"damage_taken":0},{"event_name":"Cursed Tome","player_choice":"Ignored","floor":19,"damage_taken":0},{"event_name":"The Library","player_choice":"Heal","floor":22,"damage_taken":0},{"event_name":"Ghosts","player_choice":"Ignored","floor":25,"damage_taken":0},{"event_name":"Back to Basics","player_choice":"Elegance","floor":28,"damage_taken":0},{"event_name":"The Joust","player_choice":"Bet on Owner","floor":30,"damage_taken":0},{"event_name":"Tomb of Lord Red Mask","player_choice":"Ignored","floor":37,"damage_taken":0},{"event_name":"The Moai Head","player_choice":"Gave Idol","floor":38,"damage_taken":0},{"event_name":"Winding Halls","player_choice":"Writhe","floor":42,"damage_taken":0},{"event_name":"SensoryStone","player_choice":"Memory 1","floor":47,"damage_taken":0}],"boss_relics":[{"not_picked":["Calling Bell","Inserter"],"picked":"Lizard Tail"},{"not_picked":["Philosopher\u0027s Stone","Cursed Key"],"picked":"Sozu"}],"potions_floor_spawned":[7,11,16,18,29,46,48],"seed_played":"-6229000480379143389","killed_by":"Donu and Deca","ascension_level":0,"is_trial":false}