{"gold_per_floor":[113,126,201,218,236,236,248,248,274,274,294,312,332,64,64,162,162,173,192,292,306,5,5,5],"floor_reached":24,"playtime":4975,"items_purged":[],"score":192,"play_id":"1c77bc47-8047-425e-bf1f-67624c11c9e0","local_time":"20190126222954","is_ascension_mode":false,"campfire_choices":[{"data":"Inflame","floor":6,"key":"SMITH"},{"floor":8,"key":"REST"},{"data":"Flame Barrier","floor":15,"key":"SMITH"},{"floor":23,"key":"REST"}],"neow_cost":"","seed_source_timestamp":106099118660135,"circlet_count":0,"master_deck":["Strike_R","Strike_R","Strike_R","Strike_R","Strike_R","Defend_R","Defend_R","Defend_R","Defend_R","Bash","Flame Barrier+1","Rage","Inflame+1","Body Slam","Seeing Red","Shrug It Off","Blood for Blood","Sword Boomerang","Disarm","Apotheosis","Berserk","Ghostly Armor","Thunderclap","Twin Strike","Bludgeon","Infernal Blade","Rampage"],"relics":["Burning Blood","Orichalcum","Blood Vial","Snecko Eye","Torii","Gremlin Horn"],"potions_floor_usage":[],"damage_taken":[{"damage":6,"enemies":"Jaw Worm","floor":1,"turns":4},{"damage":12,"enemies":"2 Louse","floor":2,"turns":3},{"damage":2,"enemies":"Small Slimes","floor":4,"turns":5},{"damage":4,"enemies":"Blue Slaver","floor":5,"turns":5},{"damage":17,"enemies":"Exordium Wildlife","floor":7,"turns":6},{"damage":1,"enemies":"3 Louse","floor":11,"turns":4},{"damage":10,"enemies":"Large Slime","floor":12,"turns":6},{"damage":6,"enemies":"Blue Slaver","floor":13,"turns":5},{"damage":33,"enemies":"The Guardian","floor":16,"turns":9},{"damage":16,"enemies":"Shell Parasite","floor":18,"turns":4},{"damage":0,"enemies":"Chosen","floor":19,"turns":4},{"damage":31,"enemies":"Colosseum Slavers","floor":20,"turns":5},{"damage":56,"enemies":"Colosseum Nobs","floor":20,"turns":7},{"damage":1,"enemies":"3 Cultists","floor":21,"turns":5},{"damage":50,"enemies":"Slavers","floor":24,"turns":4}],"seed_played":"5755047784899187692","potions_obtained":[{"floor":1,"key":"Strength Potion"},{"floor":5,"key":"SteroidPotion"},{"floor":11,"key":"Weak Potion"},{"floor":16,"key":"FairyPotion"},{"floor":21,"key":"Fire Potion"}],"is_trial":false,"path_per_floor":["M","M","?","M","M","R","M","R","T","?","M","M","M","$","R","B",null,"M","M","?","M","$","R","E"],"character_chosen":"IRONCLAD","items_purchased":["Disarm","Apotheosis","Bludgeon","Infernal Blade","Rampage"],"campfire_rested":2,"item_purchase_floors":[14,14,22,22,22],"current_hp_per_floor":[80,74,63,67,69,69,58,80,80,73,80,76,78,78,78,53,80,70,78,7,14,14,38,0],"gold":5,"neow_bonus":"","is_prod":false,"is_daily":false,"chose_seed":false,"campfire_upgraded":2,"win_rate":0.0,"timestamp":1548563394,"path_taken":["M","M","?","M","M","R","M","R","T","?","M","M","M","$","R","BOSS","M","M","?","M","$","R","E"],"build_version":"2019-01-23","purchased_purges":0,"victory":false,"max_hp_per_floor":[80,80,80,80,80,80,80,80,80,80,80,80,80,80,80,80,80,80,80,80,80,80,80,80],"card_choices":[{"not_picked":["Sever Soul","Body Slam"],"picked":"Flame Barrier","floor":1},{"not_picked":["Clothesline","Perfected Strike"],"picked":"Rage","floor":2},{"not_picked":["Intimidate","Cleave"],"picked":"Inflame","floor":4},{"not_picked":["Rupture","Disarm"],"picked":"Body Slam","floor":5},{"not_picked":["Sword Boomerang","Body Slam"],"picked":"Seeing Red","floor":7},{"not_picked":["Dropkick","Power Through"],"picked":"Shrug It Off","floor":11},{"not_picked":["Perfected Strike","Rage"],"picked":"Blood for Blood","floor":12},{"not_picked":["Second Wind","Brutality"],"picked":"Sword Boomerang","floor":13},{"not_picked":["Demon Form","Impervious"],"picked":"Berserk","floor":16},{"not_picked":["Sword Boomerang","Rage","Body Slam"],"picked":"SKIP","floor":18},{"not_picked":["Sword Boomerang","Rage","Body Slam"],"picked":"SKIP","floor":18},{"not_picked":["Sword Boomerang","Rage","Body Slam"],"picked":"SKIP","floor":18},{"not_picked":["Cleave","True Grit"],"picked":"Ghostly Armor","floor":19},{"not_picked":["Feel No Pain","Shrug It Off"],"picked":"Thunderclap","floor":20},{"not_picked":["Shrug It Off","Combust"],"picked":"Twin Strike","floor":21}],"player_experience":0,"relics_obtained":[{"floor":9,"key":"Orichalcum"},{"floor":20,"key":"Torii"},{"floor":20,"key":"Gremlin Horn"}],"event_choices":[{"damage_healed":0,"gold_gain":75,"player_choice":"Gather Gold","damage_taken":11,"max_hp_gain":0,"max_hp_loss":0,"event_name":"World of Goop","floor":3,"gold_loss":0},{"damage_healed":0,"gold_gain":0,"player_choice":"Success","damage_taken":7,"relics_obtained":["Blood Vial"],"max_hp_gain":0,"max_hp_loss":0,"event_name":"Scrap Ooze","floor":10,"gold_loss":0},{"damage_healed":0,"gold_gain":0,"player_choice":"Fight","damage_taken":0,"max_hp_gain":0,"max_hp_loss":0,"event_name":"Colosseum","floor":20,"gold_loss":0},{"damage_healed":0,"gold_gain":0,"player_choice":"Fought Nobs","damage_taken":0,"max_hp_gain":0,"max_hp_loss":0,"event_name":"Colosseum","floor":20,"gold_loss":0}],"is_beta":false,"boss_relics":[{"not_picked":["White Beast Statue","Fusion Hammer"],"picked":"Snecko Eye"}],"items_purged_floors":[],"is_endless":false,"potions_floor_spawned":[1,5,11,12,16,19,20,20,21],"killed_by":"Slavers","ascension_level":0}