{"gold_per_floor":[115,38,57,134,145,145,174,124,124,156,156,168,168,168,168,271,271,283,283,283,294,141,141,172,172,172,172,183,202,219,245,245,341,341,351,351,26,37,50,50,70,86,86,104,104,120,44,56,56,56],"floor_reached":50,"playtime":2868,"items_purged":[],"score":676,"play_id":"192f6d93-1387-4017-989c-b3a756b8b94a","local_time":"20190201025649","is_ascension_mode":true,"campfire_choices":[{"data":"Metallicize","floor":6,"key":"SMITH"},{"data":"Feed","floor":11,"key":"SMITH"},{"floor":15,"key":"REST"},{"floor":23,"key":"REST"},{"floor":25,"key":"REST"},{"floor":32,"key":"REST"},{"floor":40,"key":"REST"},{"floor":49,"key":"REST"}],"neow_cost":"NONE","seed_source_timestamp":39314919930927,"circlet_count":0,"master_deck":["Bash","Metallicize+1","Heavy Blade","Feed+1","Flex","Battle Trance","Headbutt","Exhume","Rampage+1","Infernal Blade+1","Dropkick","Fire Breathing+1","Juggernaut","Bludgeon","Fire Breathing","Rage","Impervious","Searing Blow","Spot Weakness","Cleave","Metallicize","Exhume","Sentinel+1","Rupture","Inflame","Shrug It Off+1","Headbutt+1","Parasite","Inflame","Heavy Blade+1"],"relics":["Burning Blood","Bottled Lightning","Magic Flower","Vajra","Gremlin Horn","Fusion Hammer","Enchiridion","MutagenicStrength","Bronze Scales","Boot","Unceasing Top","NlothsMask","Bird Faced Urn","Pandora\u0027s Box","Toxic Egg 2"],"potions_floor_usage":[1,10,18,24,28,33,42,42,44,50,50,50],"damage_taken":[{"damage":10,"enemies":"Cultist","floor":1,"turns":5},{"damage":4,"enemies":"2 Louse","floor":3,"turns":4},{"damage":5,"enemies":"Small Slimes","floor":5,"turns":5},{"damage":54,"enemies":"Lagavulin","floor":7,"turns":9},{"damage":5,"enemies":"3 Sentries","floor":10,"turns":12},{"damage":4,"enemies":"Blue Slaver","floor":12,"turns":4},{"damage":44,"enemies":"The Guardian","floor":16,"turns":14},{"damage":7,"enemies":"Shell Parasite","floor":18,"turns":4},{"damage":19,"enemies":"2 Thieves","floor":21,"turns":3},{"damage":68,"enemies":"Book of Stabbing","floor":24,"turns":6},{"damage":21,"enemies":"Shelled Parasite and Fungi","floor":28,"turns":4},{"damage":1,"enemies":"Centurion and Healer","floor":29,"turns":4},{"damage":16,"enemies":"3 Cultists","floor":30,"turns":5},{"damage":0,"enemies":"Gremlin Leader","floor":31,"turns":6},{"damage":59,"enemies":"Collector","floor":33,"turns":8},{"damage":30,"enemies":"Orb Walker","floor":35,"turns":3},{"damage":46,"enemies":"3 Darklings","floor":38,"turns":5},{"damage":49,"enemies":"Spire Growth","floor":39,"turns":5},{"damage":2,"enemies":"Writhing Mass","floor":41,"turns":5},{"damage":25,"enemies":"Transient","floor":42,"turns":5},{"damage":31,"enemies":"3 Darklings","floor":44,"turns":3},{"damage":5,"enemies":"4 Shapes","floor":46,"turns":8},{"damage":48,"enemies":"Transient","floor":48,"turns":5},{"damage":149,"enemies":"Awakened One","floor":50,"turns":9}],"seed_played":"-8498449117158923808","potions_obtained":[{"floor":1,"key":"Fruit Juice"},{"floor":7,"key":"Block Potion"},{"floor":12,"key":"Dexterity Potion"},{"floor":16,"key":"AttackPotion"},{"floor":24,"key":"Block Potion"},{"floor":30,"key":"SkillPotion"},{"floor":33,"key":"Poison Potion"},{"floor":39,"key":"Block Potion"},{"floor":42,"key":"Poison Potion"},{"floor":44,"key":"FearPotion"},{"floor":48,"key":"SpeedPotion"}],"is_trial":false,"path_per_floor":["M","$","M","?","M","R","E","$","T","E","R","M","?","?","R","B",null,"M","?","?","M","$","R","E","R","T","?","M","M","M","E","R","B",null,"M","?","$","M","M","R","M","M","T","M","?","M","$","M","R","B"],"character_chosen":"IRONCLAD","items_purchased":["Metallicize","Flex","Bronze Scales","Inflame","Toxic Egg 2","EssenceOfSteel"],"campfire_rested":6,"item_purchase_floors":[2,8,22,37,37,47],"current_hp_per_floor":[89,89,91,91,92,92,44,44,44,53,53,64,57,37,67,32,100,104,88,88,84,84,108,49,81,81,81,75,89,88,97,120,76,120,102,102,102,86,64,100,120,109,109,96,96,128,128,94,128,0],"gold":56,"neow_bonus":"TEN_PERCENT_HP_BONUS","is_prod":false,"is_daily":false,"chose_seed":false,"campfire_upgraded":2,"win_rate":0,"timestamp":1548986209,"path_taken":["M","?","M","?","M","R","E","$","T","E","R","M","?","?","R","BOSS","M","?","?","M","$","R","E","R","T","?","M","M","M","E","R","BOSS","M","?","$","M","M","R","M","M","T","?","?","M","?","M","R","BOSS"],"build_version":"2019-01-23","purchased_purges":0,"victory":false,"max_hp_per_floor":[93,93,93,93,93,93,93,93,93,96,96,100,100,100,100,100,100,104,104,104,108,108,108,108,108,108,108,112,116,120,120,120,120,120,120,120,120,120,120,120,120,120,120,120,120,128,128,128,128,128],"card_choices":[{"not_picked":["Flame Barrier","Clothesline","Warcry"],"picked":"SKIP","floor":1},{"not_picked":["Warcry","Flame Barrier"],"picked":"Heavy Blade","floor":3},{"not_picked":["Warcry","Flame Barrier","Havoc"],"picked":"SKIP","floor":5},{"not_picked":["Dropkick","Sword Boomerang"],"picked":"Feed","floor":7},{"not_picked":["Body Slam","Double Tap"],"picked":"Battle Trance","floor":10},{"not_picked":["Shockwave","Wild Strike"],"picked":"Headbutt","floor":12},{"not_picked":["Limit Break","Double Tap"],"picked":"Exhume","floor":16},{"not_picked":["Sword Boomerang","True Grit","Shockwave"],"picked":"SKIP","floor":18},{"not_picked":["Body Slam","True Grit+1","Rupture"],"picked":"SKIP","floor":21},{"not_picked":["Warcry","True Grit+1"],"picked":"Rampage+1","floor":24},{"not_picked":["Havoc","Whirlwind"],"picked":"Infernal Blade+1","floor":28},{"not_picked":["Thunderclap+1","True Grit"],"picked":"Dropkick","floor":29},{"not_picked":["Combust","Warcry"],"picked":"Fire Breathing+1","floor":30},{"not_picked":["Dropkick","Cleave+1"],"picked":"Juggernaut","floor":31},{"not_picked":["Fiend Fire","Dark Embrace"],"picked":"Bludgeon","floor":33},{"not_picked":["Combust","Corruption"],"picked":"Sentinel+1","floor":35},{"not_picked":["Sword Boomerang","Evolve+1"],"picked":"Shrug It Off+1","floor":38},{"not_picked":["Immolate","Wild Strike"],"picked":"Headbutt+1","floor":39},{"not_picked":["Whirlwind","Carnage+1","Havoc+1"],"picked":"SKIP","floor":41},{"not_picked":["Perfected Strike+1","Warcry+1"],"picked":"Inflame","floor":42},{"not_picked":["True Grit+1","Body Slam+1","Anger+1"],"picked":"SKIP","floor":44},{"not_picked":["Anger","Sword Boomerang"],"picked":"Heavy Blade+1","floor":46},{"not_picked":["Combust+1","Power Through+1","Havoc+1"],"picked":"SKIP","floor":48}],"player_experience":148506,"relics_obtained":[{"floor":7,"key":"Bottled Lightning"},{"floor":9,"key":"Magic Flower"},{"floor":10,"key":"Vajra"},{"floor":19,"key":"Enchiridion"},{"floor":24,"key":"Boot"},{"floor":26,"key":"Unceasing Top"},{"floor":31,"key":"Bird Faced Urn"}],"event_choices":[{"damage_healed":0,"gold_gain":77,"player_choice":"Gained Gold","damage_taken":0,"max_hp_gain":0,"max_hp_loss":0,"event_name":"Golden Wing","floor":4,"gold_loss":0},{"damage_healed":0,"gold_gain":0,"player_choice":"Success","damage_taken":7,"relics_obtained":["Gremlin Horn"],"max_hp_gain":0,"max_hp_loss":0,"event_name":"Scrap Ooze","floor":13,"gold_loss":0},{"damage_healed":0,"gold_gain":0,"player_choice":"Entered Light","damage_taken":20,"max_hp_gain":0,"max_hp_loss":0,"event_name":"Shining Light","floor":14,"gold_loss":0,"cards_upgraded":["Defend_R","Strike_R"]},{"damage_healed":0,"gold_gain":0,"player_choice":"Obtained Book","damage_taken":16,"max_hp_gain":0,"max_hp_loss":0,"event_name":"Cursed Tome","floor":19,"gold_loss":0},{"damage_healed":0,"gold_gain":0,"player_choice":"Inject Mutagens","damage_taken":0,"relics_obtained":["MutagenicStrength"],"max_hp_gain":0,"max_hp_loss":0,"event_name":"Drug Dealer","floor":20,"gold_loss":0},{"damage_healed":0,"gold_gain":0,"player_choice":"Trade","damage_taken":0,"relics_obtained":["NlothsMask"],"max_hp_gain":0,"max_hp_loss":0,"event_name":"FaceTrader","floor":27,"gold_loss":0},{"damage_healed":0,"gold_gain":0,"cards_transformed":["Entrench"],"player_choice":"Transformed","damage_taken":0,"max_hp_gain":0,"max_hp_loss":0,"event_name":"Transmorgrifier","floor":36,"gold_loss":0,"cards_obtained":["Rupture"]},{"damage_healed":0,"gold_gain":0,"player_choice":"Ignored","damage_taken":0,"max_hp_gain":0,"max_hp_loss":0,"event_name":"Mysterious Sphere","floor":45,"gold_loss":0}],"is_beta":false,"boss_relics":[{"not_picked":["Calling Bell","Runic Dome"],"picked":"Fusion Hammer"},{"not_picked":["Astrolabe","White Beast Statue"],"picked":"Pandora\u0027s Box"}],"items_purged_floors":[],"is_endless":false,"potions_floor_spawned":[1,7,12,16,24,30,33,39,42,44,48],"killed_by":"Awakened One","ascension_level":3}