{"gold_per_floor":[116,135,135,152,198,198,215,250,250,262,262,262,58,72,72,72],"floor_reached":16,"playtime":427,"items_purged":["Strike_B"],"score":163,"play_id":"0fb9ebb9-2f03-4b5e-bff9-24fb4734d243","local_time":"20190131053535","is_ascension_mode":true,"campfire_choices":[{"floor":6,"key":"REST"},{"floor":11,"key":"REST"},{"floor":15,"key":"REST"}],"neow_cost":"PERCENT_DAMAGE","seed_source_timestamp":1776324648246901,"circlet_count":0,"master_deck":["AscendersBane","Defend_B","Defend_B","Defend_B","Defend_B","Zap","Dualcast","Streamline","Gash","Gash","Hologram","Sweeping Beam","Rebound","Dramatic Entrance"],"relics":["Cracked Core","Omamori","Dodecahedron","Cables","Golden Idol"],"potions_floor_usage":[8,8],"damage_taken":[{"damage":6,"enemies":"Cultist","floor":1,"turns":4},{"damage":7,"enemies":"Jaw Worm","floor":2,"turns":2},{"damage":10,"enemies":"Small Slimes","floor":4,"turns":3},{"damage":0,"enemies":"3 Louse","floor":7,"turns":3},{"damage":19,"enemies":"Lagavulin","floor":8,"turns":6},{"damage":21,"enemies":"Exordium Thugs","floor":10,"turns":4},{"damage":10,"enemies":"Large Slime","floor":14,"turns":4},{"damage":48,"enemies":"Slime Boss","floor":16,"turns":6}],"seed_played":"2946470010980298980","potions_obtained":[{"floor":1,"key":"Weak Potion"},{"floor":4,"key":"AttackPotion"}],"is_trial":false,"path_per_floor":["M","M","?","M","T","R","M","E","T","M","R","?","$","M","R","B"],"character_chosen":"DEFECT","items_purchased":["Rebound","Dramatic Entrance"],"campfire_rested":3,"item_purchase_floors":[13,13],"current_hp_per_floor":[44,37,37,27,27,49,49,30,30,9,31,31,31,21,41,0],"gold":72,"neow_bonus":"REMOVE_TWO","is_prod":false,"is_daily":false,"chose_seed":false,"campfire_upgraded":0,"win_rate":0,"timestamp":1548912935,"path_taken":["M","M","?","?","?","R","M","E","T","M","R","?","$","M","R","BOSS"],"build_version":"2019-01-23","purchased_purges":1,"victory":false,"max_hp_per_floor":[75,75,75,75,75,75,75,75,75,75,75,69,69,69,69,69],"card_choices":[{"not_picked":["Skim","Hello World"],"picked":"Streamline","floor":1},{"not_picked":["Ball Lightning","Stack"],"picked":"Gash","floor":2},{"not_picked":["Ball Lightning","Conserve Battery"],"picked":"Gash","floor":4},{"not_picked":["Reprogram","Sunder"],"picked":"Hologram","floor":7},{"not_picked":["Hologram","Undo"],"picked":"Sweeping Beam","floor":8},{"not_picked":["Blizzard","Rip and Tear","Undo"],"picked":"SKIP","floor":10},{"not_picked":["Redo","Rebound","Sweeping Beam"],"picked":"SKIP","floor":14}],"player_experience":536283,"relics_obtained":[{"floor":5,"key":"Omamori"},{"floor":8,"key":"Dodecahedron"},{"floor":9,"key":"Cables"}],"event_choices":[{"cards_removed":["Strike_B"],"damage_healed":0,"gold_gain":0,"player_choice":"Purged","damage_taken":0,"max_hp_gain":0,"max_hp_loss":0,"event_name":"Purifier","floor":3,"gold_loss":0},{"damage_healed":0,"gold_gain":0,"player_choice":"Lose Max HP","damage_taken":0,"relics_obtained":["Golden Idol"],"max_hp_gain":0,"max_hp_loss":6,"event_name":"Golden Idol","floor":12,"gold_loss":0}],"is_beta":true,"boss_relics":[],"items_purged_floors":[13],"is_endless":false,"potions_floor_spawned":[1,4],"killed_by":"Slime Boss","ascension_level":12}