{"gold_per_floor":[114,34,34,34,45,45,58,58,108,108,125,125,143,178,178,282,282,301,301,321,341,341,341,374,374,401,430,446,545,545,545],"floor_reached":31,"playtime":973,"items_purged":[],"score":353,"play_id":"d69ac6b8-fa61-4770-a2b2-25028bacf20c","local_time":"20190206145144","is_ascension_mode":true,"campfire_choices":[{"data":"Feed","floor":6,"key":"SMITH"},{"data":"Whirlwind","floor":8,"key":"SMITH"},{"data":"Metallicize","floor":10,"key":"SMITH"},{"data":"Heavy Blade","floor":12,"key":"SMITH"},{"data":"Flex","floor":15,"key":"SMITH"},{"floor":23,"key":"REST"},{"floor":25,"key":"REST"},{"floor":30,"key":"REST"}],"neow_cost":"NONE","seed_source_timestamp":3575301988248,"circlet_count":0,"master_deck":["Strike_R","Strike_R","Strike_R","Strike_R","Defend_R","Defend_R","Defend_R","Defend_R","Bash","Feed+1","Metallicize+1","Whirlwind+1","Twin Strike","Heavy Blade+1","Twin Strike","Flex","Flex+1","Juggernaut","Flex+1","Barricade"],"relics":["Burning Blood","Charon\u0027s Ashes","Black Star","Enchiridion","Bronze Scales","Pantograph","Potion Belt","Anchor","Vajra"],"potions_floor_usage":[14,20,24,27,31,31],"damage_taken":[{"damage":8,"enemies":"Small Slimes","floor":1,"turns":4},{"damage":1,"enemies":"Cultist","floor":5,"turns":5},{"damage":3,"enemies":"2 Louse","floor":7,"turns":2},{"damage":7,"enemies":"Looter","floor":11,"turns":2},{"damage":12,"enemies":"Blue Slaver","floor":13,"turns":4},{"damage":32,"enemies":"Lagavulin","floor":14,"turns":4},{"damage":11,"enemies":"Slime Boss","floor":16,"turns":8},{"damage":34,"enemies":"Shell Parasite","floor":18,"turns":6},{"damage":7,"enemies":"3 Byrds","floor":20,"turns":3},{"damage":19,"enemies":"3 Cultists","floor":21,"turns":4},{"damage":64,"enemies":"Book of Stabbing","floor":24,"turns":7},{"damage":29,"enemies":"Gremlin Leader","floor":27,"turns":6},{"damage":27,"enemies":"Cultist and Chosen","floor":28,"turns":6},{"damage":48,"enemies":"Slavers","floor":31,"turns":3}],"seed_played":"-519717744033498527","potions_obtained":[{"floor":1,"key":"Fire Potion"},{"floor":5,"key":"FearPotion"},{"floor":13,"key":"LiquidBronze"},{"floor":14,"key":"Swift Potion"},{"floor":21,"key":"SkillPotion"},{"floor":27,"key":"FearPotion"},{"floor":28,"key":"Energy Potion"}],"is_trial":false,"path_per_floor":["M","$","?","$","M","R","M","R","T","R","M","R","M","E","R","B",null,"M","?","M","M","?","R","E","R","T","E","M","?","R","E"],"character_chosen":"IRONCLAD","items_purchased":["Whirlwind"],"campfire_rested":3,"item_purchase_floors":[2],"current_hp_per_floor":[81,81,81,81,83,83,87,87,87,87,90,90,88,62,62,61,99,75,75,74,65,49,81,23,55,55,32,11,11,43,0],"gold":545,"neow_bonus":"ONE_RANDOM_RARE_CARD","is_prod":false,"is_daily":false,"chose_seed":false,"campfire_upgraded":5,"win_rate":0,"timestamp":1549461104,"path_taken":["M","$","?","$","?","R","M","R","T","R","M","R","M","E","R","BOSS","M","?","M","M","?","R","E","R","T","E","M","?","R","E"],"build_version":"2019-01-23","purchased_purges":0,"victory":false,"max_hp_per_floor":[83,83,83,83,83,83,87,87,87,87,91,91,95,95,95,99,99,103,103,103,107,107,107,107,107,107,107,107,107,107,107],"card_choices":[{"not_picked":["Rupture","Cleave"],"picked":"Metallicize","floor":1},{"not_picked":["Perfected Strike","Inflame"],"picked":"Twin Strike","floor":5},{"not_picked":["Warcry","Blood for Blood"],"picked":"Heavy Blade","floor":7},{"not_picked":["Body Slam","Reaper"],"picked":"Twin Strike","floor":11},{"not_picked":["Bloodletting","Perfected Strike"],"picked":"Flex","floor":13},{"not_picked":["Rage","Feed"],"picked":"Flex","floor":14},{"not_picked":["Limit Break","Immolate"],"picked":"Juggernaut","floor":16},{"not_picked":["Clash","Blood for Blood+1","Wild Strike"],"picked":"SKIP","floor":18},{"not_picked":["Twin Strike+1","Rampage"],"picked":"Flex+1","floor":20},{"not_picked":["Clothesline","Thunderclap","Twin Strike"],"picked":"SKIP","floor":21},{"not_picked":["Battle Trance+1","Sword Boomerang+1"],"picked":"Barricade","floor":24},{"not_picked":["Headbutt","Evolve","Fire Breathing"],"picked":"SKIP","floor":27},{"not_picked":["Iron Wave","Whirlwind","Hemokinesis"],"picked":"SKIP","floor":28}],"player_experience":220509,"relics_obtained":[{"floor":14,"key":"Charon\u0027s Ashes"},{"floor":22,"key":"Enchiridion"},{"floor":24,"key":"Bronze Scales"},{"floor":24,"key":"Pantograph"},{"floor":26,"key":"Potion Belt"},{"floor":27,"key":"Anchor"},{"floor":27,"key":"Vajra"}],"event_choices":[{"cards_removed":["Strike_R"],"damage_healed":0,"gold_gain":0,"player_choice":"Purged","damage_taken":0,"max_hp_gain":0,"max_hp_loss":0,"event_name":"Purifier","floor":3,"gold_loss":0},{"damage_healed":0,"gold_gain":0,"player_choice":"Ignored","damage_taken":0,"max_hp_gain":0,"max_hp_loss":0,"event_name":"Ghosts","floor":19,"gold_loss":0},{"damage_healed":0,"gold_gain":0,"player_choice":"Obtained Book","damage_taken":16,"max_hp_gain":0,"max_hp_loss":0,"event_name":"Cursed Tome","floor":22,"gold_loss":0},{"damage_healed":0,"gold_gain":99,"player_choice":"Stole From Cult","damage_taken":0,"max_hp_gain":0,"max_hp_loss":0,"event_name":"Nest","floor":29,"gold_loss":0}],"is_beta":false,"boss_relics":[{"not_picked":["Snecko Eye","Ectoplasm"],"picked":"Black Star"}],"items_purged_floors":[],"is_endless":false,"potions_floor_spawned":[1,5,13,14,21,27,28],"killed_by":"Slavers","ascension_level":4}