{"path_per_floor":["M","M","?","?","M","E","R","E","T","?","$","M","R","M","R","B",null,"M","M","$"],"character_chosen":"DEFECT","items_purchased":["Good Instincts"],"gold_per_floor":[15,29,29,29,43,75,75,100,100,100,25,38,38,53,53,184,184,209,230,35,35],"floor_reached":21,"campfire_rested":1,"playtime":796,"current_hp_per_floor":[68,67,67,72,72,57,57,53,53,53,53,53,53,53,77,10,80,56,14,14,0],"items_purged":["Injury","Thunder Strike"],"gold":35,"score":227,"play_id":"2220b59d-fe54-4689-a1d2-214264127a3b","local_time":"20180511154526","is_prod":false,"is_daily":false,"chose_seed":false,"is_ascension_mode":true,"campfire_upgraded":2,"timestamp":1526078726,"path_taken":["M","M","?","?","?","E","R","E","T","?","$","M","R","M","R","BOSS","M","M","?","M"],"build_version":"2018-05-10","seed_source_timestamp":145448084216150,"purchased_purges":2,"victory":false,"master_deck":["Strike_B","Strike_B","Strike_B","Defend_B","Defend_B","Defend_B","Defend_B","Zap+1","Dualcast","Reboot","Auto Shields","Sunder+1","Storm","Leap","Force Field","Cold Snap","White Noise","Nova","Static Discharge","Blizzard+1","Good Instincts"],"max_hp_per_floor":[75,75,75,80,80,80,80,80,80,80,80,80,80,80,80,80,80,80,80,80,80],"relics":["Cracked Core","Vajra","Ginger","Bottled Lightning","Golden Idol","Inserter"],"card_choices":[{"not_picked":["Nova","Creative AI"],"picked":"Reboot","floor":0},{"not_picked":["Lockon","Ball Lightning"],"picked":"Auto Shields","floor":1},{"not_picked":["Recycle","Turbo"],"picked":"Sunder","floor":2},{"not_picked":["Beam Cell","Turbo"],"picked":"Leap","floor":5},{"not_picked":["Storm","Turbo"],"picked":"Force Field","floor":6},{"not_picked":["Axe Kick","Steam"],"picked":"Thunder Strike","floor":8},{"not_picked":["Sunder","Auto Shields"],"picked":"Cold Snap","floor":12},{"not_picked":["Steam","Reprogram"],"picked":"White Noise","floor":14},{"not_picked":["Biased Cognition","Multi-Cast"],"picked":"Nova","floor":16},{"not_picked":["Streamline","Conserve Battery"],"picked":"Static Discharge","floor":18},{"not_picked":["Cold Snap","Rebound"],"picked":"Blizzard","floor":19}],"player_experience":208596,"potions_floor_usage":[6,8,16],"damage_taken":[{"damage":7,"enemies":"Small Slimes","floor":1,"turns":3},{"damage":1,"enemies":"Cultist","floor":2,"turns":3},{"damage":0,"enemies":"Jaw Worm","floor":5,"turns":3},{"damage":15,"enemies":"Lagavulin","floor":6,"turns":10},{"damage":4,"enemies":"3 Sentries","floor":8,"turns":6},{"damage":0,"enemies":"2 Fungi Beasts","floor":12,"turns":2},{"damage":0,"enemies":"Blue Slaver","floor":14,"turns":2},{"damage":67,"enemies":"Hexaghost","floor":16,"turns":11},{"damage":24,"enemies":"Chosen","floor":18,"turns":6},{"damage":42,"enemies":"2 Thieves","floor":19,"turns":3},{"damage":14,"enemies":"Centurion and Healer","floor":21,"turns":2}],"event_choices":[{"event_name":"Transmorgrifier","player_choice":"Transform","floor":3,"damage_taken":0},{"event_name":"Big Fish","player_choice":"Donut","floor":4,"damage_taken":0},{"event_name":"Golden Idol","player_choice":"Take Wound","floor":10,"damage_taken":0}],"boss_relics":[{"not_picked":["Lizard Tail","Black Star"],"picked":"Inserter"}],"potions_floor_spawned":[1,5,12],"seed_played":"-2890519516075694526","killed_by":"Centurion and Healer","ascension_level":4,"is_trial":false}