{"gold_per_floor":[219,169,180,198,213,213,20,49,76,96,10,21,21,38,38,139,139,151,163,163,163,263,263],"floor_reached":23,"playtime":1502,"items_purged":[],"score":222,"play_id":"0d9f19ca-9711-4754-acc1-eccd9d881b8c","local_time":"20190203022803","is_ascension_mode":true,"campfire_choices":[{"floor":6,"key":"RECALL"},{"data":"Blade Dance","floor":15,"key":"SMITH"}],"neow_cost":"NONE","seed_source_timestamp":176369950531,"circlet_count":0,"master_deck":["Defend_G","Defend_G","Defend_G","Defend_G","Defend_G","Strike_G","Strike_G","Strike_G","Strike_G","Survivor","Neutralize","Blade Dance+1","Cloak And Dagger","Backstab","Infinite Blades","Noxious Fumes","Blade Dance","Deflect","Flash of Steel","Slice","Malaise","Injury","Parasite","Decay","Noxious Fumes+1","Necronomicurse"],"relics":["Ring of the Snake","Snake Skull","Orichalcum","Regal Pillow","Calling Bell","Juzu Bracelet","Shuriken","Dead Branch","Necronomicon","Ice Cream","Question Card"],"potions_floor_usage":[8,8,16,18,19,22,22],"damage_taken":[{"damage":0,"enemies":"Small Slimes","floor":1,"turns":5},{"damage":0,"enemies":"2 Louse","floor":3,"turns":2},{"damage":0,"enemies":"Cultist","floor":4,"turns":4},{"damage":1,"enemies":"Large Slime","floor":5,"turns":6},{"damage":15,"enemies":"Gremlin Nob","floor":8,"turns":4},{"damage":5,"enemies":"3 Louse","floor":10,"turns":3},{"damage":0,"enemies":"2 Fungi Beasts","floor":12,"turns":3},{"damage":1,"enemies":"Red Slaver","floor":14,"turns":3},{"damage":31,"enemies":"The Guardian","floor":16,"turns":11},{"damage":4,"enemies":"Chosen","floor":18,"turns":3},{"damage":7,"enemies":"Spheric Guardian","floor":19,"turns":4},{"damage":16,"enemies":"Colosseum Slavers","floor":22,"turns":4},{"damage":11,"enemies":"Colosseum Nobs","floor":22,"turns":4},{"damage":5,"enemies":"Book of Stabbing","floor":23,"turns":1}],"seed_played":"3363365972357719080","potions_obtained":[{"floor":1,"key":"GamblersBrew"},{"floor":5,"key":"PowerPotion"},{"floor":8,"key":"Block Potion"},{"floor":10,"key":"AttackPotion"},{"floor":12,"key":"Dexterity Potion"},{"floor":16,"key":"GamblersBrew"},{"floor":18,"key":"Explosive Potion"}],"is_trial":false,"path_per_floor":["M","?","M","M","M","R","$","E","T","M","$","M","?","M","R","B",null,"M","M","?","?","?","E"],"character_chosen":"THE_SILENT","items_purchased":["Snake Skull","Noxious Fumes","Flash of Steel"],"campfire_rested":0,"item_purchase_floors":[7,7,11],"current_hp_per_floor":[70,70,70,70,69,69,69,54,54,49,49,49,49,48,48,17,70,66,59,43,30,3,0],"gold":263,"neow_bonus":"HUNDRED_GOLD","is_prod":false,"is_daily":false,"chose_seed":false,"campfire_upgraded":1,"win_rate":0,"timestamp":1549157283,"path_taken":["M","?","M","M","M","R","$","E","T","M","$","M","?","?","R","BOSS","M","M","?","?","?","E"],"build_version":"2019-01-23","purchased_purges":0,"victory":false,"max_hp_per_floor":[70,70,70,70,70,70,70,70,70,70,70,70,70,70,70,70,70,70,70,70,75,75,75],"card_choices":[{"not_picked":["Calculated Gamble","Terror"],"picked":"Blade Dance","floor":1},{"not_picked":["Catalyst","Predator"],"picked":"Cloak And Dagger","floor":3},{"not_picked":["Terror","PiercingWail"],"picked":"Backstab","floor":4},{"not_picked":["Heel Hook","Crippling Poison"],"picked":"Infinite Blades","floor":5},{"not_picked":["Outmaneuver","Acrobatics"],"picked":"Blade Dance","floor":8},{"not_picked":["Dodge and Roll","Outmaneuver"],"picked":"Deflect","floor":10},{"not_picked":["Backflip","Tactician"],"picked":"Slice","floor":12},{"not_picked":["Sucker Punch","Quick Slash","Underhanded Strike"],"picked":"SKIP","floor":14},{"not_picked":["Wraith Form v2","Doppelganger"],"picked":"Malaise","floor":16},{"not_picked":["Prepared","Distraction"],"picked":"Noxious Fumes+1","floor":18},{"not_picked":["Expertise","Distraction","Underhanded Strike"],"picked":"SKIP","floor":19}],"player_experience":200838,"relics_obtained":[{"floor":8,"key":"Orichalcum"},{"floor":13,"key":"Regal Pillow"},{"floor":17,"key":"Juzu Bracelet"},{"floor":17,"key":"Shuriken"},{"floor":17,"key":"Dead Branch"},{"floor":20,"key":"Necronomicon"},{"floor":22,"key":"Ice Cream"},{"floor":22,"key":"Question Card"}],"event_choices":[{"cards_removed":["Strike_G"],"damage_healed":0,"gold_gain":0,"player_choice":"Card Removal","damage_taken":0,"max_hp_gain":0,"max_hp_loss":0,"event_name":"The Cleric","floor":2,"gold_loss":50},{"damage_healed":0,"gold_gain":0,"player_choice":"Relic","damage_taken":0,"max_hp_gain":0,"max_hp_loss":0,"event_name":"Wheel of Change","floor":13,"gold_loss":0},{"damage_healed":0,"gold_gain":0,"player_choice":"Obtained Book","damage_taken":16,"max_hp_gain":0,"max_hp_loss":0,"event_name":"Cursed Tome","floor":20,"gold_loss":0},{"damage_healed":0,"gold_gain":0,"player_choice":"Shed Blood","damage_taken":18,"max_hp_gain":5,"max_hp_loss":0,"event_name":"Forgotten Altar","floor":21,"gold_loss":0},{"damage_healed":0,"gold_gain":0,"player_choice":"Fight","damage_taken":0,"max_hp_gain":0,"max_hp_loss":0,"event_name":"Colosseum","floor":22,"gold_loss":0},{"damage_healed":0,"gold_gain":0,"player_choice":"Fought Nobs","damage_taken":0,"max_hp_gain":0,"max_hp_loss":0,"event_name":"Colosseum","floor":22,"gold_loss":0}],"is_beta":false,"boss_relics":[{"not_picked":["Coffee Dripper","Philosopher\u0027s Stone"],"picked":"Calling Bell"}],"items_purged_floors":[],"is_endless":false,"potions_floor_spawned":[1,5,8,10,12,16,18],"killed_by":"Book of Stabbing","ascension_level":3}