{"gold_per_floor":[110,185,139,414,432,457,457,457,531,550,564,564,564,585,585,710,710,650],"floor_reached":18,"playtime":776,"items_purged":[],"score":216,"play_id":"984c645f-bd4e-47a1-8099-b5e1729086e8","local_time":"20190121045644","is_ascension_mode":true,"campfire_choices":[{"data":"Armaments","floor":7,"key":"SMITH"},{"floor":12,"key":"REST"},{"floor":15,"key":"REST"}],"neow_cost":"CURSE","seed_source_timestamp":909647303939873,"circlet_count":0,"master_deck":["Strike_R","Strike_R","Strike_R","Defend_R","Defend_R","Defend_R","Bash","Clumsy","Rage","Armaments+1","Regret","Fire Breathing","Metallicize","Iron Wave","Rage","Feed","Intimidate+1","Power Through+1","Impervious+1"],"relics":["Burning Blood","WingedGreaves","Omamori","WarpedTongs","Blue Candle","Golden Idol","Astrolabe"],"potions_floor_usage":[11],"damage_taken":[{"damage":8,"enemies":"2 Louse","floor":1,"turns":4},{"damage":7,"enemies":"Cultist","floor":5,"turns":4},{"damage":31,"enemies":"Lagavulin","floor":6,"turns":8},{"damage":8,"enemies":"Jaw Worm","floor":10,"turns":4},{"damage":12,"enemies":"Exordium Wildlife","floor":11,"turns":6},{"damage":4,"enemies":"2 Fungi Beasts","floor":14,"turns":5},{"damage":46,"enemies":"The Guardian","floor":16,"turns":16},{"damage":17,"enemies":"2 Thieves","floor":18,"turns":3}],"seed_played":"-7342725063220340027","potions_obtained":[{"floor":6,"key":"GamblersBrew"},{"floor":11,"key":"Explosive Potion"},{"floor":14,"key":"Ancient Potion"}],"is_trial":false,"path_per_floor":["M","?","$","?","M","E","R","?","T","M","M","R","?","M","R","B",null,"M"],"character_chosen":"IRONCLAD","items_purchased":["Armaments"],"campfire_rested":2,"item_purchase_floors":[3],"current_hp_per_floor":[70,59,59,59,58,33,33,33,33,31,25,49,49,51,75,35,69,52],"gold":650,"neow_bonus":"ONE_RARE_RELIC","is_prod":false,"is_daily":false,"chose_seed":false,"campfire_upgraded":1,"win_rate":0,"timestamp":1548046604,"path_taken":["M","?","$","?","?","E","R","?","T","M","?","R","?","M","R","BOSS","M"],"build_version":"2019-01-19","purchased_purges":0,"victory":false,"max_hp_per_floor":[80,80,80,80,80,80,80,80,80,80,80,80,80,80,80,80,80,80],"card_choices":[{"not_picked":["Flex","Bloodletting"],"picked":"Rage","floor":1},{"not_picked":["Pommel Strike","Burning Pact"],"picked":"Fire Breathing","floor":5},{"not_picked":["Headbutt","Pommel Strike"],"picked":"Metallicize","floor":6},{"not_picked":["Reckless Charge","Anger"],"picked":"Iron Wave","floor":10},{"not_picked":["Sever Soul","Whirlwind"],"picked":"Rage","floor":11},{"not_picked":["Perfected Strike","Reckless Charge","Sword Boomerang"],"picked":"SKIP","floor":14},{"not_picked":["Exhume","Immolate"],"picked":"Feed","floor":16}],"player_experience":442279,"relics_obtained":[{"floor":6,"key":"Omamori"},{"floor":9,"key":"Blue Candle"}],"event_choices":[{"damage_healed":0,"gold_gain":75,"player_choice":"Gather Gold","damage_taken":11,"max_hp_gain":0,"max_hp_loss":0,"event_name":"World of Goop","floor":2,"gold_loss":0},{"damage_healed":0,"gold_gain":275,"player_choice":"Desecrate","damage_taken":0,"max_hp_gain":0,"max_hp_loss":0,"event_name":"Golden Shrine","floor":4,"gold_loss":0,"cards_obtained":["Regret"]},{"damage_healed":0,"gold_gain":0,"player_choice":"Rummage","damage_taken":0,"relics_obtained":["WarpedTongs"],"max_hp_gain":0,"max_hp_loss":0,"event_name":"Accursed Blacksmith","floor":8,"gold_loss":0,"cards_obtained":["Pain"]},{"damage_healed":0,"gold_gain":0,"player_choice":"Take Wound","damage_taken":0,"relics_obtained":["Golden Idol"],"max_hp_gain":0,"max_hp_loss":0,"event_name":"Golden Idol","floor":13,"gold_loss":0,"cards_obtained":["Injury"]}],"is_beta":true,"boss_relics":[{"not_picked":["Runic Pyramid","White Beast Statue"],"picked":"Astrolabe"}],"items_purged_floors":[],"is_endless":false,"potions_floor_spawned":[6,11,14],"killed_by":"2 Thieves","ascension_level":7}