{"gold_per_floor":[117,192,67,67,67,67,105,125,195,240,12,53,53,88,88,88],"floor_reached":16,"playtime":460,"items_purged":[],"score":221,"play_id":"e971625e-8c8f-4b1f-9b3a-d9cc658d4949","local_time":"20190108211954","is_ascension_mode":true,"campfire_choices":[{"data":"Fusion","floor":6.0,"key":"SMITH"},{"data":"Defragment","floor":13.0,"key":"SMITH"},{"floor":15,"key":"REST"}],"neow_cost":"NONE","seed_source_timestamp":0,"circlet_count":0,"master_deck":["Strike_B","Strike_B","Strike_B","Strike_B","Defend_B","Defend_B","Defend_B","Defend_B","Zap","Dualcast","Chaos","Fusion+1","Compile Driver","Chill","Coolheaded","Defragment+1","Redo"],"special_seed":0,"relics":["Cracked Core","NeowsBlessing","Golden Idol","Singing Bowl","Gremlin Horn","Vajra","Juzu Bracelet","Sundial","Bag of Marbles"],"potions_floor_usage":[14],"damage_taken":[{"damage":0.0,"enemies":"2 Louse","floor":1.0,"turns":1.0},{"damage":0.0,"enemies":"3 Sentries","floor":7.0,"turns":1.0},{"damage":0.0,"enemies":"Small Slimes","floor":8.0,"turns":1.0},{"damage":0.0,"enemies":"Lagavulin","floor":12.0,"turns":7.0},{"damage":40,"enemies":"Gremlin Nob","floor":14,"turns":5},{"damage":45,"enemies":"Hexaghost","floor":16,"turns":11}],"seed_played":"-7516906660479573572","potions_obtained":[{"floor":1.0,"key":"EssenceOfSteel"},{"floor":12.0,"key":"Regen Potion"}],"is_trial":false,"path_per_floor":["M","?","$","?","$","R","E","M","T","T","$","E","R","E","R","B"],"character_chosen":"DEFECT","items_purchased":["Fusion","Compile Driver","Defragment","Juzu Bracelet"],"campfire_rested":1,"item_purchase_floors":[3,3,11,11],"current_hp_per_floor":[68,57,57,39,39,39,39,39,39,39,39,39,39,15,38,0],"gold":88,"neow_bonus":"THREE_ENEMY_KILL","is_prod":false,"is_daily":false,"chose_seed":false,"campfire_upgraded":2,"win_rate":0,"timestamp":1546982394,"path_taken":["M","?","$","?","?","R","E","M","T","?","$","E","R","E","R","BOSS"],"build_version":"2019-01-07","purchased_purges":0,"victory":false,"max_hp_per_floor":[75,75,75,75,75,75,75,75,75,75,75,75,75,77,77,77],"card_choices":[{"not_picked":["Steam Power","Turbo"],"picked":"Chaos","floor":1.0},{"not_picked":["Leap","Rebound"],"picked":"Chill","floor":7.0},{"not_picked":["Turbo","Streamline"],"picked":"Coolheaded","floor":8.0},{"not_picked":["Gash","Recycle"],"picked":"Redo","floor":12.0},{"not_picked":["Cold Snap","Sweeping Beam","Steam"],"picked":"Singing Bowl","floor":14}],"player_experience":385456,"relics_obtained":[{"floor":7.0,"key":"Singing Bowl"},{"floor":9.0,"key":"Gremlin Horn"},{"floor":10.0,"key":"Vajra"},{"floor":12.0,"key":"Sundial"},{"floor":14,"key":"Bag of Marbles"}],"event_choices":[{"damage_healed":0.0,"max_hp_gain":0.0,"max_hp_loss":0.0,"gold_gain":75.0,"event_name":"World of Goop","player_choice":"Gather Gold","floor":2.0,"gold_loss":0.0,"damage_taken":11.0},{"damage_healed":0.0,"max_hp_gain":0.0,"max_hp_loss":0.0,"gold_gain":0.0,"event_name":"Golden Idol","player_choice":"Take Damage","floor":4.0,"gold_loss":0.0,"damage_taken":18.0,"relics_obtained":["Golden Idol"]}],"is_beta":true,"boss_relics":[],"items_purged_floors":[],"is_endless":false,"potions_floor_spawned":[1,12],"killed_by":"Hexaghost","ascension_level":7}