{"path_per_floor":["M","M","?","$","?","E","R","E","T","R","M","E","$","M","R"],"character_chosen":"THE_SILENT","items_purchased":[],"gold_per_floor":[99,99,99,24,24,24,24,24,24,24,24,24,24,24,24,24],"floor_reached":16,"campfire_rested":2,"playtime":711,"item_purchase_floors":[],"current_hp_per_floor":[70,70,70,70,53,34,34,19,19,40,40,27,27,27,48,0],"items_purged":["Doubt"],"gold":24,"score":136,"play_id":"30e5c681-2433-46f3-8d48-f44013015526","local_time":"20180520221710","is_prod":false,"is_daily":false,"chose_seed":false,"is_ascension_mode":true,"campfire_upgraded":1,"timestamp":1526851030,"campfire_choices":[{"data":"Choke","floor":7,"key":"SMITH"},{"floor":10,"key":"REST"},{"floor":15,"key":"REST"}],"path_taken":["M","M","?","$","?","E","R","E","T","R","M","E","$","M","R","BOSS"],"build_version":"2018-05-18","seed_source_timestamp":646751255426621,"purchased_purges":1,"victory":false,"master_deck":["Defend_G","Defend_G","Defend_G","Defend_G","Defend_G","Strike_G","Strike_G","Strike_G","Strike_G","Strike_G","Survivor","Neutralize","Distraction","Backstab","Choke+1","Leg Sweep","Finisher","Terror"],"max_hp_per_floor":[70,70,70,70,70,70,70,70,70,70,70,70,70,70,70,70],"relics":["Ectoplasm","Golden Idol","Unceasing Top","Snake Skull","Ninja Scroll","Calipers"],"card_choices":[{"not_picked":["Catalyst","Backstab"],"picked":"Distraction","floor":1},{"not_picked":["Setup","Poisoned Stab"],"picked":"Backstab","floor":2},{"not_picked":["Skewer","Calculated Gamble"],"picked":"Choke","floor":6},{"not_picked":["Malaise","Dagger Spray","Heel Hook"],"picked":"SKIP","floor":8},{"not_picked":["Backflip","Flying Knee"],"picked":"Leg Sweep","floor":11},{"not_picked":["Setup","Backflip"],"picked":"Finisher","floor":12},{"not_picked":["Finisher","Underhanded Strike"],"picked":"Terror","floor":14}],"player_experience":172425,"potions_floor_usage":[6,16,16],"damage_taken":[{"damage":0,"enemies":"Cultist","floor":1,"turns":5},{"damage":0,"enemies":"Small Slimes","floor":2,"turns":3},{"damage":19,"enemies":"3 Sentries","floor":6,"turns":8},{"damage":15,"enemies":"Lagavulin","floor":8,"turns":5},{"damage":0,"enemies":"Jaw Worm","floor":11,"turns":1},{"damage":13,"enemies":"Gremlin Nob","floor":12,"turns":4},{"damage":0,"enemies":"2 Fungi Beasts","floor":14,"turns":3},{"damage":49,"enemies":"Slime Boss","floor":16,"turns":9}],"relics_obtained":[{"floor":6,"key":"Unceasing Top"},{"floor":8,"key":"Snake Skull"},{"floor":9,"key":"Ninja Scroll"},{"floor":12,"key":"Calipers"}],"event_choices":[{"event_name":"Liars Game","player_choice":"agreed","floor":3,"damage_taken":0},{"event_name":"Golden Idol","player_choice":"Take Damage","floor":5,"damage_taken":0}],"boss_relics":[],"items_purged_floors":[4],"potions_floor_spawned":[1,12,14],"seed_played":"5836749055596761046","killed_by":"Slime Boss","ascension_level":3,"potions_obtained":[{"floor":1,"key":"LiquidBronze"},{"floor":12,"key":"EssenceOfSteel"},{"floor":14,"key":"Block Potion"}],"is_trial":false}