{"path_per_floor":["M","$","?","?","M","E","R","M","T","E","M","E","R","M","R","B",null,"M","?","M","?","?","R","E","M","T","$","M","?","M"],"character_chosen":"DEFECT","items_purchased":["Skim","Sadistic Nature","FocusPotion"],"gold_per_floor":[114,17,17,0,17,43,43,53,123,150,160,189,189,199,199,304,334,353,298,309,309,309,309,341,359,359,56,66,66,83,83],"floor_reached":31,"campfire_rested":2,"playtime":1116,"current_hp_per_floor":[67,67,67,67,58,41,41,41,41,21,14,10,30,28,48,34,65,61,61,61,61,61,61,42,31,31,31,18,11,1,0],"items_purged":["Dualcast","Skim"],"gold":83,"score":371,"play_id":"ce5db414-3b6a-438d-ad6e-be424cc0f1bd","local_time":"20180513001818","is_prod":false,"is_daily":false,"chose_seed":false,"is_ascension_mode":true,"campfire_upgraded":2,"timestamp":1526195898,"path_taken":["M","$","?","?","M","E","R","M","T","E","M","E","R","M","R","BOSS","M","?","?","?","?","R","E","M","T","$","?","?","M","M"],"build_version":"2018-05-12v2","seed_source_timestamp":52187419378638,"purchased_purges":2,"victory":false,"master_deck":["Strike_B+1","Strike_B+1","Strike_B+1","Strike_B+1","Defend_B+1","Defend_B+1","Defend_B+1","Defend_B+1","Zap+1","Auto Shields","Biased Cognition+1","Storm","Ball Lightning+1","Reinforced Body","Sunder+1","Go for the Eyes+1","Go for the Eyes+1","Sadistic Nature","Auto Shields"],"max_hp_per_floor":[68,68,68,68,68,68,68,68,68,68,68,68,68,68,68,68,73,73,73,73,73,73,73,73,73,73,73,73,73,73,73],"relics":["Cracked Core","Emotion Chip","Anchor","Molten Egg 2","Lantern","Vajra","Tiny House","Tiny Chest","Smiling Mask","Bottled Flame","Mummified Hand"],"card_choices":[{"not_picked":["Sweeping Beam","Stack","Hologram"],"picked":"SKIP","floor":1},{"not_picked":["Streamline","Hologram"],"picked":"Auto Shields","floor":5},{"not_picked":["Streamline","Ball Lightning"],"picked":"Biased Cognition","floor":6},{"not_picked":["Barrage","Coolheaded","Consume"],"picked":"SKIP","floor":8},{"not_picked":["Auto Shields","Steam"],"picked":"Storm","floor":10},{"not_picked":["Barrage+1","Stack"],"picked":"Ball Lightning+1","floor":11},{"not_picked":["Doom and Gloom+1","Buffer"],"picked":"Reinforced Body","floor":12},{"not_picked":["Rebound+1","Aggregate","Axe Kick+1"],"picked":"SKIP","floor":14},{"not_picked":["Tempest","Barrage+1"],"picked":"Sunder+1","floor":17},{"not_picked":["Rebound+1","White Noise+1"],"picked":"Go for the Eyes+1","floor":18},{"not_picked":["Steam","Go for the Eyes+1","Turbo"],"picked":"SKIP","floor":20},{"not_picked":["Steam","Turbo"],"picked":"Go for the Eyes+1","floor":20},{"not_picked":["Hologram+1","Rip and Tear+1","Streamline+1"],"picked":"SKIP","floor":24},{"not_picked":["Beam Cell+1","Axe Kick+1","Skim+1"],"picked":"SKIP","floor":25},{"not_picked":["Barrage+1","Axe Kick+1"],"picked":"Auto Shields","floor":28},{"not_picked":["Hologram","Lockon+1","Beam Cell+1"],"picked":"SKIP","floor":30}],"player_experience":232103,"potions_floor_usage":[10,12,20,24,30],"damage_taken":[{"damage":1,"enemies":"Jaw Worm","floor":1,"turns":4},{"damage":9,"enemies":"2 Louse","floor":5,"turns":3},{"damage":17,"enemies":"Gremlin Nob","floor":6,"turns":4},{"damage":0,"enemies":"Cultist","floor":8,"turns":3},{"damage":20,"enemies":"Lagavulin","floor":10,"turns":6},{"damage":7,"enemies":"3 Louse","floor":11,"turns":3},{"damage":4,"enemies":"3 Sentries","floor":12,"turns":4},{"damage":2,"enemies":"Exordium Wildlife","floor":14,"turns":4},{"damage":14,"enemies":"Slime Boss","floor":16,"turns":9},{"damage":4,"enemies":"3 Byrds","floor":18,"turns":4},{"damage":0,"enemies":"Chosen","floor":20,"turns":4},{"damage":19,"enemies":"Slavers","floor":24,"turns":6},{"damage":11,"enemies":"Sentry and Sphere","floor":25,"turns":4},{"damage":13,"enemies":"3 Cultists","floor":28,"turns":4},{"damage":10,"enemies":"Centurion and Healer","floor":30,"turns":3},{"damage":5,"enemies":"Cultist and Chosen","floor":31,"turns":2}],"event_choices":[{"event_name":"The Cleric","player_choice":"Leave","floor":3,"damage_taken":0},{"event_name":"World of Goop","player_choice":"Left","floor":4,"damage_taken":0},{"event_name":"Addict","player_choice":"Obtained Relic","floor":19,"damage_taken":0},{"event_name":"The Mausoleum","player_choice":"Yes","floor":21,"damage_taken":0},{"event_name":"Back to Basics","player_choice":"Simplicity","floor":22,"damage_taken":0},{"event_name":"Wheel of Change","player_choice":"Damage","floor":29,"damage_taken":0}],"boss_relics":[{"not_picked":["Nuclear Battery","Runic Pyramid"],"picked":"Tiny House"}],"potions_floor_spawned":[6,10,14,18,30],"seed_played":"1042168084208887864","killed_by":"Cultist and Chosen","ascension_level":7,"is_trial":false}