{"gold_per_floor":[111,111,0,17,17,17,51,67,90,102,137,168,180,213,225,362,374,400,412,442,247,247,265,265,265,265,265,291,43,63,76,76,174,174,184,54,54,73,91,125,125,143,143,143,143,93,93,125,125,125],"floor_reached":51,"playtime":3249,"items_purged":["Strike_R","Defend_R","Strike_R","Strike_R","Iron Wave"],"score":1023,"play_id":"bdc89d01-1e54-428e-a1c0-b421df7b669d","local_time":"20190102013953","is_ascension_mode":true,"campfire_choices":[{"data":"Shockwave","floor":6.0,"key":"SMITH"},{"floor":10,"key":"REST"},{"data":"Body Slam","floor":15,"key":"SMITH"},{"data":"Barricade","floor":24,"key":"SMITH"},{"data":"Armaments","floor":27,"key":"SMITH"},{"data":"Metallicize","floor":32,"key":"SMITH"},{"floor":41,"key":"DIG"},{"floor":47,"key":"DIG"},{"floor":49,"key":"DIG"}],"neow_cost":"TEN_PERCENT_HP_LOSS","seed_source_timestamp":0,"circlet_count":0,"master_deck":["Defend_R","Defend_R","Defend_R","Headbutt","Battle Trance","Battle Trance","Metallicize+1","Body Slam+1","Barricade+1","Armaments+1","Shrug It Off","Impervious","Impervious","Juggernaut","Ghostly Armor","Metallicize","Warcry+1"],"special_seed":0,"relics":["Burning Blood","Bird Faced Urn","Blood Vial","Pen Nib","MawBank","Centennial Puzzle","Bloody Idol","Empty Cage","Smiling Mask","Paper Frog","Happy Flower","ClockworkSouvenir","Fusion Hammer","Shovel","Blue Candle","Dodecahedron","Dead Branch","Bottled Flame","Self Forming Clay"],"potions_floor_usage":[28,39,40,40,50,50,50],"damage_taken":[{"damage":4.0,"enemies":"2 Louse","floor":1.0,"turns":3.0},{"damage":2.0,"enemies":"Cultist","floor":4.0,"turns":4.0},{"damage":35,"enemies":"3 Sentries","floor":7,"turns":10},{"damage":2,"enemies":"Jaw Worm","floor":8,"turns":5},{"damage":9,"enemies":"Blue Slaver","floor":12,"turns":5},{"damage":1,"enemies":"Large Slime","floor":14,"turns":6},{"damage":66,"enemies":"The Guardian","floor":16,"turns":16},{"damage":21,"enemies":"Shell Parasite","floor":18,"turns":12},{"damage":16,"enemies":"Chosen","floor":20,"turns":7},{"damage":14,"enemies":"Centurion and Healer","floor":23,"turns":17},{"damage":0,"enemies":"Gremlin Leader","floor":28,"turns":5},{"damage":7,"enemies":"Snake Plant","floor":30,"turns":6},{"damage":0,"enemies":"Cultist and Chosen","floor":31,"turns":7},{"damage":15,"enemies":"Collector","floor":33,"turns":8},{"damage":0,"enemies":"3 Shapes","floor":35,"turns":50},{"damage":0,"enemies":"3 Darklings","floor":38,"turns":6},{"damage":8,"enemies":"Spire Growth","floor":39,"turns":4},{"damage":46,"enemies":"Reptomancer","floor":40,"turns":9},{"damage":25,"enemies":"Jaw Worm Horde","floor":42,"turns":5},{"damage":0,"enemies":"Giant Head","floor":48,"turns":6},{"damage":0,"enemies":"Time Eater","floor":50,"turns":9}],"seed_played":"-7741817064609769191","potions_obtained":[{"floor":7,"key":"Dexterity Potion"},{"floor":8,"key":"EssenceOfSteel"},{"floor":16,"key":"Ancient Potion"},{"floor":20,"key":"Explosive Potion"},{"floor":31,"key":"LiquidBronze"},{"floor":39,"key":"Weak Potion"},{"floor":40,"key":"Ancient Potion"},{"floor":42,"key":"Explosive Potion"}],"is_trial":false,"path_per_floor":["M","?","$","M","?","R","M","T","R","T","M","?","M","R","B",null,"M","?","M","$","?","M","R","?","T","R","E","$","M","M","R","B",null,"M","$","?","M","M","E","R","M","T","?","?","$","R","E","R","B",null],"character_chosen":"IRONCLAD","items_purchased":["Shockwave","Impervious","ClockworkSouvenir","Ghostly Armor"],"campfire_rested":1,"item_purchase_floors":[3,21,29,36],"current_hp_per_floor":[72,72,72,72,54,54,27,35,35,56,56,57,57,66,66,7,52,43,43,39,39,39,42,42,42,42,42,59,59,67,67,67,63,66,67,67,67,67,67,36,36,32,32,32,32,32,32,53,53,67],"gold":125,"neow_bonus":"ONE_RARE_RELIC","is_prod":false,"is_daily":false,"chose_seed":false,"campfire_upgraded":5,"win_rate":0,"timestamp":1546393193,"path_taken":["M","?","$","?","?","R","E","M","T","R","?","M","?","M","R","BOSS","M","?","?","$","?","M","R","?","T","R","E","$","M","?","R","BOSS","M","$","?","M","?","E","R","M","T","?","?","$","R","E","R","BOSS"],"build_version":"2018-12-25","purchased_purges":5,"victory":true,"max_hp_per_floor":[72,72,72,72,72,72,72,72,72,72,72,72,67,67,67,67,67,67,67,67,67,67,67,67,67,67,67,67,67,67,67,67,67,67,67,67,67,67,67,67,67,67,67,67,67,67,67,67,67,67],"card_choices":[{"not_picked":["Heavy Blade","Bloodletting"],"picked":"Headbutt","floor":1.0},{"not_picked":["Rampage","Flame Barrier"],"picked":"Battle Trance","floor":4.0},{"not_picked":["Power Through","Warcry"],"picked":"Metallicize","floor":7},{"not_picked":["Searing Blow","Headbutt"],"picked":"Body Slam","floor":8},{"not_picked":["Anger","Clash","Feel No Pain"],"picked":"SKIP","floor":12},{"not_picked":["Thunderclap","Clothesline"],"picked":"Iron Wave","floor":14},{"not_picked":["Exhume","Bludgeon"],"picked":"Barricade","floor":16},{"not_picked":["Carnage","Clash"],"picked":"Armaments","floor":18},{"not_picked":["Sword Boomerang","Disarm"],"picked":"Shrug It Off","floor":20},{"not_picked":["Flex","Anger","Clothesline"],"picked":"SKIP","floor":23},{"not_picked":["Perfected Strike","Pommel Strike","Carnage"],"picked":"SKIP","floor":28},{"not_picked":["Clash","Hemokinesis+1","Heavy Blade"],"picked":"SKIP","floor":30},{"not_picked":["Searing Blow+1","Anger","Armaments+1"],"picked":"SKIP","floor":31},{"not_picked":["Limit Break","Berserk"],"picked":"Juggernaut","floor":33},{"not_picked":["Cleave","Clothesline+1","Flex+1"],"picked":"SKIP","floor":35},{"not_picked":["Spot Weakness+1","Twin Strike+1"],"picked":"Warcry+1","floor":38},{"not_picked":["Anger","Cleave+1","Pommel Strike+1"],"picked":"SKIP","floor":39},{"not_picked":["Hemokinesis+1","Feel No Pain","Anger"],"picked":"SKIP","floor":40},{"not_picked":["Blood for Blood+1","Rage","Battle Trance+1"],"picked":"SKIP","floor":42},{"not_picked":["Rampage+1","Wild Strike","Heavy Blade"],"picked":"SKIP","floor":48}],"player_experience":365556,"relics_obtained":[{"floor":7,"key":"Pen Nib"},{"floor":9,"key":"MawBank"},{"floor":11,"key":"Centennial Puzzle"},{"floor":26,"key":"Paper Frog"},{"floor":28,"key":"Happy Flower"},{"floor":40,"key":"Shovel"},{"floor":41,"key":"Blue Candle"},{"floor":43,"key":"Dodecahedron"},{"floor":47,"key":"Dead Branch"},{"floor":48,"key":"Bottled Flame"},{"floor":49,"key":"Self Forming Clay"}],"event_choices":[{"damage_healed":0.0,"max_hp_gain":0.0,"max_hp_loss":0.0,"gold_gain":0.0,"event_name":"Match and Keep!","player_choice":"1 cards matched","floor":2.0,"gold_loss":0.0,"damage_taken":0.0,"cards_obtained":["Battle Trance"]},{"damage_healed":0.0,"max_hp_gain":0.0,"max_hp_loss":0.0,"gold_gain":0.0,"event_name":"Scrap Ooze","player_choice":"Success","floor":5.0,"gold_loss":0.0,"damage_taken":18.0,"relics_obtained":["Blood Vial"]},{"damage_healed":0,"gold_gain":0,"player_choice":"Lose Max HP","damage_taken":0,"relics_obtained":["Golden Idol"],"max_hp_gain":0,"max_hp_loss":5,"event_name":"Golden Idol","floor":13,"gold_loss":0},{"damage_healed":0,"gold_gain":0,"player_choice":"Gave Potion","damage_taken":0,"relics_obtained":["Smiling Mask"],"max_hp_gain":0,"max_hp_loss":0,"event_name":"WeMeetAgain","floor":19,"gold_loss":0},{"damage_healed":0,"gold_gain":0,"player_choice":"Gave Idol","damage_taken":0,"relics_obtained":["Bloody Idol"],"max_hp_gain":0,"max_hp_loss":0,"event_name":"Forgotten Altar","floor":22,"relics_lost":["Golden Idol"],"gold_loss":0},{"damage_healed":0,"gold_gain":0,"player_choice":"Copied","damage_taken":0,"max_hp_gain":0,"max_hp_loss":0,"event_name":"Duplicator","floor":25,"gold_loss":0,"cards_obtained":["Impervious"]},{"damage_healed":0,"gold_gain":0,"cards_transformed":["Shockwave"],"player_choice":"Transformed","damage_taken":0,"max_hp_gain":0,"max_hp_loss":0,"event_name":"Transmorgrifier","floor":37,"gold_loss":0,"cards_obtained":["Metallicize"]},{"damage_healed":0,"gold_gain":0,"player_choice":"Ignored","damage_taken":0,"max_hp_gain":0,"max_hp_loss":0,"event_name":"Tomb of Lord Red Mask","floor":44,"gold_loss":0},{"cards_removed":["Bash"],"damage_healed":0,"gold_gain":0,"player_choice":"Removed Attack","damage_taken":0,"max_hp_gain":0,"max_hp_loss":0,"event_name":"Falling","floor":45,"gold_loss":0}],"is_beta":true,"boss_relics":[{"not_picked":["Runic Dome","Pandora\u0027s Box"],"picked":"Empty Cage"},{"not_picked":["Tiny House","Lizard Tail"],"picked":"Fusion Hammer"}],"items_purged_floors":[3,21,29,36,46],"is_endless":false,"potions_floor_spawned":[7,8,16,18,20,23,31,39,40,42],"ascension_level":5}