{"path_per_floor":["M","$","M","?","?","R","M","M","T","T","M","R","M","$","R","B",null,"M","M","?","$","?","R"],"character_chosen":"DEFECT","items_purchased":["Genetic Algorithm","War Paint","Ball Lightning"],"gold_per_floor":[119,37,53,53,53,53,73,96,96,142,165,165,183,8,8,128,128,149,172,172,97,97,97,97],"floor_reached":24,"campfire_rested":2,"playtime":883,"current_hp_per_floor":[75,75,64,46,31,31,30,12,12,12,11,33,33,33,55,27,75,67,57,57,57,57,57,0],"items_purged":["Defend_B"],"gold":97,"score":186,"play_id":"1bb88e3a-839a-4a9b-a58a-67f166f66356","local_time":"20180504230549","is_prod":false,"is_daily":false,"chose_seed":false,"is_ascension_mode":false,"campfire_upgraded":2,"timestamp":1525500349,"path_taken":["M","$","M","?","?","R","M","?","T","?","M","R","M","$","R","BOSS","M","?","?","$","?","R","E"],"build_version":"2018-05-03","seed_source_timestamp":1486758332884766,"purchased_purges":1,"victory":false,"master_deck":["Strike_B","Strike_B","Strike_B","Defend_B+1","Defend_B","Defend_B","Zap+1","Dualcast+1","Genetic Algorithm+1","Coolheaded+1","Chill","Ball Lightning","Fusion+1","Chill"],"max_hp_per_floor":[75,75,75,75,75,75,75,75,75,75,75,75,75,75,75,75,75,75,75,75,75,75,75,75],"relics":["Inserter","Golden Idol","Toolbox","Happy Flower","War Paint","Runic Dome"],"card_choices":[{"not_picked":["Barrage","Rebound"],"picked":"Coolheaded","floor":3},{"not_picked":["Turbo","Axe Kick"],"picked":"Chill","floor":13},{"not_picked":["Amplify","Multi-Cast"],"picked":"Fusion","floor":16}],"player_experience":160266,"potions_floor_usage":[11,16,18,24],"damage_taken":[{"damage":0,"enemies":"Small Slimes","floor":1,"turns":3},{"damage":11,"enemies":"Jaw Worm","floor":3,"turns":3},{"damage":1,"enemies":"Cultist","floor":7,"turns":5},{"damage":18,"enemies":"Exordium Wildlife","floor":8,"turns":9},{"damage":13,"enemies":"Lots of Slimes","floor":11,"turns":5},{"damage":0,"enemies":"Looter","floor":13,"turns":4},{"damage":28,"enemies":"The Guardian","floor":16,"turns":11},{"damage":8,"enemies":"Spheric Guardian","floor":18,"turns":6},{"damage":10,"enemies":"Shell Parasite","floor":19,"turns":7},{"damage":64,"enemies":"Book of Stabbing","floor":24,"turns":7}],"event_choices":[{"event_name":"Golden Idol","player_choice":"Take Damage","floor":4,"damage_taken":0},{"event_name":"Shining Light","player_choice":"Entered Light","floor":5,"damage_taken":0},{"event_name":"Transmorgrifier","player_choice":"Transform","floor":20,"damage_taken":0},{"event_name":"The Mausoleum","player_choice":"No","floor":22,"damage_taken":0}],"boss_relics":[{"not_picked":["Snecko Eye","Calling Bell"],"picked":"Runic Dome"}],"potions_floor_spawned":[1,8,16,19],"seed_played":"5177838471493089841","killed_by":"Book of Stabbing","ascension_level":0,"is_trial":false}