{"path_per_floor":["M","?","M","?","?","E","?","M","T","E","R","M","E","?","R","B",null,"M","?","?","?","?","E","?","M","T","$","T","E","M","T","R","B",null,"M","?","M","$","M","E","$","M","T","M","R","E","?","?","R","B"],"character_chosen":"IRONCLAD","items_purchased":["Champion Belt","Double Tap","Exhume","Purity","Evolve"],"gold_per_floor":[114,114,129,129,129,159,109,124,124,154,154,169,199,199,199,299,299,314,314,314,314,314,344,344,359,384,7,7,37,52,52,52,152,182,197,235,250,61,76,106,18,33,108,123,123,153,153,153,153,153],"floor_reached":51,"campfire_rested":0,"playtime":2165,"item_purchase_floors":[27,27,38,38,41],"current_hp_per_floor":[80,80,80,86,86,71,71,70,76,74,74,75,72,72,72,66,98,97,108,108,108,108,107,107,95,101,101,107,87,89,95,95,99,137,131,137,136,136,137,111,111,115,121,126,126,114,114,114,114,94],"items_purged":["Strike_R"],"gold":153,"score":1084,"play_id":"c99064bb-7fe8-4d5c-b5df-0d66c7732a5e","local_time":"20180525195130","daily_mods":["Heirloom","Cursed Run","Time Dilation"],"is_prod":false,"is_daily":true,"chose_seed":false,"is_ascension_mode":false,"campfire_upgraded":5,"win_rate":0,"timestamp":1527274290,"campfire_choices":[{"data":"Metallicize","floor":11,"key":"SMITH"},{"data":"Heavy Blade","floor":15,"key":"SMITH"},{"data":"Double Tap","floor":32,"key":"SMITH"},{"data":"Evolve","floor":45,"key":"SMITH"},{"data":"Limit Break","floor":49,"key":"SMITH"}],"path_taken":["M","?","M","?","?","E","?","M","T","E","R","M","E","?","R","BOSS","M","?","?","?","?","E","?","M","T","$","?","E","M","?","R","BOSS","M","?","M","$","M","E","$","M","T","M","R","E","?","?","R","BOSS"],"build_version":"2018-05-24","seed_source_timestamp":0,"purchased_purges":1,"victory":true,"master_deck":["Strike_R","Strike_R","Strike_R","Defend_R","Defend_R","Defend_R","Bash","Heavy Blade+1","Whirlwind","Bash","Metallicize+1","Parasite","Shrug It Off","Uppercut+1","Thunderclap","Injury","Armaments+1","Metallicize+1","Pommel Strike","Intimidate+1","Regret","Double Tap+1","Injury","Pain","Decay","Reaper","Warcry","True Grit+1","Rupture+1","Exhume","Purity","Inflame+1","Sword Boomerang+1","Impervious","Evolve+1","Battle Trance","Inflame+1","Parasite","Limit Break+1","Fire Breathing+1","Inflame+1","Doubt"],"max_hp_per_floor":[80,80,80,86,86,86,86,86,92,92,92,92,92,92,92,98,98,98,108,108,108,108,108,108,108,114,114,120,120,120,126,126,132,137,137,137,137,137,137,144,144,144,150,150,150,150,150,150,150,156],"relics":["Cursed Key","Darkstone Periapt","Du-Vu Doll","Bird Faced Urn","Bag of Preparation","Juzu Bracelet","Blue Candle","Turnip","Mark of Pain","Ancient Tea Set","Nloth\u0027s Gift","Boot","Champion Belt","Bottled Tornado","The Courier","Lantern","Tiny House","Prayer Wheel","Strawberry","Ornamental Fan","Omamori"],"card_choices":[{"not_picked":["Headbutt","Flex"],"picked":"Heavy Blade","floor":1},{"not_picked":["Headbutt","Sword Boomerang"],"picked":"Whirlwind","floor":3},{"not_picked":["Anger","Hemokinesis","Combust"],"picked":"SKIP","floor":6},{"not_picked":["Power Through","Ghostly Armor"],"picked":"Metallicize","floor":8},{"not_picked":["Hemokinesis","Anger"],"picked":"Shrug It Off","floor":10},{"not_picked":["Second Wind","Pommel Strike"],"picked":"Uppercut","floor":12},{"not_picked":["Heavy Blade","Flex"],"picked":"Thunderclap","floor":13},{"not_picked":["Offering","Dark Embrace"],"picked":"Reaper","floor":16},{"not_picked":["Twin Strike","Thunderclap+1"],"picked":"Armaments+1","floor":18},{"not_picked":["Pommel Strike","Sever Soul+1","Cleave"],"picked":"SKIP","floor":23},{"not_picked":["Body Slam","Entrench"],"picked":"Intimidate","floor":25},{"not_picked":["Bloodletting","Clothesline","Twin Strike"],"picked":"SKIP","floor":29},{"not_picked":["Second Wind","Shrug It Off","Anger"],"picked":"SKIP","floor":30},{"not_picked":["Bludgeon","Double Tap"],"picked":"Reaper","floor":33},{"not_picked":["Wild Strike","Clothesline+1"],"picked":"Warcry","floor":34},{"not_picked":["Clothesline+1","Sentinel+1"],"picked":"True Grit+1","floor":35},{"not_picked":["Hemokinesis+1","Clash"],"picked":"Rupture+1","floor":36},{"not_picked":["Pommel Strike","Thunderclap+1","Anger"],"picked":"SKIP","floor":37},{"not_picked":["Armaments","Heavy Blade","Thunderclap+1"],"picked":"SKIP","floor":37},{"not_picked":["Reckless Charge+1","Fiend Fire"],"picked":"Inflame+1","floor":39},{"not_picked":["Iron Wave","Body Slam"],"picked":"Sword Boomerang+1","floor":39},{"not_picked":["Berserk","Thunderclap+1"],"picked":"Impervious","floor":40},{"not_picked":["True Grit+1","Shrug It Off+1"],"picked":"Battle Trance","floor":42},{"not_picked":["Clash+1","Armaments+1"],"picked":"Inflame+1","floor":42},{"not_picked":["Perfected Strike+1","Intimidate+1"],"picked":"Limit Break","floor":44},{"not_picked":["Clash","Intimidate+1"],"picked":"Fire Breathing+1","floor":44},{"not_picked":["Twin Strike+1","Heavy Blade+1"],"picked":"Inflame+1","floor":46}],"player_experience":188526,"potions_floor_usage":[6,23,23,23,25,29,39,46,50,50],"damage_taken":[{"damage":0,"enemies":"2 Louse","floor":1,"turns":2},{"damage":0,"enemies":"Cultist","floor":3,"turns":2},{"damage":15,"enemies":"Lagavulin","floor":6,"turns":4},{"damage":1,"enemies":"Jaw Worm","floor":8,"turns":2},{"damage":2,"enemies":"Gremlin Nob","floor":10,"turns":2},{"damage":1,"enemies":"2 Fungi Beasts","floor":12,"turns":3},{"damage":5,"enemies":"3 Sentries","floor":13,"turns":4},{"damage":14,"enemies":"The Guardian","floor":16,"turns":7},{"damage":1,"enemies":"Spheric Guardian","floor":18,"turns":2},{"damage":2,"enemies":"Slavers","floor":23,"turns":4},{"damage":12,"enemies":"2 Thieves","floor":25,"turns":2},{"damage":24,"enemies":"Gremlin Leader","floor":29,"turns":6},{"damage":2,"enemies":"Centurion and Healer","floor":30,"turns":4},{"damage":6,"enemies":"Collector","floor":33,"turns":4},{"damage":11,"enemies":"3 Darklings","floor":35,"turns":3},{"damage":6,"enemies":"Mysterious Sphere","floor":36,"turns":4},{"damage":4,"enemies":"Flame Bruiser 1 Orb","floor":37,"turns":3},{"damage":17,"enemies":"Maw","floor":39,"turns":4},{"damage":37,"enemies":"Giant Head","floor":40,"turns":8},{"damage":4,"enemies":"3 Darklings","floor":42,"turns":3},{"damage":1,"enemies":"Spire Growth","floor":44,"turns":1},{"damage":18,"enemies":"2 Orb Walkers","floor":46,"turns":4},{"damage":74,"enemies":"Time Eater","floor":50,"turns":9}],"relics_obtained":[{"floor":6,"key":"Juzu Bracelet"},{"floor":9,"key":"Blue Candle"},{"floor":10,"key":"Meat on the Bone"},{"floor":13,"key":"Turnip"},{"floor":23,"key":"Ancient Tea Set"},{"floor":26,"key":"Boot"},{"floor":28,"key":"Bottled Tornado"},{"floor":29,"key":"The Courier"},{"floor":31,"key":"Lantern"},{"floor":36,"key":"Prayer Wheel"},{"floor":40,"key":"Strawberry"},{"floor":43,"key":"Ornamental Fan"},{"floor":46,"key":"Omamori"}],"event_choices":[{"event_name":"Wheel of Change","player_choice":"Card Removal","floor":2,"damage_taken":0},{"event_name":"Big Fish","player_choice":"Box","floor":4,"damage_taken":0},{"event_name":"Match and Keep!","player_choice":"1 cards matched","floor":5,"damage_taken":0},{"event_name":"The Cleric","player_choice":"Card Removal","floor":7,"damage_taken":0},{"event_name":"Accursed Blacksmith","player_choice":"Forge","floor":14,"damage_taken":0},{"event_name":"Bonfire Elementals","player_choice":"RARE","floor":19,"damage_taken":0},{"event_name":"Duplicator","player_choice":"One dupe","floor":20,"damage_taken":0},{"event_name":"The Library","player_choice":"Read","floor":21,"damage_taken":0},{"event_name":"The Lab","player_choice":"Got Potions","floor":22,"damage_taken":0},{"event_name":"N\u0027loth","player_choice":"Traded a Meat on the Bone","floor":24,"damage_taken":0},{"event_name":"Mysterious Sphere","player_choice":"Fight","floor":36,"damage_taken":0},{"event_name":"Match and Keep!","player_choice":"1 cards matched","floor":47,"damage_taken":0},{"event_name":"Transmorgrifier","player_choice":"Transform","floor":48,"damage_taken":0}],"boss_relics":[{"not_picked":["Lizard Tail","Runic Pyramid"],"picked":"Mark of Pain"},{"not_picked":["Runic Dome","Orrery"],"picked":"Tiny House"}],"items_purged_floors":[41],"potions_floor_spawned":[1,3,8,13,18,33,37,46],"seed_played":"-5712251583227970221","ascension_level":0,"potions_obtained":[{"floor":1,"key":"EntropicBrew"},{"floor":3,"key":"EssenceOfSteel"},{"floor":8,"key":"Swift Potion"},{"floor":13,"key":"LiquidBronze"},{"floor":22,"key":"Block Potion"},{"floor":33,"key":"EssenceOfSteel"},{"floor":34,"key":"Weak Potion"},{"floor":37,"key":"EssenceOfSteel"},{"floor":46,"key":"AttackPotion"}],"is_trial":false}