{"gold_per_floor":[15,29,29,43,43,43,69,91,91,38,54,66,66,66,66,189,189,178,228,251,174,192,192,228,228,251,295,295],"floor_reached":28,"playtime":1391,"items_purged":[],"score":332,"play_id":"12c684a2-c047-4240-beb2-570d1ac07165","local_time":"20190208013908","is_ascension_mode":true,"campfire_choices":[{"data":"Malaise","floor":6,"key":"SMITH"},{"floor":13,"key":"REST"},{"floor":15,"key":"REST"},{"floor":23,"key":"REST"},{"floor":25,"key":"REST"}],"neow_cost":"NO_GOLD","seed_source_timestamp":36281858769263,"circlet_count":0,"master_deck":["Survivor","Neutralize+1","Malaise+1","Backstab","Well Laid Plans","Accuracy","Cloak And Dagger","Cloak And Dagger","After Image","Dagger Spray","Leg Sweep","A Thousand Cuts","Caltrops","Slice","Accuracy","Noxious Fumes","Glass Knife","Endless Agony","Cloak And Dagger+1","Distraction","Footwork","Cloak And Dagger+1","Infinite Blades+1"],"relics":["Ring of the Snake","Nunchaku","Odd Mushroom","Dead Branch","Darkstone Periapt","Golden Idol","Pandora\u0027s Box","Frozen Egg 2","Snake Skull","Orichalcum"],"potions_floor_usage":[7,8,16,16,28],"damage_taken":[{"damage":0,"enemies":"2 Louse","floor":1,"turns":3},{"damage":2,"enemies":"Jaw Worm","floor":2,"turns":5},{"damage":0,"enemies":"Small Slimes","floor":4,"turns":3},{"damage":34,"enemies":"3 Sentries","floor":7,"turns":11},{"damage":7,"enemies":"The Mushroom Lair","floor":8,"turns":4},{"damage":0,"enemies":"Looter","floor":11,"turns":3},{"damage":0,"enemies":"Exordium Thugs","floor":12,"turns":4},{"damage":45,"enemies":"Hexaghost","floor":16,"turns":12},{"damage":11,"enemies":"2 Thieves","floor":18,"turns":4},{"damage":0,"enemies":"3 Byrds","floor":20,"turns":2},{"damage":21,"enemies":"Snake Plant","floor":22,"turns":4},{"damage":25,"enemies":"Gremlin Leader","floor":24,"turns":7},{"damage":41,"enemies":"Slavers","floor":27,"turns":5},{"damage":11,"enemies":"Centurion and Healer","floor":28,"turns":1}],"seed_played":"448815042775470165","potions_obtained":[{"floor":2,"key":"Explosive Potion"},{"floor":4,"key":"Strength Potion"},{"floor":7,"key":"GhostInAJar"},{"floor":11,"key":"AttackPotion"},{"floor":12,"key":"FearPotion"},{"floor":22,"key":"SpeedPotion"},{"floor":24,"key":"PowerPotion"}],"is_trial":false,"path_per_floor":["M","M","?","M","$","R","E","?","T","?","M","M","R","?","R","B",null,"M","?","M","$","M","R","E","R","T","E","M"],"character_chosen":"THE_SILENT","items_purchased":["Footwork"],"campfire_rested":4,"item_purchase_floors":[21],"current_hp_per_floor":[70,68,54,54,54,54,20,13,13,13,13,13,34,34,53,8,65,54,54,54,54,33,52,27,46,46,5,0],"gold":295,"neow_bonus":"THREE_RARE_CARDS","is_prod":false,"is_daily":false,"chose_seed":false,"campfire_upgraded":1,"win_rate":0,"timestamp":1549586348,"path_taken":["M","M","?","M","?","R","E","?","T","?","M","?","R","?","R","BOSS","M","?","?","$","M","R","E","R","T","E","M"],"build_version":"2019-01-23","purchased_purges":0,"victory":false,"max_hp_per_floor":[70,70,70,70,70,70,70,70,70,70,70,70,70,65,65,65,65,65,65,65,65,65,65,65,65,65,65,65],"card_choices":[{"not_picked":["Phantasmal Killer","A Thousand Cuts"],"picked":"Malaise","floor":0},{"not_picked":["Slice","Dagger Spray"],"picked":"Backstab","floor":1},{"not_picked":["Bane","Choke"],"picked":"Well Laid Plans","floor":2},{"not_picked":["Predator","Finisher"],"picked":"Accuracy","floor":4},{"not_picked":["Venomology","Predator"],"picked":"Cloak And Dagger","floor":7},{"not_picked":["Noxious Fumes","Deflect"],"picked":"Cloak And Dagger","floor":11},{"not_picked":["Slice","Quick Slash","Poisoned Stab"],"picked":"SKIP","floor":12},{"not_picked":["Underhanded Strike","Backflip+1"],"picked":"Cloak And Dagger+1","floor":18},{"not_picked":["Dash","Riddle With Holes"],"picked":"Distraction","floor":20},{"not_picked":["Bane+1","Deadly Poison"],"picked":"Cloak And Dagger+1","floor":22},{"not_picked":["PiercingWail","Quick Slash","Skewer+1"],"picked":"SKIP","floor":24},{"not_picked":["PiercingWail","Flechettes+1"],"picked":"Infinite Blades+1","floor":27}],"player_experience":244519,"relics_obtained":[{"floor":7,"key":"Nunchaku"},{"floor":8,"key":"Odd Mushroom"},{"floor":9,"key":"Dead Branch"},{"floor":24,"key":"Frozen Egg 2"},{"floor":26,"key":"Snake Skull"},{"floor":27,"key":"Orichalcum"}],"event_choices":[{"damage_healed":0,"gold_gain":0,"player_choice":"Entered Light","damage_taken":14,"max_hp_gain":0,"max_hp_loss":0,"event_name":"Shining Light","floor":3,"gold_loss":0,"cards_upgraded":["Defend_G","Neutralize"]},{"damage_healed":0,"gold_gain":0,"player_choice":"Fought Mushrooms","damage_taken":0,"max_hp_gain":0,"max_hp_loss":0,"event_name":"Mushrooms","floor":8,"gold_loss":0},{"damage_healed":0,"gold_gain":0,"player_choice":"Paid Gold","damage_taken":0,"relics_obtained":["Darkstone Periapt"],"max_hp_gain":0,"max_hp_loss":0,"event_name":"WeMeetAgain","floor":10,"gold_loss":53},{"damage_healed":0,"gold_gain":0,"player_choice":"Lose Max HP","damage_taken":0,"relics_obtained":["Golden Idol"],"max_hp_gain":0,"max_hp_loss":5,"event_name":"Golden Idol","floor":14,"gold_loss":0},{"damage_healed":0,"gold_gain":100,"player_choice":"Bet on Murderer","damage_taken":0,"max_hp_gain":0,"max_hp_loss":0,"event_name":"The Joust","floor":19,"gold_loss":50}],"is_beta":false,"boss_relics":[{"not_picked":["Runic Dome","Eternal Feather"],"picked":"Pandora\u0027s Box"}],"items_purged_floors":[],"is_endless":false,"potions_floor_spawned":[2,4,7,11,12,22,24],"killed_by":"Centurion and Healer","ascension_level":4}