{"gold_per_floor":[12,12,32,32,107,107,121,121,121,121,137,176,351,378,378,509,509,530,530,207,207,306,306,306],"floor_reached":24,"playtime":874,"items_purged":["Doubt"],"score":285,"play_id":"2263b4d8-1c0b-4ff2-b9d1-43440f261741","local_time":"20190129034851","is_ascension_mode":true,"campfire_choices":[{"data":"Footwork","floor":6,"key":"SMITH"},{"data":"Deadly Poison","floor":8,"key":"SMITH"},{"data":"Neutralize","floor":10,"key":"SMITH"},{"data":"Tools of the Trade","floor":15,"key":"SMITH"},{"floor":23,"key":"REST"}],"neow_cost":"NO_GOLD","seed_source_timestamp":1596687360731240,"circlet_count":0,"master_deck":["AscendersBane","Defend_G","Defend_G","Defend_G","Defend_G","Strike_G","Strike_G","Strike_G","Survivor","Neutralize+1","Outmaneuver","Bane","Footwork+1","Deadly Poison+1","Flying Knee","Tools of the Trade+1","Tools of the Trade","Backflip","Acrobatics"],"relics":["Ring of the Snake","Golden Idol","PreservedInsect","Pear","Happy Flower","Sozu","PrismaticShard"],"potions_floor_usage":[16],"damage_taken":[{"damage":0,"enemies":"Jaw Worm","floor":1,"turns":5},{"damage":0,"enemies":"2 Louse","floor":3,"turns":3},{"damage":0,"enemies":"Small Slimes","floor":7,"turns":6},{"damage":0,"enemies":"Blue Slaver","floor":11,"turns":4},{"damage":19,"enemies":"Lagavulin","floor":12,"turns":5},{"damage":21,"enemies":"Hexaghost","floor":16,"turns":11},{"damage":25,"enemies":"3 Byrds","floor":18,"turns":7},{"damage":24,"enemies":"Colosseum Slavers","floor":19,"turns":6},{"damage":42,"enemies":"Gremlin Leader","floor":24,"turns":7}],"seed_played":"-7162875451598200167","potions_obtained":[{"floor":3,"key":"FearPotion"},{"floor":16,"key":"Weak Potion"}],"is_trial":false,"path_per_floor":["M","?","M","?","?","R","M","R","T","R","M","E","?","T","R","B",null,"M","?","$","?","?","R","E"],"character_chosen":"THE_SILENT","items_purchased":["PrismaticShard","Acrobatics"],"campfire_rested":1,"item_purchase_floors":[20,20],"current_hp_per_floor":[63,56,56,56,45,45,45,45,45,45,45,36,36,36,36,15,60,35,11,11,11,11,33,0],"gold":306,"neow_bonus":"TRANSFORM_TWO_CARDS","is_prod":false,"is_daily":false,"chose_seed":false,"campfire_upgraded":4,"win_rate":0,"timestamp":1548733731,"path_taken":["M","?","M","?","?","R","M","R","T","R","?","E","?","?","R","BOSS","M","?","$","?","?","R","E"],"build_version":"2019-01-23","purchased_purges":1,"victory":false,"max_hp_per_floor":[70,70,70,65,65,65,65,65,65,65,65,75,75,75,75,75,75,75,75,75,75,75,75,75],"card_choices":[{"not_picked":["Blade Dance","Prepared","Slice"],"picked":"SKIP","floor":1},{"not_picked":["Dodge and Roll","Backflip"],"picked":"Footwork","floor":3},{"not_picked":["Heel Hook","Infinite Blades"],"picked":"Deadly Poison","floor":7},{"not_picked":["Tactician","Acrobatics"],"picked":"Flying Knee","floor":11},{"not_picked":["Underhanded Strike","Choke"],"picked":"Tools of the Trade","floor":12},{"not_picked":["Phantasmal Killer","Malaise"],"picked":"Tools of the Trade","floor":16},{"not_picked":["Cloak And Dagger+1","Dagger Throw"],"picked":"Backflip","floor":18}],"player_experience":512261,"relics_obtained":[{"floor":9,"key":"PreservedInsect"},{"floor":12,"key":"Pear"},{"floor":14,"key":"Happy Flower"}],"event_choices":[{"cards_removed":["Defend_G"],"damage_healed":0,"gold_gain":0,"player_choice":"Card Removal","damage_taken":7,"max_hp_gain":0,"max_hp_loss":0,"event_name":"Golden Wing","floor":2,"gold_loss":0},{"damage_healed":0,"gold_gain":0,"player_choice":"Lose Max HP","damage_taken":0,"relics_obtained":["Golden Idol"],"max_hp_gain":0,"max_hp_loss":5,"event_name":"Golden Idol","floor":4,"gold_loss":0},{"damage_healed":0,"gold_gain":75,"player_choice":"Gather Gold","damage_taken":11,"max_hp_gain":0,"max_hp_loss":0,"event_name":"World of Goop","floor":5,"gold_loss":0},{"damage_healed":0,"gold_gain":175,"player_choice":"AGREE","damage_taken":0,"max_hp_gain":0,"max_hp_loss":0,"event_name":"Liars Game","floor":13,"gold_loss":0,"cards_obtained":["Doubt"]},{"damage_healed":0,"gold_gain":0,"player_choice":"Fight","damage_taken":0,"max_hp_gain":0,"max_hp_loss":0,"event_name":"Colosseum","floor":19,"gold_loss":0},{"damage_healed":0,"gold_gain":0,"player_choice":"Fled From Nobs","damage_taken":0,"max_hp_gain":0,"max_hp_loss":0,"event_name":"Colosseum","floor":19,"gold_loss":0},{"damage_healed":0,"gold_gain":0,"player_choice":"Ignored","damage_taken":0,"max_hp_gain":0,"max_hp_loss":0,"event_name":"Cursed Tome","floor":21,"gold_loss":0},{"damage_healed":0,"gold_gain":99,"player_choice":"Stole From Cult","damage_taken":0,"max_hp_gain":0,"max_hp_loss":0,"event_name":"Nest","floor":22,"gold_loss":0}],"is_beta":true,"boss_relics":[{"not_picked":["Snecko Eye","Eternal Feather"],"picked":"Sozu"}],"items_purged_floors":[20],"is_endless":false,"potions_floor_spawned":[3,16,19],"killed_by":"Gremlin Leader","ascension_level":10}