{"gold_per_floor":[114,3,15,15,90,90,118,134,161,161,195,195,218,58,58,58],"floor_reached":16,"playtime":672,"items_purged":[],"score":108,"play_id":"a2c94e7d-09f1-4259-8e45-5ffdbebac4c1","local_time":"20190131224916","is_ascension_mode":false,"campfire_choices":[{"data":"Inflame","floor":6,"key":"SMITH"},{"floor":10,"key":"REST"},{"floor":15,"key":"REST"}],"neow_cost":"NONE","seed_source_timestamp":87276733163547,"circlet_count":0,"master_deck":["Strike_R","Strike_R","Strike_R","Strike_R","Strike_R","Defend_R","Defend_R","Defend_R","Defend_R","Bash","Armaments","Inflame+1","Spot Weakness","Heavy Blade","Berserk","Rampage","Heavy Blade","Evolve","Rage","Intimidate","Clothesline"],"relics":["Burning Blood","Bag of Marbles","Oddly Smooth Stone","Bag of Preparation","Anchor","Golden Idol"],"potions_floor_usage":[16],"damage_taken":[{"damage":0,"enemies":"Small Slimes","floor":1,"turns":3},{"damage":7,"enemies":"2 Louse","floor":3,"turns":3},{"damage":21,"enemies":"Lagavulin","floor":7,"turns":5},{"damage":6,"enemies":"Jaw Worm","floor":8,"turns":3},{"damage":24,"enemies":"Gremlin Nob","floor":11,"turns":4},{"damage":14,"enemies":"Blue Slaver","floor":13,"turns":3},{"damage":74,"enemies":"Hexaghost","floor":16,"turns":10}],"seed_played":"1875517064902099260","potions_obtained":[{"floor":7,"key":"Ancient Potion"},{"floor":8,"key":"Ancient Potion"},{"floor":13,"key":"Ancient Potion"}],"is_trial":false,"path_per_floor":["M","$","M","?","?","R","E","M","T","R","E","?","M","$","R","B"],"character_chosen":"IRONCLAD","items_purchased":["Inflame","Spot Weakness","Rage","Intimidate","Clothesline"],"campfire_rested":2,"item_purchase_floors":[2,2,14,14,14],"current_hp_per_floor":[80,80,79,79,68,68,53,53,53,77,59,59,51,51,73,0],"gold":58,"neow_bonus":"RANDOM_COMMON_RELIC","is_prod":false,"is_daily":false,"chose_seed":false,"campfire_upgraded":1,"win_rate":0.0,"timestamp":1548996556,"path_taken":["M","$","M","?","?","R","E","M","T","R","E","?","M","?","R","BOSS"],"build_version":"2019-01-23","purchased_purges":0,"victory":false,"max_hp_per_floor":[80,80,80,80,80,80,80,80,80,80,80,74,74,74,74,74],"card_choices":[{"not_picked":["Body Slam","Combust"],"picked":"Armaments","floor":1},{"not_picked":["Twin Strike","Body Slam"],"picked":"Heavy Blade","floor":3},{"not_picked":["Armaments","Perfected Strike"],"picked":"Berserk","floor":7},{"not_picked":["Body Slam","Bloodletting"],"picked":"Rampage","floor":8},{"not_picked":["Sever Soul","Headbutt"],"picked":"Heavy Blade","floor":11},{"not_picked":["Twin Strike","Shrug It Off"],"picked":"Evolve","floor":13}],"player_experience":64919,"relics_obtained":[{"floor":7,"key":"Oddly Smooth Stone"},{"floor":9,"key":"Bag of Preparation"},{"floor":11,"key":"Anchor"}],"event_choices":[{"damage_healed":0,"gold_gain":0,"player_choice":"Leave","damage_taken":0,"max_hp_gain":0,"max_hp_loss":0,"event_name":"The Cleric","floor":4,"gold_loss":0},{"damage_healed":0,"gold_gain":75,"player_choice":"Gather Gold","damage_taken":11,"max_hp_gain":0,"max_hp_loss":0,"event_name":"World of Goop","floor":5,"gold_loss":0},{"damage_healed":0,"gold_gain":0,"player_choice":"Lose Max HP","damage_taken":0,"relics_obtained":["Golden Idol"],"max_hp_gain":0,"max_hp_loss":6,"event_name":"Golden Idol","floor":12,"gold_loss":0}],"is_beta":false,"boss_relics":[],"items_purged_floors":[],"is_endless":false,"potions_floor_spawned":[7,8,13],"killed_by":"Hexaghost","ascension_level":0}