{"gold_per_floor":[112,123,123,148,1,1,30,48,48,48,7,27,42,72,72,177,207,226,136,3,21,39,57,57,57,80,11,11,45,45,61,61,165,165,181,18,38,0,19,19,19,33,33,33,53,53,53,53,53,53],"floor_reached":51,"playtime":2143,"items_purged":["Strike_R","Doubt","Strike_R"],"score":1173,"play_id":"609388c5-7999-478f-93c6-4322bd3f0da6","local_time":"20190124040641","is_ascension_mode":true,"campfire_choices":[{"data":"Clothesline","floor":6,"key":"SMITH"},{"data":"Bash","floor":10,"key":"SMITH"},{"data":"Pommel Strike","floor":15,"key":"SMITH"},{"data":"Corruption","floor":28,"key":"SMITH"},{"data":"Fire Breathing","floor":32,"key":"SMITH"},{"data":"Barricade","floor":40,"key":"SMITH"},{"data":"Feel No Pain","floor":44,"key":"SMITH"},{"data":"Feel No Pain","floor":46,"key":"SMITH"},{"floor":49,"key":"REST"}],"neow_cost":"CURSE","seed_source_timestamp":1164456847318216,"circlet_count":0,"master_deck":["Strike_R+1","Strike_R+1","Strike_R+1","Defend_R+1","Defend_R+1","Defend_R+1","Defend_R+1","Bash+1","Pommel Strike+1","Clothesline+1","Reckless Charge+1","Shockwave+1","Burning Pact+1","Infernal Blade+1","Seeing Red+1","Corruption+1","Double Tap+1","Parasite","Flame Barrier+1","Carnage+1","Infernal Blade+1","Warcry+1","Ghostly+1","Ghostly+1","Ghostly+1","Ghostly+1","Ghostly+1","Entrench+1","Demon Form+1","Shame","Fire Breathing+1","Barricade+1","Warcry+1","Shockwave+1","Anger+1","Feel No Pain+1","True Grit+1","Pummel+1","Feel No Pain+1"],"relics":["Burning Blood","Pocketwatch","Boot","Toxic Egg 2","Pantograph","Sundial","Calling Bell","Tiny Chest","Gremlin Horn","FossilizedHelix","Kunai","Orichalcum","Mummified Hand","Shuriken","Orrery","Red Mask","Mercury Hourglass","Frozen Egg 2","Mark of the Bloom","FaceOfCleric"],"potions_floor_usage":[7,18,22,23,29,50],"damage_taken":[{"damage":9,"enemies":"Cultist","floor":1,"turns":3},{"damage":6,"enemies":"Jaw Worm","floor":2,"turns":3},{"damage":18,"enemies":"Gremlin Nob","floor":7,"turns":4},{"damage":0,"enemies":"2 Louse","floor":8,"turns":3},{"damage":11,"enemies":"Blue Slaver","floor":12,"turns":3},{"damage":5,"enemies":"Red Slaver","floor":13,"turns":2},{"damage":32,"enemies":"The Guardian","floor":16,"turns":12},{"damage":1,"enemies":"Spheric Guardian","floor":18,"turns":3},{"damage":0,"enemies":"3 Byrds","floor":21,"turns":2},{"damage":3,"enemies":"Cultist and Chosen","floor":22,"turns":6},{"damage":7,"enemies":"Sentry and Sphere","floor":23,"turns":4},{"damage":0,"enemies":"Slavers","floor":29,"turns":7},{"damage":4,"enemies":"Chosen and Byrds","floor":31,"turns":5},{"damage":0,"enemies":"Champ","floor":33,"turns":8},{"damage":0,"enemies":"3 Darklings","floor":35,"turns":7},{"damage":16,"enemies":"Orb Walker","floor":37,"turns":5},{"damage":0,"enemies":"3 Darklings","floor":39,"turns":4},{"damage":0,"enemies":"Sphere and 2 Shapes","floor":42,"turns":3},{"damage":0,"enemies":"Spire Growth","floor":45,"turns":6},{"damage":0,"enemies":"Time Eater","floor":50,"turns":10}],"seed_played":"-7818442911385904651","potions_obtained":[{"floor":2,"key":"Poison Potion"},{"floor":13,"key":"Ancient Potion"},{"floor":16,"key":"Block Potion"},{"floor":21,"key":"Strength Potion"},{"floor":23,"key":"EssenceOfSteel"},{"floor":35,"key":"SkillPotion"},{"floor":39,"key":"SpeedPotion"}],"is_trial":false,"path_per_floor":["M","M","?","T","$","R","E","M","T","R","$","M","M","?","R","B",null,"M","?","$","M","M","M","?","T","T","$","R","E","?","M","R","B",null,"M","$","M","?","M","R","T","M","T","R","M","R","?","?","R","B",null],"character_chosen":"IRONCLAD","items_purchased":["Reckless Charge","Infernal Blade+1","Carnage","Entrench+1","Feel No Pain"],"campfire_rested":1,"item_purchase_floors":[5,11,20,27,36],"current_hp_per_floor":[69,69,62,62,62,62,50,56,56,56,56,51,52,52,52,51,73,78,78,78,80,80,79,40,40,40,40,40,40,40,40,40,40,40,40,40,30,30,36,36,36,40,40,40,40,40,40,40,40,40],"gold":53,"neow_bonus":"ONE_RARE_RELIC","is_prod":false,"is_daily":false,"chose_seed":false,"campfire_upgraded":8,"win_rate":0,"timestamp":1548302801,"path_taken":["M","?","?","?","$","R","E","M","T","R","$","M","M","?","R","BOSS","M","?","$","M","?","M","?","?","T","$","R","E","?","M","R","BOSS","M","$","M","?","M","R","?","M","T","R","?","R","?","?","R","BOSS"],"build_version":"2019-01-23","purchased_purges":3,"victory":true,"max_hp_per_floor":[80,80,80,80,80,80,80,80,80,80,80,80,80,80,80,80,80,80,80,80,80,80,80,40,40,40,40,40,40,40,40,40,40,40,40,40,40,40,40,40,40,40,40,40,40,40,40,40,40,41],"card_choices":[{"not_picked":["Sword Boomerang","Wild Strike"],"picked":"Pommel Strike","floor":1},{"not_picked":["Pommel Strike","Thunderclap"],"picked":"Clothesline","floor":2},{"not_picked":["Inflame","Seeing Red"],"picked":"Shockwave","floor":7},{"not_picked":["Entrench+1","Sever Soul"],"picked":"Burning Pact+1","floor":8},{"not_picked":["Entrench+1","Havoc+1"],"picked":"Seeing Red+1","floor":12},{"not_picked":["True Grit+1","Blood for Blood"],"picked":"Corruption","floor":13},{"not_picked":["Bludgeon","Fiend Fire"],"picked":"Double Tap+1","floor":16},{"not_picked":["Body Slam","Iron Wave+1"],"picked":"Flame Barrier+1","floor":18},{"not_picked":["Cleave","Inflame","Body Slam"],"picked":"SKIP","floor":21},{"not_picked":["Heavy Blade","Pummel"],"picked":"Infernal Blade+1","floor":22},{"not_picked":["Infernal Blade+1","Sword Boomerang"],"picked":"Warcry+1","floor":23},{"not_picked":["Anger","Rampage+1"],"picked":"Demon Form","floor":29},{"not_picked":["Bloodletting+1","Body Slam"],"picked":"Fire Breathing","floor":31},{"not_picked":["Offering+1","Dark Embrace"],"picked":"Barricade","floor":33},{"not_picked":["Flex+1","Thunderclap"],"picked":"Warcry+1","floor":34},{"not_picked":["Clothesline","Havoc+1"],"picked":"Shockwave+1","floor":34},{"not_picked":["Infernal Blade+1","Cleave+1"],"picked":"Anger","floor":34},{"not_picked":["Brutality","Shrug It Off+1","Heavy Blade"],"picked":"SKIP","floor":35},{"not_picked":["Wild Strike+1","Inflame+1"],"picked":"True Grit+1","floor":37},{"not_picked":["Rupture+1","Wild Strike+1"],"picked":"Pummel","floor":39},{"not_picked":["Heavy Blade+1","Twin Strike"],"picked":"Feel No Pain","floor":42},{"not_picked":["Shockwave+1","Clash","Anger"],"picked":"SKIP","floor":45}],"player_experience":469984,"relics_obtained":[{"floor":4,"key":"Boot"},{"floor":7,"key":"Toxic Egg 2"},{"floor":9,"key":"Pantograph"},{"floor":17,"key":"Tiny Chest"},{"floor":17,"key":"Gremlin Horn"},{"floor":17,"key":"FossilizedHelix"},{"floor":25,"key":"Kunai"},{"floor":26,"key":"Orichalcum"},{"floor":29,"key":"Mummified Hand"},{"floor":41,"key":"Mercury Hourglass"},{"floor":43,"key":"Frozen Egg 2"}],"event_choices":[{"cards_removed":["Pain"],"damage_healed":0,"gold_gain":0,"player_choice":"Card Removal","damage_taken":7,"max_hp_gain":0,"max_hp_loss":0,"event_name":"Golden Wing","floor":3,"gold_loss":0},{"damage_healed":0,"gold_gain":30,"player_choice":"Searched \u00273\u0027 times","damage_taken":0,"relics_obtained":["Sundial"],"max_hp_gain":0,"max_hp_loss":0,"event_name":"Dead Adventurer","floor":14,"gold_loss":0},{"cards_removed":["Pain"],"damage_healed":0,"gold_gain":0,"player_choice":"Upgrade and Remove","damage_taken":0,"max_hp_gain":0,"max_hp_loss":0,"event_name":"Designer","floor":19,"gold_loss":90,"cards_upgraded":["Strike_R"]},{"damage_healed":0,"gold_gain":0,"player_choice":"Became a Ghost","damage_taken":0,"max_hp_gain":0,"max_hp_loss":40,"event_name":"Ghosts","floor":24,"gold_loss":0,"cards_obtained":["Ghostly","Ghostly","Ghostly","Ghostly","Ghostly"]},{"damage_healed":0,"gold_gain":0,"player_choice":"Stole Relic","damage_taken":0,"relics_obtained":["Shuriken"],"max_hp_gain":0,"max_hp_loss":0,"event_name":"Addict","floor":30,"gold_loss":0,"cards_obtained":["Shame"]},{"damage_healed":0,"gold_gain":0,"player_choice":"Paid","damage_taken":0,"relics_obtained":["Red Mask"],"max_hp_gain":0,"max_hp_loss":0,"event_name":"Tomb of Lord Red Mask","floor":38,"gold_loss":38},{"damage_healed":0,"gold_gain":0,"player_choice":"Upgrade","damage_taken":0,"relics_obtained":["Mark of the Bloom"],"max_hp_gain":0,"max_hp_loss":0,"event_name":"MindBloom","floor":47,"gold_loss":0,"cards_upgraded":["Strike_R","Strike_R","Defend_R","Defend_R","Defend_R","Defend_R","Reckless Charge","Carnage","Demon Form","Anger","Pummel"]},{"damage_healed":0,"gold_gain":0,"player_choice":"Trade","damage_taken":0,"relics_obtained":["FaceOfCleric"],"max_hp_gain":0,"max_hp_loss":0,"event_name":"FaceTrader","floor":48,"gold_loss":0}],"is_beta":true,"boss_relics":[{"not_picked":["Runic Dome","Cursed Key"],"picked":"Calling Bell"},{"not_picked":["Runic Pyramid","Lizard Tail"],"picked":"Orrery"}],"items_purged_floors":[5,20,36],"is_endless":false,"potions_floor_spawned":[2,13,16,21,23,35,39],"ascension_level":9}