{"gold_per_floor":[111,131,131,131,151,151,76,115,160,174,174,188,188,212,212,212],"floor_reached":16,"playtime":1750,"items_purged":["Defend_G"],"score":168,"play_id":"e91e3c34-b271-4ba4-908e-8437551fe5a0","local_time":"20190208061408","is_ascension_mode":true,"campfire_choices":[{"data":"Blur","floor":6.0,"key":"SMITH"},{"data":"Bullet Time","floor":11.0,"key":"SMITH"},{"floor":15.0,"key":"REST"}],"neow_cost":"NONE","seed_source_timestamp":0,"circlet_count":0,"master_deck":["AscendersBane","Defend_G","Defend_G","Defend_G","Defend_G","Strike_G","Strike_G","Strike_G","Strike_G","Survivor","Neutralize","Underhanded Strike","Dagger Throw","Blur+1","Tactician","Bullet Time+1","Acrobatics+1","Outmaneuver"],"special_seed":0,"relics":["Runic Pyramid","Golden Idol","Omamori","Potion Belt"],"potions_floor_usage":[],"damage_taken":[{"damage":6.0,"enemies":"Small Slimes","floor":1.0,"turns":5.0},{"damage":4.0,"enemies":"2 Louse","floor":2.0,"turns":3.0},{"damage":3.0,"enemies":"Jaw Worm","floor":5.0,"turns":4.0},{"damage":4.0,"enemies":"Lagavulin","floor":8.0,"turns":7.0},{"damage":15.0,"enemies":"Exordium Wildlife","floor":10.0,"turns":6.0},{"damage":9.0,"enemies":"Lots of Slimes","floor":12.0,"turns":5.0},{"damage":14.0,"enemies":"Red Slaver","floor":14.0,"turns":3.0},{"damage":21,"enemies":"The Guardian","floor":16,"turns":11}],"seed_played":"-7159867562125059560","potions_obtained":[{"floor":1.0,"key":"Poison Potion"},{"floor":8.0,"key":"LiquidBronze"}],"is_trial":false,"path_per_floor":["M","M","?","?","M","R","$","E","T","M","R","M","?","M","R","B"],"character_chosen":"THE_SILENT","items_purchased":[],"campfire_rested":1,"item_purchase_floors":[],"current_hp_per_floor":[57,53,53,53,50,50,50,46,46,31,31,22,22,8,27,6],"gold":212,"neow_bonus":"BOSS_RELIC","is_prod":false,"is_daily":false,"chose_seed":false,"campfire_upgraded":2,"win_rate":0,"timestamp":1549606448,"path_taken":["M","M","?","?","M","R","$","E","T","M","R","?","?","M","R","BOSS"],"build_version":"2019-02-06","purchased_purges":1,"victory":false,"max_hp_per_floor":[70,70,70,65,65,65,65,65,65,65,65,65,65,65,65,65],"card_choices":[{"not_picked":["Cloak And Dagger","Accuracy"],"picked":"Underhanded Strike","floor":1.0},{"not_picked":["Infinite Blades","Sucker Punch"],"picked":"Dagger Throw","floor":2.0},{"not_picked":["Blade Dance","Backflip"],"picked":"Tactician","floor":5.0},{"not_picked":["Tactician","Deadly Poison"],"picked":"Bullet Time","floor":8.0},{"not_picked":["Slice","Escape Plan"],"picked":"Acrobatics","floor":10.0},{"not_picked":["Finisher","Riddle With Holes"],"picked":"Outmaneuver","floor":12.0},{"not_picked":["PiercingWail","Outmaneuver","Dagger Throw"],"picked":"SKIP","floor":14.0}],"player_experience":579793,"relics_obtained":[{"floor":8.0,"key":"Omamori"},{"floor":9.0,"key":"Potion Belt"}],"event_choices":[{"damage_healed":0.0,"max_hp_gain":0.0,"max_hp_loss":0.0,"gold_gain":0.0,"cards_transformed":["Strike_G"],"event_name":"Living Wall","player_choice":"Change","floor":3.0,"gold_loss":0.0,"damage_taken":0.0,"cards_obtained":["Blur"]},{"damage_healed":0.0,"max_hp_gain":0.0,"max_hp_loss":5.0,"gold_gain":0.0,"event_name":"Golden Idol","player_choice":"Lose Max HP","floor":4.0,"gold_loss":0.0,"damage_taken":0.0,"relics_obtained":["Golden Idol"]},{"damage_healed":0.0,"max_hp_gain":0.0,"max_hp_loss":0.0,"gold_gain":0.0,"event_name":"Upgrade Shrine","player_choice":"Upgraded","floor":13.0,"gold_loss":0.0,"damage_taken":0.0,"cards_upgraded":["Acrobatics"]}],"is_beta":true,"boss_relics":[],"items_purged_floors":[7],"is_endless":false,"potions_floor_spawned":[1,8],"killed_by":"The Guardian","ascension_level":13}