{"path_per_floor":["M","?","M","?","?","E","R","$","T","R","?","T","M","M","R","B",null,"M","?","M","?","$","R","?","$","T","M","M","R","M","M","R","B",null,"M","M","$","M","M","R","E","M","T","R","$","?","$","M","R","B"],"character_chosen":"DEFECT","items_purchased":["Deep Breath","Hello World"],"gold_per_floor":[115,115,133,198,198,239,239,74,74,74,74,74,93,107,107,231,269,290,205,226,226,126,126,126,1,27,40,61,61,84,97,97,221,221,240,256,106,126,146,146,146,164,164,164,93,0,0,25,25,25],"floor_reached":51,"campfire_rested":1,"playtime":2565,"current_hp_per_floor":[67,67,72,72,72,59,59,59,59,59,75,75,75,74,74,75,80,72,72,79,79,79,79,79,79,79,75,51,76,73,85,85,30,71,85,85,85,66,85,85,85,85,85,85,85,85,85,85,85,20],"items_purged":["Strike_B","Strike_B","Writhe","Strike_B"],"gold":25,"score":962,"play_id":"4dc9d24a-c346-499f-943b-01a0393fb10e","local_time":"20180512203124","is_prod":false,"is_daily":false,"chose_seed":false,"is_ascension_mode":true,"campfire_upgraded":8,"timestamp":1526182284,"path_taken":["M","?","M","?","?","E","R","$","T","R","?","?","?","M","R","BOSS","M","?","M","?","$","R","?","$","T","?","M","R","M","M","R","BOSS","M","M","$","M","M","R","E","M","T","R","?","?","$","M","R","BOSS"],"build_version":"2018-05-12v2","seed_source_timestamp":37117524275781,"purchased_purges":5,"victory":true,"master_deck":["Strike_B","Defend_B+1","Defend_B","Defend_B","Defend_B","Zap+1","Dualcast","White Noise+1","Sunder+1","Heatsinks+1","Deep Breath+1","Self Repair","Echo Form","Self Repair","Sunder","Force Field+1","Amplify+1","Creative AI","Hello World+1"],"max_hp_per_floor":[75,75,75,75,75,75,75,75,75,75,75,75,75,75,75,75,80,85,85,85,85,85,85,85,85,85,85,85,85,85,85,85,85,85,85,85,85,85,85,85,85,85,85,85,85,85,85,85,85,85],"relics":["Cracked Core","Happy Flower","Golden Idol","Spirit Poop","Mummified Hand","Bottled Lightning","Cables","Tiny House","Matryoshka","Prayer Wheel","Ancient Tea Set","Bronze Scales","Philosopher\u0027s Stone","Pen Nib","Shuriken","Red Mask"],"card_choices":[{"not_picked":["Scrape","Sweeping Beam"],"picked":"White Noise","floor":1},{"not_picked":["Turbo","Beam Cell"],"picked":"Sunder","floor":3},{"not_picked":["Barrage","Skim"],"picked":"Heatsinks","floor":6},{"not_picked":["Hologram","Glacier","Double Energy"],"picked":"SKIP","floor":13},{"not_picked":["Sunder","Hello World"],"picked":"Self Repair","floor":14},{"not_picked":["Fission","Fusion"],"picked":"Echo Form","floor":16},{"not_picked":["Auto Shields","Coolheaded"],"picked":"Self Repair","floor":18},{"not_picked":["Auto Shields","Darkness","BootSequence+1"],"picked":"SKIP","floor":20},{"not_picked":["Go for the Eyes+1","Streamline"],"picked":"Sunder","floor":26},{"not_picked":["Skim+1","Cold Snap+1","FTL"],"picked":"SKIP","floor":27},{"not_picked":["Capacitor","Coolheaded"],"picked":"Force Field","floor":28},{"not_picked":["Rip and Tear+1","Double Energy+1"],"picked":"Amplify","floor":30},{"not_picked":["Rebound+1","Conserve Battery+1","Melter"],"picked":"SKIP","floor":31},{"not_picked":["Hyperbeam","Amplify"],"picked":"Creative AI","floor":33},{"not_picked":["Axe Kick+1","Streamline","Skim"],"picked":"SKIP","floor":35},{"not_picked":["Coolheaded","Hello World","Gash"],"picked":"SKIP","floor":36},{"not_picked":["Glacier","Streamline+1","Steam Power"],"picked":"SKIP","floor":38},{"not_picked":["Go for the Eyes+1","Redo","Doom and Gloom+1"],"picked":"SKIP","floor":39},{"not_picked":["Tempest","Hologram","Turbo+1"],"picked":"SKIP","floor":42},{"not_picked":["Chaos+1","Recycle","Cold Snap+1"],"picked":"SKIP","floor":43},{"not_picked":["Scrape+1","Steam Power+1","Chill"],"picked":"SKIP","floor":48}],"player_experience":228194,"potions_floor_usage":[3,16,18,28,33,39,41,48,50,50],"damage_taken":[{"damage":1,"enemies":"2 Louse","floor":1,"turns":3},{"damage":2,"enemies":"Jaw Worm","floor":3,"turns":4},{"damage":13,"enemies":"3 Sentries","floor":6,"turns":6},{"damage":0,"enemies":"Cultist","floor":13,"turns":3},{"damage":1,"enemies":"Looter","floor":14,"turns":2},{"damage":0,"enemies":"Slime Boss","floor":16,"turns":5},{"damage":20,"enemies":"2 Thieves","floor":18,"turns":3},{"damage":0,"enemies":"Spheric Guardian","floor":20,"turns":3},{"damage":11,"enemies":"Snake Plant","floor":27,"turns":2},{"damage":31,"enemies":"Centurion and Healer","floor":28,"turns":3},{"damage":17,"enemies":"Slaver and Parasite","floor":30,"turns":4},{"damage":13,"enemies":"Sentry and Sphere","floor":31,"turns":5},{"damage":69,"enemies":"Automaton","floor":33,"turns":7},{"damage":3,"enemies":"3 Shapes","floor":35,"turns":3},{"damage":0,"enemies":"3 Darklings","floor":36,"turns":3},{"damage":26,"enemies":"Sphere and 2 Shapes","floor":38,"turns":4},{"damage":0,"enemies":"Flame Bruiser 2 Orb","floor":39,"turns":2},{"damage":5,"enemies":"Nemesis","floor":41,"turns":3},{"damage":15,"enemies":"4 Shapes","floor":42,"turns":4},{"damage":13,"enemies":"Maw","floor":48,"turns":6},{"damage":79,"enemies":"Donu and Deca","floor":50,"turns":5}],"event_choices":[{"event_name":"Golden Idol","player_choice":"Take Wound","floor":2,"damage_taken":0},{"event_name":"Golden Wing","player_choice":"Gained Gold","floor":4,"damage_taken":0},{"event_name":"Bonfire Elementals","player_choice":"CURSE","floor":5,"damage_taken":0},{"event_name":"Big Fish","player_choice":"Banana","floor":11,"damage_taken":0},{"event_name":"Addict","player_choice":"Obtained Relic","floor":19,"damage_taken":0},{"event_name":"Cursed Tome","player_choice":"Ignored","floor":21,"damage_taken":0},{"event_name":"The Mausoleum","player_choice":"Yes","floor":24,"damage_taken":0},{"event_name":"Tomb of Lord Red Mask","player_choice":"Paid","floor":46,"damage_taken":0}],"boss_relics":[{"not_picked":["White Beast Statue","Black Star"],"picked":"Tiny House"},{"not_picked":["Astrolabe","Calling Bell"],"picked":"Philosopher\u0027s Stone"}],"potions_floor_spawned":[1,14,20,27,30,36,38,42,48],"seed_played":"-951723192975448335","ascension_level":6,"is_trial":false}