{"path_per_floor":["M","$","?","M","T","R","?","$","T","T","R","M","R","$","R","B",null,"M","?","M","M","$","M","$","M","T","R","M","$","E","?","R"],"character_chosen":"DEFECT","items_purchased":["Flash of Steel","Purity","Deep Breath"],"gold_per_floor":[218,44,44,60,60,60,60,60,60,86,86,103,103,13,13,117,117,117,117,117,117,117,117,13,13,13,13,13,13,13,13,13,13],"floor_reached":33,"campfire_rested":2,"playtime":658,"current_hp_per_floor":[74,74,74,74,74,74,79,79,79,79,79,79,79,79,79,41,80,80,80,80,65,65,40,40,25,25,49,31,31,33,33,57,0],"items_purged":["Defend_B"],"gold":13,"score":278,"play_id":"4c012693-1272-4538-a795-8679bec2070a","local_time":"20180514222153","is_prod":false,"is_daily":false,"chose_seed":false,"is_ascension_mode":false,"campfire_upgraded":4,"timestamp":1526361713,"path_taken":["M","$","?","M","?","R","?","$","T","?","R","M","R","$","R","BOSS","M","?","M","M","$","M","$","M","T","R","M","$","E","?","R","BOSS"],"build_version":"2018-05-12v2","seed_source_timestamp":13026443299116,"purchased_purges":2,"victory":false,"master_deck":["Strike_B","Strike_B","Strike_B","Strike_B","Defend_B","Defend_B","Defend_B","Zap+1","Dualcast+1","Flash of Steel+1","Scrape+1","Axe Kick","Purity","Axe Kick","FTL","Deep Breath","Beam Cell+1","Axe Kick"],"max_hp_per_floor":[75,75,75,75,75,75,80,80,80,80,80,80,80,80,80,80,80,80,80,80,80,80,80,80,80,80,80,80,80,82,82,82,82],"relics":["Cracked Core","Question Card","Toolbox","Potion Belt","Ectoplasm","Singing Bowl","Darkstone Periapt"],"card_choices":[{"not_picked":["Glacier","Steam Power","Hologram"],"picked":"SKIP","floor":1},{"not_picked":["Storm","Genetic Algorithm"],"picked":"Scrape","floor":4},{"not_picked":["Sunder","Go for the Eyes","Beam Cell"],"picked":"Axe Kick","floor":12},{"not_picked":["Loop","Hello World","Chill","Ball Lightning"],"picked":"SKIP","floor":18},{"not_picked":["Stack","Blizzard+1","Impulse+1"],"picked":"Axe Kick","floor":20},{"not_picked":["BootSequence","Turbo","Capacitor"],"picked":"FTL","floor":21},{"not_picked":["Ball Lightning","Coolheaded","Fission","Rebound"],"picked":"SKIP","floor":23},{"not_picked":["Coolheaded+1","Darkness+1","Sweeping Beam"],"picked":"Beam Cell+1","floor":25},{"not_picked":["Defragment","Storm+1","Gash"],"picked":"Axe Kick","floor":28},{"not_picked":["Static Discharge","Aggregate+1","Force Field","Loop"],"picked":"Singing Bowl","floor":30}],"player_experience":245498,"potions_floor_usage":[4,21,28,33,33],"damage_taken":[{"damage":1,"enemies":"Jaw Worm","floor":1,"turns":3},{"damage":0,"enemies":"Cultist","floor":4,"turns":1},{"damage":0,"enemies":"2 Louse","floor":12,"turns":1},{"damage":38,"enemies":"Slime Boss","floor":16,"turns":11},{"damage":0,"enemies":"Spheric Guardian","floor":18,"turns":2},{"damage":0,"enemies":"Chosen","floor":20,"turns":3},{"damage":15,"enemies":"Sentry and Sphere","floor":21,"turns":5},{"damage":25,"enemies":"Snecko","floor":23,"turns":4},{"damage":15,"enemies":"Centurion and Healer","floor":25,"turns":3},{"damage":18,"enemies":"Slaver and Parasite","floor":28,"turns":4},{"damage":0,"enemies":"Gremlin Leader","floor":30,"turns":3},{"damage":71,"enemies":"Collector","floor":33,"turns":5}],"event_choices":[{"event_name":"The Cleric","player_choice":"Leave","floor":3,"damage_taken":0},{"event_name":"Big Fish","player_choice":"Donut","floor":7,"damage_taken":0},{"event_name":"Cursed Tome","player_choice":"Ignored","floor":19,"damage_taken":0},{"event_name":"Match and Keep!","player_choice":"0 cards matched","floor":31,"damage_taken":0}],"boss_relics":[{"not_picked":["Calling Bell","Lizard Tail"],"picked":"Ectoplasm"}],"potions_floor_spawned":[1,20,23,28,30],"seed_played":"6063143830564277902","killed_by":"Collector","ascension_level":0,"is_trial":false}