{"gold_per_floor":[117,27,41,41,128,169,181,222,305,317,344,381,393,418,430,518,530,552,479,491,522,534,546,576,588,600,627,639,926,955,191,191,262,262,279,292,292,292,292,292,292,292,366,466,466,207,207,28,28,28],"floor_reached":51,"playtime":1903,"items_purged":["Regret","Defend_B"],"score":1221,"play_id":"14690b56-7d8d-48ae-a434-39e71e863edd","local_time":"20190213060356","is_ascension_mode":true,"campfire_choices":[{"data":"Zap","floor":7,"key":"SMITH"},{"floor":10,"key":"REST"},{"data":"Tempest","floor":15,"key":"SMITH"},{"floor":23,"key":"REST"},{"data":"Gash","floor":25,"key":"SMITH"},{"data":"Thinking Ahead","floor":32,"key":"SMITH"},{"floor":40,"key":"REST"},{"data":"Defragment","floor":42,"key":"SMITH"},{"data":"Hologram","floor":49,"key":"SMITH"}],"neow_cost":"NONE","seed_source_timestamp":550017591915261,"circlet_count":0,"master_deck":["AscendersBane","Strike_B","Defend_B","Defend_B","Zap+1","Dualcast","Finesse","Coolheaded+1","Machine Learning","BootSequence","Ball Lightning","Gash+1","Tempest+1","All For One","Conserve Battery","Leap","Biased Cognition","Gash","Finesse","Defragment+1","Seek","Thinking Ahead+1","All For One","Melter+1","Hyperbeam+1","Compile Driver+1","Gash","Gash+1","Hologram+1","Go for the Eyes+1"],"relics":["Cracked Core","NeowsBlessing","MawBank","DataDisk","Symbiotic Virus","Meat on the Bone","WingedGreaves","Inserter","Dead Branch","Mango","Lee\u0027s Waffle","Astrolabe","Mercury Hourglass","Molten Egg 2","Emotion Chip","Kunai"],"potions_floor_usage":[12,14,33,37,50,50],"damage_taken":[{"damage":0,"enemies":"Jaw Worm","floor":1,"turns":1},{"damage":0,"enemies":"2 Louse","floor":3,"turns":1},{"damage":0,"enemies":"Gremlin Nob","floor":6,"turns":1},{"damage":24,"enemies":"Lagavulin","floor":8,"turns":6},{"damage":0,"enemies":"Cultist","floor":11,"turns":2},{"damage":16,"enemies":"Gremlin Nob","floor":12,"turns":3},{"damage":12,"enemies":"2 Fungi Beasts","floor":14,"turns":3},{"damage":23,"enemies":"Hexaghost","floor":16,"turns":9},{"damage":2,"enemies":"Chosen","floor":18,"turns":4},{"damage":8,"enemies":"Spheric Guardian","floor":21,"turns":4},{"damage":19,"enemies":"Shelled Parasite and Fungi","floor":24,"turns":5},{"damage":6,"enemies":"Cultist and Chosen","floor":27,"turns":4},{"damage":13,"enemies":"Sentry and Sphere","floor":30,"turns":5},{"damage":87,"enemies":"Collector","floor":33,"turns":9},{"damage":19,"enemies":"3 Shapes","floor":35,"turns":4},{"damage":34,"enemies":"3 Darklings","floor":36,"turns":4},{"damage":0,"enemies":"Jaw Worm Horde","floor":37,"turns":1},{"damage":0,"enemies":"Mind Bloom Boss Battle","floor":44,"turns":3},{"damage":70,"enemies":"Awakened One","floor":50,"turns":9}],"seed_played":"6419977769219679477","potions_obtained":[{"floor":8,"key":"Fire Potion"},{"floor":12,"key":"Regen Potion"},{"floor":14,"key":"Fruit Juice"},{"floor":16,"key":"SkillPotion"},{"floor":33,"key":"GamblersBrew"},{"floor":36,"key":"SmokeBomb"},{"floor":44,"key":"FearPotion"}],"is_trial":false,"path_per_floor":["M","$","M","?","?","E","R","E","T","R","M","E","?","M","R","B",null,"M","?","?","M","?","R","M","R","T","M","$","?","M","$","R","B",null,"M","M","M","?","$","R","T","R","T","?","$","$","?","$","R","B",null],"character_chosen":"DEFECT","items_purchased":["Finesse","Lee\u0027s Waffle","Finesse","Defragment","Seek","Thinking Ahead","Kunai","Hologram","Go for the Eyes+1"],"campfire_rested":3,"item_purchase_floors":[2,31,31,31,31,31,46,48,48],"current_hp_per_floor":[68,68,68,43,32,32,32,8,8,30,42,38,38,43,43,32,68,66,66,66,58,43,68,49,49,63,57,57,57,56,106,106,31,87,68,46,58,58,58,89,89,89,89,89,89,89,89,89,89,46],"gold":28,"neow_bonus":"THREE_ENEMY_KILL","is_prod":false,"is_daily":false,"chose_seed":false,"campfire_upgraded":6,"win_rate":0,"timestamp":1550037836,"path_taken":["M","$","M","?","?","E","R","E","T","R","M","E","?","?","R","BOSS","M","?","?","?","?","R","M","R","T","M","$","?","?","$","R","BOSS","M","M","M","?","$","R","?","R","T","?","?","$","?","$","R","BOSS"],"build_version":"2019-02-06","purchased_purges":2,"victory":true,"max_hp_per_floor":[75,75,75,75,75,75,75,75,75,75,75,75,75,80,80,80,80,80,80,80,80,85,85,85,85,99,99,99,99,99,106,106,106,106,106,106,106,106,106,106,106,106,106,106,106,106,106,106,106,106],"card_choices":[{"not_picked":["Streamline","Conserve Battery","Turbo"],"picked":"SKIP","floor":1},{"not_picked":["Barrage","Conserve Battery"],"picked":"Coolheaded","floor":3},{"not_picked":["Gash","Capacitor"],"picked":"Machine Learning","floor":6},{"not_picked":["Tempest","Doom and Gloom"],"picked":"BootSequence","floor":8},{"not_picked":["Stack","Loop"],"picked":"Ball Lightning","floor":11},{"not_picked":["Streamline","Compile Driver"],"picked":"Gash","floor":12},{"not_picked":["Barrage","Conserve Battery"],"picked":"Tempest","floor":14},{"not_picked":["Meteor Strike","Fission"],"picked":"All For One","floor":16},{"not_picked":["Barrage","Genetic Algorithm","Cold Snap"],"picked":"SKIP","floor":18},{"not_picked":["Cold Snap","Ball Lightning"],"picked":"Leap","floor":21},{"not_picked":["Turbo","Lockon+1","Streamline"],"picked":"SKIP","floor":24},{"not_picked":["Redo","Ball Lightning"],"picked":"Biased Cognition","floor":27},{"not_picked":["Lockon","Compile Driver"],"picked":"Gash","floor":30},{"not_picked":["Creative AI","Meteor Strike"],"picked":"All For One","floor":33},{"not_picked":["Rebound+1","Scrape","Beam Cell"],"picked":"SKIP","floor":35},{"not_picked":["Hologram","Compile Driver"],"picked":"Gash","floor":36},{"not_picked":["Recycle","Leap"],"picked":"Gash+1","floor":44}],"player_experience":600614,"relics_obtained":[{"floor":6,"key":"DataDisk"},{"floor":8,"key":"Symbiotic Virus"},{"floor":9,"key":"Meat on the Bone"},{"floor":12,"key":"WingedGreaves"},{"floor":26,"key":"Mango"},{"floor":41,"key":"Mercury Hourglass"},{"floor":43,"key":"Molten Egg 2"},{"floor":44,"key":"Emotion Chip"}],"event_choices":[{"damage_healed":0,"gold_gain":0,"player_choice":"Success","damage_taken":25,"relics_obtained":["MawBank"],"max_hp_gain":0,"max_hp_loss":0,"event_name":"Scrap Ooze","floor":4,"gold_loss":0},{"damage_healed":0,"gold_gain":75,"player_choice":"Gather Gold","damage_taken":11,"max_hp_gain":0,"max_hp_loss":0,"event_name":"World of Goop","floor":5,"gold_loss":0},{"damage_healed":0,"gold_gain":0,"player_choice":"Forge","damage_taken":0,"max_hp_gain":0,"max_hp_loss":0,"event_name":"Accursed Blacksmith","floor":13,"gold_loss":0,"cards_upgraded":["Coolheaded"]},{"damage_healed":0,"gold_gain":0,"player_choice":"Obtained Relic","damage_taken":0,"relics_obtained":["Dead Branch"],"max_hp_gain":0,"max_hp_loss":0,"event_name":"Addict","floor":19,"gold_loss":85},{"damage_healed":0,"gold_gain":0,"cards_transformed":["Strike_B"],"player_choice":"Transformed","damage_taken":0,"max_hp_gain":0,"max_hp_loss":0,"event_name":"Transmorgrifier","floor":20,"gold_loss":0,"cards_obtained":["Conserve Battery"]},{"damage_healed":0,"gold_gain":0,"player_choice":"Shed Blood","damage_taken":20,"max_hp_gain":5,"max_hp_loss":0,"event_name":"Forgotten Altar","floor":22,"gold_loss":0},{"damage_healed":0,"gold_gain":275,"player_choice":"Desecrate","damage_taken":0,"max_hp_gain":0,"max_hp_loss":0,"event_name":"Golden Shrine","floor":29,"gold_loss":0,"cards_obtained":["Regret"]},{"damage_healed":0,"gold_gain":0,"player_choice":"Ignored","damage_taken":0,"max_hp_gain":0,"max_hp_loss":0,"event_name":"Mysterious Sphere","floor":38,"gold_loss":0},{"damage_healed":0,"gold_gain":0,"player_choice":"Fight","damage_taken":0,"max_hp_gain":0,"max_hp_loss":0,"event_name":"MindBloom","floor":44,"gold_loss":0},{"damage_healed":0,"gold_gain":0,"player_choice":"Ignored","damage_taken":0,"max_hp_gain":0,"max_hp_loss":0,"event_name":"Tomb of Lord Red Mask","floor":47,"gold_loss":0}],"is_beta":true,"boss_relics":[{"not_picked":["Calling Bell","Ectoplasm"],"picked":"Inserter"},{"not_picked":["Black Star","Velvet Choker"],"picked":"Astrolabe"}],"items_purged_floors":[31,48],"is_endless":false,"potions_floor_spawned":[8,12,14,16,21,30,33,36,44],"ascension_level":13}