{"path_per_floor":["M","M","$","?","?","E","?","$","T","M","E","R","M","$","R","B",null,"M","?","?","T","M","R","E","M","T","R","M","R","M"],"character_chosen":"IRONCLAD","items_purchased":["Inflame","Inflame","Dropkick","Shrug It Off"],"gold_per_floor":[118,130,59,9,9,40,115,34,88,104,137,137,150,30,30,130,130,150,150,150,174,188,188,218,235,235,235,253,253,272,272],"floor_reached":31,"campfire_rested":4,"playtime":1327,"item_purchase_floors":[3,8,14,14],"current_hp_per_floor":[80,77,77,77,77,53,42,42,42,48,26,50,56,56,56,35,80,53,53,40,40,18,30,11,17,17,29,22,34,39,0],"items_purged":[],"gold":272,"score":352,"play_id":"58327d3f-215e-4782-86c1-8c88ac36fa98","local_time":"20180520230854","is_prod":false,"is_daily":false,"chose_seed":false,"is_ascension_mode":true,"campfire_upgraded":1,"timestamp":1526854134,"campfire_choices":[{"floor":12,"key":"REST"},{"data":"Inflame","floor":15,"key":"SMITH"},{"floor":23,"key":"REST"},{"floor":27,"key":"REST"},{"floor":29,"key":"REST"}],"path_taken":["M","M","$","?","?","E","?","?","T","M","E","R","M","$","R","BOSS","M","?","?","?","M","R","E","?","T","R","M","R","M","E"],"build_version":"2018-05-18","seed_source_timestamp":649241887527700,"purchased_purges":0,"victory":false,"master_deck":["Strike_R","Strike_R","Strike_R","Defend_R","Defend_R","Defend_R","Defend_R","Bash+1","Inflame+1","Reckless Charge","Inflame","Inflame","Inflame","Cleave","Inflame","Dropkick","Shrug It Off","Double Tap","Thunderclap","Warcry","Ghostly","Ghostly","Ghostly","Ghostly","Ghostly","Metallicize+1","Evolve","Whirlwind+1","Twin Strike"],"max_hp_per_floor":[80,80,80,80,80,80,80,80,80,80,80,80,80,80,80,80,80,80,80,40,40,40,40,40,40,40,40,40,40,40,40],"relics":["Burning Blood","Shuriken","Tiny Chest","Anchor","Runic Cube","Ancient Tea Set","Art of War","Charon\u0027s Ashes"],"card_choices":[{"not_picked":["Reckless Charge","Iron Wave"],"picked":"Inflame","floor":1},{"not_picked":["Wild Strike","Body Slam"],"picked":"Reckless Charge","floor":2},{"not_picked":["Whirlwind","Corruption"],"picked":"Inflame","floor":6},{"not_picked":["Power Through","Thunderclap"],"picked":"Cleave","floor":10},{"not_picked":["Carnage","Shrug It Off"],"picked":"Inflame","floor":11},{"not_picked":["Body Slam","Brutality"],"picked":"Inflame","floor":13},{"not_picked":["Exhume","Juggernaut"],"picked":"Double Tap","floor":16},{"not_picked":["Shrug It Off","Sentinel"],"picked":"Thunderclap","floor":18},{"not_picked":["Intimidate","Shrug It Off"],"picked":"Metallicize+1","floor":22},{"not_picked":["Body Slam","Hemokinesis"],"picked":"Evolve","floor":24},{"not_picked":["True Grit","Blood for Blood","Clothesline"],"picked":"SKIP","floor":25},{"not_picked":["Iron Wave+1","Clothesline"],"picked":"Whirlwind+1","floor":28},{"not_picked":["Fire Breathing","Body Slam"],"picked":"Twin Strike","floor":30}],"player_experience":174761,"potions_floor_usage":[13,16,22],"damage_taken":[{"damage":1,"enemies":"Cultist","floor":1,"turns":4},{"damage":9,"enemies":"Jaw Worm","floor":2,"turns":3},{"damage":30,"enemies":"Lagavulin","floor":6,"turns":7},{"damage":0,"enemies":"Small Slimes","floor":10,"turns":2},{"damage":28,"enemies":"Gremlin Nob","floor":11,"turns":4},{"damage":0,"enemies":"Exordium Wildlife","floor":13,"turns":2},{"damage":27,"enemies":"Slime Boss","floor":16,"turns":6},{"damage":33,"enemies":"Spheric Guardian","floor":18,"turns":5},{"damage":28,"enemies":"Chosen","floor":22,"turns":6},{"damage":25,"enemies":"Slavers","floor":24,"turns":7},{"damage":0,"enemies":"Snake Plant","floor":25,"turns":6},{"damage":13,"enemies":"Cultist and Chosen","floor":28,"turns":6},{"damage":1,"enemies":"Snecko","floor":30,"turns":5},{"damage":40,"enemies":"Book of Stabbing","floor":31,"turns":4}],"relics_obtained":[{"floor":6,"key":"Shuriken"},{"floor":9,"key":"Tiny Chest"},{"floor":11,"key":"Anchor"},{"floor":21,"key":"Ancient Tea Set"},{"floor":24,"key":"Art of War"},{"floor":26,"key":"Charon\u0027s Ashes"}],"event_choices":[{"event_name":"The Cleric","player_choice":"Card Removal","floor":4,"damage_taken":0},{"event_name":"Living Wall","player_choice":"Forget","floor":5,"damage_taken":0},{"event_name":"World of Goop","player_choice":"Gather Gold","floor":7,"damage_taken":0},{"event_name":"Transmorgrifier","player_choice":"Transform","floor":19,"damage_taken":0},{"event_name":"Ghosts","player_choice":"Became a Ghost","floor":20,"damage_taken":0}],"boss_relics":[{"not_picked":["Orrery","Runic Pyramid"],"picked":"Runic Cube"}],"items_purged_floors":[],"potions_floor_spawned":[1,11,13,24,30],"seed_played":"3051914952229812391","killed_by":"Book of Stabbing","ascension_level":3,"potions_obtained":[{"floor":1,"key":"GamblersBrew"},{"floor":11,"key":"AttackPotion"},{"floor":13,"key":"AttackPotion"},{"floor":24,"key":"SpeedPotion"},{"floor":30,"key":"Swift Potion"}],"is_trial":false}