{"gold_per_floor":[109,109,123,143,318,318,318,90,90,134,134,53,97,118,118,118],"floor_reached":16,"playtime":423,"items_purged":["Doubt"],"score":173,"play_id":"f1b3284c-076b-4728-9d68-31821afa400d","local_time":"20190201213808","is_ascension_mode":true,"campfire_choices":[{"data":"Zap","floor":6,"key":"SMITH"},{"floor":11,"key":"REST"},{"floor":15,"key":"REST"}],"neow_cost":"NONE","seed_source_timestamp":23612094448978,"circlet_count":0,"master_deck":["AscendersBane","Strike_B","Strike_B+1","Defend_B","Defend_B","Defend_B","Defend_B","Zap+1","Dualcast","Coolheaded","Ball Lightning","Auto Shields","Cold Snap+1","Hyperbeam","Core Surge","Trip","Glacier","Chill"],"relics":["Cracked Core","Golden Idol","Blue Candle","Whetstone","Pen Nib"],"potions_floor_usage":[10,16],"damage_taken":[{"damage":2,"enemies":"2 Louse","floor":1,"turns":3},{"damage":4,"enemies":"Cultist","floor":3,"turns":3},{"damage":10,"enemies":"Small Slimes","floor":4,"turns":3},{"damage":34,"enemies":"Gremlin Nob","floor":10,"turns":5},{"damage":20,"enemies":"Lagavulin","floor":13,"turns":5},{"damage":0,"enemies":"Looter","floor":14,"turns":2},{"damage":50,"enemies":"Slime Boss","floor":16,"turns":8}],"seed_played":"2119447258454025013","potions_obtained":[{"floor":3,"key":"FearPotion"},{"floor":13,"key":"FocusPotion"}],"is_trial":false,"path_per_floor":["M","?","M","M","?","R","?","$","T","E","R","$","E","M","R","B"],"character_chosen":"DEFECT","items_purchased":["Hyperbeam","Trip"],"campfire_rested":2,"item_purchase_floors":[8,12],"current_hp_per_floor":[66,66,62,52,52,52,52,52,52,18,38,38,18,18,38,0],"gold":118,"neow_bonus":"TRANSFORM_CARD","is_prod":false,"is_daily":false,"chose_seed":false,"campfire_upgraded":1,"win_rate":0,"timestamp":1549057088,"path_taken":["M","?","?","M","?","R","?","$","T","E","R","?","E","?","R","BOSS"],"build_version":"2019-01-23","purchased_purges":1,"victory":false,"max_hp_per_floor":[75,75,75,75,75,75,69,69,69,69,69,69,69,69,69,69],"card_choices":[{"not_picked":["Compile Driver","Go for the Eyes"],"picked":"Ball Lightning","floor":1},{"not_picked":["Beam Cell","Coolheaded"],"picked":"Auto Shields","floor":3},{"not_picked":["Glacier","Hologram"],"picked":"Cold Snap","floor":4},{"not_picked":["Recycle","Leap"],"picked":"Core Surge","floor":10},{"not_picked":["Turbo","Stack"],"picked":"Glacier","floor":13},{"not_picked":["Go for the Eyes","Hologram"],"picked":"Chill","floor":14}],"player_experience":546046,"relics_obtained":[{"floor":9,"key":"Blue Candle"},{"floor":10,"key":"Whetstone"},{"floor":13,"key":"Pen Nib"}],"event_choices":[{"cards_removed":["Strike_B"],"damage_healed":0,"gold_gain":0,"player_choice":"Offered Basic","damage_taken":0,"max_hp_gain":0,"max_hp_loss":0,"event_name":"Bonfire Elementals","floor":2,"gold_loss":0},{"damage_healed":0,"gold_gain":175,"player_choice":"AGREE","damage_taken":0,"max_hp_gain":0,"max_hp_loss":0,"event_name":"Liars Game","floor":5,"gold_loss":0,"cards_obtained":["Doubt"]},{"damage_healed":0,"gold_gain":0,"player_choice":"Lose Max HP","damage_taken":0,"relics_obtained":["Golden Idol"],"max_hp_gain":0,"max_hp_loss":6,"event_name":"Golden Idol","floor":7,"gold_loss":0}],"is_beta":true,"boss_relics":[],"items_purged_floors":[8],"is_endless":false,"potions_floor_spawned":[3,13],"killed_by":"Slime Boss","ascension_level":12}