{"gold_per_floor":[119,131,131,141,141,141,168,185,185,205,380,390,153,138],"floor_reached":14,"playtime":540,"items_purged":["Doubt"],"score":147,"play_id":"2f178ab3-dd66-4d18-999b-d062d8300d3a","local_time":"20190131055325","is_ascension_mode":true,"campfire_choices":[{"data":"Biased Cognition","floor":6,"key":"SMITH"}],"neow_cost":"TEN_PERCENT_HP_LOSS","seed_source_timestamp":1777282697036351,"circlet_count":0,"master_deck":["AscendersBane","Strike_B","Strike_B","Strike_B","Strike_B","Defend_B","Defend_B+1","Defend_B","Defend_B","Zap+1","Dualcast","Biased Cognition+1","Reinforced Body","Redo+1","Cold Snap","Lockon","Magnetism"],"relics":["Cracked Core","Dream Catcher","Lantern"],"potions_floor_usage":[7,8],"damage_taken":[{"damage":14,"enemies":"Small Slimes","floor":1,"turns":4},{"damage":2,"enemies":"Jaw Worm","floor":2,"turns":3},{"damage":0,"enemies":"Cultist","floor":4,"turns":3},{"damage":5,"enemies":"Lagavulin","floor":7,"turns":5},{"damage":14,"enemies":"Gremlin Gang","floor":8,"turns":4},{"damage":6,"enemies":"Blue Slaver","floor":10,"turns":2},{"damage":0,"enemies":"2 Fungi Beasts","floor":12,"turns":3},{"damage":16,"enemies":"Exordium Thugs","floor":14,"turns":1}],"seed_played":"5855319261917864871","potions_obtained":[{"floor":1,"key":"FocusPotion"},{"floor":4,"key":"Strength Potion"},{"floor":12,"key":"LiquidBronze"}],"is_trial":false,"path_per_floor":["M","M","?","M","?","R","E","M","T","M","?","M","$","M"],"character_chosen":"DEFECT","items_purchased":["Magnetism"],"campfire_rested":0,"item_purchase_floors":[13],"current_hp_per_floor":[54,52,38,38,38,38,33,19,19,13,13,13,13,0],"gold":138,"neow_bonus":"THREE_RARE_CARDS","is_prod":false,"is_daily":false,"chose_seed":false,"campfire_upgraded":1,"win_rate":0,"timestamp":1548914005,"path_taken":["M","M","?","M","?","R","E","M","T","M","?","?","$","M"],"build_version":"2019-01-23","purchased_purges":1,"victory":false,"max_hp_per_floor":[68,68,68,68,68,68,68,68,68,68,68,68,68,68],"card_choices":[{"not_picked":["Fission","Reboot"],"picked":"Biased Cognition","floor":0},{"not_picked":["Storm","Beam Cell"],"picked":"Reinforced Body","floor":1},{"not_picked":["Turbo","Conserve Battery"],"picked":"Redo","floor":2},{"not_picked":["Auto Shields","Stack"],"picked":"Cold Snap","floor":4},{"not_picked":["Tempest","Beam Cell"],"picked":"Lockon","floor":7},{"not_picked":["Beam Cell","Aggregate","Turbo"],"picked":"SKIP","floor":8},{"not_picked":["Compile Driver","Reinforced Body","Gash"],"picked":"SKIP","floor":10},{"not_picked":["Undo","Steam","Fission"],"picked":"SKIP","floor":12}],"player_experience":537217,"relics_obtained":[{"floor":7,"key":"Dream Catcher"},{"floor":9,"key":"Lantern"}],"event_choices":[{"damage_healed":0,"gold_gain":0,"player_choice":"Entered Light","damage_taken":14,"max_hp_gain":0,"max_hp_loss":0,"event_name":"Shining Light","floor":3,"gold_loss":0,"cards_upgraded":["Defend_B","Zap"]},{"damage_healed":0,"gold_gain":0,"player_choice":"Grow","damage_taken":0,"max_hp_gain":0,"max_hp_loss":0,"event_name":"Living Wall","floor":5,"gold_loss":0,"cards_upgraded":["Redo"]},{"damage_healed":0,"gold_gain":175,"player_choice":"AGREE","damage_taken":0,"max_hp_gain":0,"max_hp_loss":0,"event_name":"Liars Game","floor":11,"gold_loss":0,"cards_obtained":["Doubt"]}],"is_beta":true,"boss_relics":[],"items_purged_floors":[13],"is_endless":false,"potions_floor_spawned":[1,4,12],"killed_by":"Exordium Thugs","ascension_level":12}