{"gold_per_floor":[20,20,195,31,31,31,62,78,124,124],"floor_reached":10,"playtime":393,"items_purged":[],"score":86,"play_id":"64b526d3-3cc0-4eed-85a2-bef5854e13c1","local_time":"20190118224459","is_ascension_mode":true,"campfire_choices":[{"floor":6,"key":"DIG"}],"neow_cost":"NO_GOLD","seed_source_timestamp":714920105971634,"circlet_count":0,"master_deck":["Strike_R","Strike_R","Strike_R","Defend_R","Defend_R","Defend_R","Bash","Seeing Red","Feel No Pain","Doubt","Chrysalis","Reaper","Disarm"],"relics":["Burning Blood","Shovel","Du-Vu Doll","Question Card","Bag of Marbles"],"potions_floor_usage":[7],"damage_taken":[{"damage":1,"enemies":"2 Louse","floor":1,"turns":5},{"damage":38,"enemies":"Lagavulin","floor":7,"turns":8},{"damage":9,"enemies":"Jaw Worm","floor":8,"turns":6},{"damage":48,"enemies":"Gremlin Nob","floor":10,"turns":5}],"seed_played":"-3713737373472474881","potions_obtained":[{"floor":1,"key":"BloodPotion"}],"is_trial":false,"path_per_floor":["M","?","?","$","?","R","E","M","T","E"],"character_chosen":"IRONCLAD","items_purchased":["Chrysalis"],"campfire_rested":0,"item_purchase_floors":[4],"current_hp_per_floor":[77,70,70,70,52,52,28,27,27,0],"gold":124,"neow_bonus":"TRANSFORM_TWO_CARDS","is_prod":false,"is_daily":false,"chose_seed":false,"campfire_upgraded":0,"win_rate":0,"timestamp":1547851499,"path_taken":["M","?","?","$","?","R","E","?","T","E"],"build_version":"2019-01-17","purchased_purges":0,"victory":false,"max_hp_per_floor":[80,80,80,80,80,80,80,80,80,80],"card_choices":[{"not_picked":["Bloodletting","Whirlwind","Inflame"],"picked":"SKIP","floor":1},{"not_picked":["Bloodletting","Warcry"],"picked":"Reaper","floor":7},{"not_picked":["Clothesline","Flame Barrier","Wild Strike"],"picked":"Disarm","floor":8}],"player_experience":434473,"relics_obtained":[{"floor":6,"key":"Du-Vu Doll"},{"floor":7,"key":"Question Card"},{"floor":9,"key":"Bag of Marbles"}],"event_choices":[{"cards_removed":["Strike_R"],"damage_healed":0,"gold_gain":0,"player_choice":"Card Removal","damage_taken":7,"max_hp_gain":0,"max_hp_loss":0,"event_name":"Golden Wing","floor":2,"gold_loss":0},{"damage_healed":0,"gold_gain":175,"player_choice":"AGREE","damage_taken":0,"max_hp_gain":0,"max_hp_loss":0,"event_name":"Liars Game","floor":3,"gold_loss":0,"cards_obtained":["Doubt"]},{"damage_healed":0,"gold_gain":0,"player_choice":"Success","damage_taken":18,"relics_obtained":["Shovel"],"max_hp_gain":0,"max_hp_loss":0,"event_name":"Scrap Ooze","floor":5,"gold_loss":0}],"is_beta":true,"boss_relics":[],"items_purged_floors":[],"is_endless":false,"potions_floor_spawned":[1],"killed_by":"Gremlin Nob","ascension_level":7}