{"gold_per_floor":[119,119,119,131,36,36,36,36,36,51,64,91,91,14,14,116,116,134,49,49,49,66,66,66,66,148,148,165,165,199,211,211,211],"floor_reached":33,"playtime":1006,"items_purged":[],"score":313,"play_id":"924c8832-df03-4f14-8aa7-10e00b0a65fd","local_time":"20190207193425","is_ascension_mode":true,"campfire_choices":[{"data":"Neutralize","floor":6,"key":"SMITH"},{"data":"Flying Knee","floor":8,"key":"SMITH"},{"data":"Sucker Punch","floor":13,"key":"SMITH"},{"data":"Noxious Fumes","floor":15,"key":"SMITH"},{"data":"Venomology","floor":23,"key":"SMITH"},{"data":"Neutralize","floor":25,"key":"SMITH"},{"data":"Distraction","floor":27,"key":"SMITH"},{"floor":32,"key":"REST"}],"neow_cost":"NONE","seed_source_timestamp":14784537680923,"circlet_count":0,"master_deck":["Defend_G","Defend_G","Defend_G","Defend_G","Defend_G","Strike_G","Strike_G","Strike_G","Survivor","Neutralize+1","Flying Knee+1","Flying Knee","Accuracy","Slice","Sucker Punch+1","PiercingWail","Noxious Fumes+1","Venomology+1","Backstab+1","Neutralize+1","Distraction+1","Deflect+1","Terror+1","Infinite Blades+1"],"relics":["Ring of the Snake","NeowsBlessing","StoneCalendar","Art of War","Cursed Key","Omamori","Toxic Egg 2","Orichalcum"],"potions_floor_usage":[12,18,22,28,28,28,28,30,33,33,33,33],"damage_taken":[{"damage":0,"enemies":"Jaw Worm","floor":1,"turns":1},{"damage":0,"enemies":"2 Louse","floor":4,"turns":1},{"damage":0,"enemies":"Cultist","floor":10,"turns":1},{"damage":4,"enemies":"3 Louse","floor":11,"turns":4},{"damage":12,"enemies":"Lagavulin","floor":12,"turns":7},{"damage":29,"enemies":"Hexaghost","floor":16,"turns":9},{"damage":14,"enemies":"2 Thieves","floor":18,"turns":3},{"damage":7,"enemies":"Shell Parasite","floor":22,"turns":7},{"damage":13,"enemies":"Cultist and Chosen","floor":28,"turns":7},{"damage":38,"enemies":"Book of Stabbing","floor":30,"turns":7},{"damage":8,"enemies":"Snake Plant","floor":31,"turns":5},{"damage":56,"enemies":"Collector","floor":33,"turns":6}],"seed_played":"8922989369025475709","potions_obtained":[{"floor":10,"key":"PowerPotion"},{"floor":11,"key":"SpeedPotion"},{"floor":16,"key":"SkillPotion"},{"floor":30,"key":"Strength Potion"}],"is_trial":false,"path_per_floor":["M","?","?","M","$","R","?","R","T","M","M","E","R","$","R","B",null,"M","?","?","$","M","R","$","R","T","R","M","?","E","M","R","B"],"character_chosen":"THE_SILENT","items_purchased":["Accuracy","Slice","Noxious Fumes"],"campfire_rested":1,"item_purchase_floors":[5,5,14],"current_hp_per_floor":[70,67,67,67,67,67,67,67,67,67,63,51,51,51,51,22,70,56,56,56,56,49,49,49,49,49,49,36,59,21,13,34,0],"gold":211,"neow_bonus":"THREE_ENEMY_KILL","is_prod":false,"is_daily":false,"chose_seed":false,"campfire_upgraded":7,"win_rate":0,"timestamp":1549564465,"path_taken":["M","?","?","?","$","R","?","R","T","?","?","E","R","$","R","BOSS","M","?","?","$","?","R","$","R","T","R","M","?","E","M","R","BOSS"],"build_version":"2019-01-23","purchased_purges":0,"victory":false,"max_hp_per_floor":[70,70,70,70,70,70,70,70,70,70,70,70,70,70,70,70,70,70,70,70,70,70,70,70,70,70,70,70,70,70,70,70,70],"card_choices":[{"not_picked":["Backflip","Dagger Spray"],"picked":"Flying Knee","floor":1},{"not_picked":["Dagger Throw","Bane"],"picked":"Flying Knee","floor":4},{"not_picked":["Dagger Throw","Deflect"],"picked":"Sucker Punch","floor":10},{"not_picked":["Deflect","Cloak And Dagger"],"picked":"PiercingWail","floor":11},{"not_picked":["Slice","Storm of Steel","Poisoned Stab"],"picked":"SKIP","floor":12},{"not_picked":["Wraith Form v2","A Thousand Cuts"],"picked":"Venomology","floor":16},{"not_picked":["All Out Attack","Backflip+1"],"picked":"Backstab+1","floor":18},{"not_picked":["PiercingWail","Poisoned Stab"],"picked":"Distraction","floor":22},{"not_picked":["Masterful Stab","Underhanded Strike"],"picked":"Deflect+1","floor":28},{"not_picked":["Bane","Bullet Time+1"],"picked":"Terror+1","floor":30},{"not_picked":["Masterful Stab","Eviscerate"],"picked":"Infinite Blades+1","floor":31}],"player_experience":233018,"relics_obtained":[{"floor":12,"key":"Art of War"},{"floor":26,"key":"Toxic Egg 2"},{"floor":30,"key":"Orichalcum"}],"event_choices":[{"damage_healed":0,"gold_gain":0,"player_choice":"Success","damage_taken":3,"relics_obtained":["StoneCalendar"],"max_hp_gain":0,"max_hp_loss":0,"event_name":"Scrap Ooze","floor":2,"gold_loss":0},{"cards_removed":["Strike_G"],"damage_healed":0,"gold_gain":0,"player_choice":"Card Removal","damage_taken":0,"max_hp_gain":0,"max_hp_loss":0,"event_name":"Wheel of Change","floor":3,"gold_loss":0},{"cards_removed":["Strike_G"],"damage_healed":0,"gold_gain":0,"player_choice":"Purged","damage_taken":0,"max_hp_gain":0,"max_hp_loss":0,"event_name":"Purifier","floor":7,"gold_loss":0},{"damage_healed":0,"gold_gain":0,"player_choice":"Obtained Relic","damage_taken":0,"relics_obtained":["Omamori"],"max_hp_gain":0,"max_hp_loss":0,"event_name":"Addict","floor":19,"gold_loss":85},{"damage_healed":0,"gold_gain":0,"player_choice":"1 cards matched","damage_taken":0,"max_hp_gain":0,"max_hp_loss":0,"event_name":"Match and Keep!","floor":20,"gold_loss":0,"cards_obtained":["Neutralize"]},{"damage_healed":23,"gold_gain":0,"player_choice":"Heal","damage_taken":0,"max_hp_gain":0,"max_hp_loss":0,"event_name":"The Library","floor":29,"gold_loss":0}],"is_beta":false,"boss_relics":[{"not_picked":["Snecko Eye","Empty Cage"],"picked":"Cursed Key"}],"items_purged_floors":[],"is_endless":false,"potions_floor_spawned":[10,11,16,30],"killed_by":"Collector","ascension_level":4}