{"gold_per_floor":[113,113,125,142,159,159,179,179,179,32,32,64,74,102,102,197,197,217,172,272,262,262],"floor_reached":22,"playtime":956,"items_purged":[],"score":235,"play_id":"a33b4af9-4c12-4ec7-9aad-41285500be9e","local_time":"20190206180706","is_ascension_mode":true,"campfire_choices":[{"data":"Armaments","floor":6,"key":"SMITH"},{"data":"Rampage","floor":8,"key":"SMITH"},{"data":"Shrug It Off","floor":11,"key":"SMITH"},{"floor":15,"key":"REST"}],"neow_cost":"PERCENT_DAMAGE","seed_source_timestamp":15314477331790,"circlet_count":0,"master_deck":["Strike_R","Strike_R","Defend_R","Defend_R","Defend_R","Defend_R","Bash","Rampage+1","Seeing Red","Armaments+1","Flex","Sentinel","Shrug It Off+1","Metallicize","Headbutt","Demon Form","Heavy Blade","Shrug It Off","Shrug It Off"],"relics":["Burning Blood","Anchor","Art of War","Lantern","Kunai","Black Star"],"potions_floor_usage":[14,16,21],"damage_taken":[{"damage":9,"enemies":"Jaw Worm","floor":1,"turns":4},{"damage":0,"enemies":"2 Louse","floor":3,"turns":3},{"damage":0,"enemies":"Cultist","floor":4,"turns":3},{"damage":0,"enemies":"Blue Slaver","floor":5,"turns":5},{"damage":7,"enemies":"Looter","floor":7,"turns":4},{"damage":17,"enemies":"3 Sentries","floor":12,"turns":13},{"damage":2,"enemies":"2 Fungi Beasts","floor":13,"turns":6},{"damage":9,"enemies":"Gremlin Nob","floor":14,"turns":4},{"damage":64,"enemies":"Hexaghost","floor":16,"turns":12},{"damage":26,"enemies":"Spheric Guardian","floor":18,"turns":5},{"damage":17,"enemies":"2 Thieves","floor":21,"turns":4},{"damage":50,"enemies":"Snake Plant","floor":22,"turns":6}],"seed_played":"-3523796244368485089","potions_obtained":[{"floor":3,"key":"GamblersBrew"},{"floor":7,"key":"GamblersBrew"},{"floor":14,"key":"Explosive Potion"},{"floor":16,"key":"SteroidPotion"},{"floor":18,"key":"Block Potion"}],"is_trial":false,"path_per_floor":["M","?","M","M","M","R","M","R","T","$","R","E","M","E","R","B",null,"M","$","?","M","M"],"character_chosen":"IRONCLAD","items_purchased":["Art of War","Shrug It Off"],"campfire_rested":1,"item_purchase_floors":[10,19],"current_hp_per_floor":[53,46,52,58,64,64,63,63,63,63,63,52,56,53,77,19,80,60,60,60,49,0],"gold":262,"neow_bonus":"TRANSFORM_TWO_CARDS","is_prod":false,"is_daily":false,"chose_seed":false,"campfire_upgraded":3,"win_rate":0,"timestamp":1549472826,"path_taken":["M","?","M","M","M","R","M","R","T","$","R","E","M","E","R","BOSS","M","$","?","M","M"],"build_version":"2019-01-23","purchased_purges":0,"victory":false,"max_hp_per_floor":[80,80,80,80,80,80,80,80,80,80,80,80,80,80,80,80,80,80,80,80,80,80],"card_choices":[{"not_picked":["Heavy Blade","Cleave"],"picked":"Armaments","floor":1},{"not_picked":["Headbutt","Iron Wave"],"picked":"Flex","floor":3},{"not_picked":["Twin Strike","Pummel","Entrench"],"picked":"SKIP","floor":4},{"not_picked":["Thunderclap","Hemokinesis"],"picked":"Sentinel","floor":5},{"not_picked":["Perfected Strike","Feel No Pain"],"picked":"Shrug It Off","floor":7},{"not_picked":["Corruption","Feel No Pain"],"picked":"Metallicize","floor":12},{"not_picked":["Sentinel","Anger","Armaments"],"picked":"SKIP","floor":13},{"not_picked":["Burning Pact","Whirlwind"],"picked":"Headbutt","floor":14},{"not_picked":["Offering","Bludgeon"],"picked":"Demon Form","floor":16},{"not_picked":["Body Slam","Sword Boomerang"],"picked":"Heavy Blade","floor":18},{"not_picked":["Power Through+1","Heavy Blade"],"picked":"Shrug It Off","floor":21}],"player_experience":222832,"relics_obtained":[{"floor":9,"key":"Anchor"},{"floor":12,"key":"Lantern"},{"floor":14,"key":"Kunai"}],"event_choices":[{"cards_removed":["Strike_R"],"damage_healed":0,"gold_gain":0,"player_choice":"Card Removal","damage_taken":7,"max_hp_gain":0,"max_hp_loss":0,"event_name":"Golden Wing","floor":2,"gold_loss":0},{"damage_healed":0,"gold_gain":100,"player_choice":"Pray","damage_taken":0,"max_hp_gain":0,"max_hp_loss":0,"event_name":"Golden Shrine","floor":20,"gold_loss":0}],"is_beta":false,"boss_relics":[{"not_picked":["Fusion Hammer","Astrolabe"],"picked":"Black Star"}],"items_purged_floors":[],"is_endless":false,"potions_floor_spawned":[3,7,14,16,18],"killed_by":"Snake Plant","ascension_level":4}