{"path_per_floor":["M","$","?","?","?","E","$","M","T","T","E","M","R","M","R","B",null,"M","M","$","?","?"],"character_chosen":"DEFECT","items_purchased":["Steam","Purity","Apotheosis","Go for the Eyes","Purity","Glacier"],"gold_per_floor":[115,3,3,253,253,280,53,70,70,70,97,114,114,125,125,226,226,237,251,20,20,20,20],"floor_reached":23,"campfire_rested":1,"playtime":873,"item_purchase_floors":[2,2,7,7,20,20],"current_hp_per_floor":[75,75,60,60,60,34,34,34,34,34,22,20,20,18,40,14,75,67,21,21,21,28,0],"items_purged":["Strike_B"],"gold":20,"score":227,"play_id":"5e180be2-eb4c-4e1d-aa62-d3830ac991fc","local_time":"20180528223205","is_prod":false,"is_daily":false,"chose_seed":false,"is_ascension_mode":true,"campfire_upgraded":1,"win_rate":0,"timestamp":1527543125,"campfire_choices":[{"data":"Apotheosis","floor":13,"key":"SMITH"},{"floor":15,"key":"REST"}],"path_taken":["M","$","?","?","?","E","$","M","T","?","E","?","R","M","R","BOSS","M","M","$","?","?","E"],"build_version":"2018-05-27","seed_source_timestamp":1338717720534250,"purchased_purges":1,"victory":false,"master_deck":["Strike_B","Strike_B","Strike_B","Defend_B","Defend_B","Defend_B","Defend_B","Zap+1","Dualcast+1","Gash","Steam+1","Purity","Recycle","Apotheosis+1","Go for the Eyes","Chill","Gash","Turbo","Rebound","Meteor Strike","Rebound+1","Streamline","Purity","Glacier","Writhe"],"max_hp_per_floor":[75,75,75,75,75,75,75,75,75,75,75,75,75,75,75,75,75,75,75,75,75,82,87],"relics":["Cracked Core","Ornamental Fan","Art of War","Blue Candle","Ancient Tea Set","Philosopher\u0027s Stone","Strawberry"],"card_choices":[{"not_picked":["Streamline","Hologram"],"picked":"Gash","floor":1},{"not_picked":["Go for the Eyes","Sweeping Beam"],"picked":"Recycle","floor":6},{"not_picked":["Beam Cell","Rebound"],"picked":"Chill","floor":8},{"not_picked":["Reboot","Go for the Eyes"],"picked":"Gash","floor":11},{"not_picked":["Fusion","Coolheaded"],"picked":"Turbo","floor":12},{"not_picked":["Sunder","Consume"],"picked":"Rebound","floor":14},{"not_picked":["Thunder Strike","Buffer"],"picked":"Meteor Strike","floor":16},{"not_picked":["Barrage","Undo"],"picked":"Rebound+1","floor":18},{"not_picked":["Defragment","Recycle"],"picked":"Streamline","floor":19}],"player_experience":209928,"potions_floor_usage":[11,18,23,23],"damage_taken":[{"damage":0,"enemies":"2 Louse","floor":1,"turns":1},{"damage":26,"enemies":"Lagavulin","floor":6,"turns":7},{"damage":0,"enemies":"Small Slimes","floor":8,"turns":3},{"damage":12,"enemies":"Gremlin Nob","floor":11,"turns":5},{"damage":2,"enemies":"Cultist","floor":12,"turns":4},{"damage":2,"enemies":"Blue Slaver","floor":14,"turns":3},{"damage":26,"enemies":"The Guardian","floor":16,"turns":14},{"damage":8,"enemies":"Spheric Guardian","floor":18,"turns":4},{"damage":46,"enemies":"Chosen","floor":19,"turns":6},{"damage":43,"enemies":"Gremlin Leader","floor":23,"turns":4}],"relics_obtained":[{"floor":6,"key":"Ornamental Fan"},{"floor":9,"key":"Art of War"},{"floor":10,"key":"Blue Candle"},{"floor":11,"key":"Ancient Tea Set"}],"event_choices":[{"event_name":"Shining Light","player_choice":"Entered Light","floor":3,"damage_taken":0},{"event_name":"Golden Shrine","player_choice":"Desecrate","floor":4,"damage_taken":0},{"event_name":"Living Wall","player_choice":"Forget","floor":5,"damage_taken":0},{"event_name":"Drug Dealer","player_choice":"Ignored","floor":21,"damage_taken":0},{"event_name":"The Mausoleum","player_choice":"Yes","floor":22,"damage_taken":0}],"boss_relics":[{"not_picked":["Astrolabe","Lizard Tail"],"picked":"Philosopher\u0027s Stone"}],"items_purged_floors":[20],"potions_floor_spawned":[8,14,16,19],"seed_played":"-7850921865353224406","killed_by":"Gremlin Leader","ascension_level":3,"potions_obtained":[{"floor":8,"key":"SkillPotion"},{"floor":14,"key":"Block Potion"},{"floor":16,"key":"LiquidBronze"},{"floor":19,"key":"Fruit Juice"}],"is_trial":false}