{"path_per_floor":["M","?","$","M","M","R","E","?","T","M","M","?","M","E","R","B",null,"M","?","$","?","$","R","M","T","T","R"],"character_chosen":"DEFECT","items_purchased":["Barrage","White Noise"],"gold_per_floor":[111,286,211,221,240,240,297,372,397,413,423,423,437,463,463,561,561,571,486,361,361,196,196,176,203,203,203,203],"floor_reached":28,"campfire_rested":1,"playtime":1228,"current_hp_per_floor":[74,74,74,62,61,61,40,29,29,29,12,37,23,11,33,5,75,65,65,65,65,65,65,48,48,48,48,0],"items_purged":["Doubt","Strike_B","Decay"],"gold":203,"score":237,"play_id":"7a48b59a-7b08-4b45-bce0-41fbba4725a1","local_time":"20180501214629","is_prod":false,"is_daily":false,"chose_seed":false,"is_ascension_mode":true,"campfire_upgraded":3,"timestamp":1525207589,"path_taken":["M","?","$","?","M","R","E","?","T","M","M","?","M","E","R","BOSS","M","?","$","?","?","R","M","?","T","R","E"],"build_version":"2018-04-30","seed_source_timestamp":261864419748464,"purchased_purges":4,"victory":false,"master_deck":["Strike_B","Strike_B","Strike_B","Defend_B","Defend_B","Defend_B","Defend_B","Zap+1","Dualcast","Tempest+1","White Noise","Auto Shields","Streamline","Ball Lightning","Reprieve","Reinforced Body","Multi-Cast+1","Go for the Eyes+1","Barrage","White Noise","Storm+1","Self Repair"],"max_hp_per_floor":[75,75,75,75,75,75,75,75,75,75,75,75,75,75,75,75,75,75,75,75,75,75,75,75,75,75,75,75],"relics":["Inserter","Tiny Chest","Anchor","Girya","Black Star","Dream Catcher","Prayer Wheel","Toolbox"],"card_choices":[{"not_picked":["Beam Cell","Turbo"],"picked":"Tempest","floor":1},{"not_picked":["Stack","Axe Kick"],"picked":"White Noise","floor":4},{"not_picked":["Skim","Blizzard"],"picked":"Auto Shields","floor":7},{"not_picked":["Leap","Cold Snap"],"picked":"Streamline","floor":10},{"not_picked":["Rebound","Capacitor"],"picked":"Ball Lightning","floor":11},{"not_picked":["Cold Snap","Undo"],"picked":"Reprieve","floor":13},{"not_picked":["Ball Lightning","Leap"],"picked":"Reinforced Body","floor":14},{"not_picked":["Rainbow","Seek"],"picked":"Multi-Cast","floor":16},{"not_picked":["Turbo","Capacitor"],"picked":"Go for the Eyes","floor":18},{"not_picked":["Aggregate","Impulse"],"picked":"Storm","floor":24},{"not_picked":["Rebound","Heatsinks"],"picked":"Self Repair","floor":26}],"player_experience":107774,"potions_floor_usage":[14,28],"damage_taken":[{"damage":1,"enemies":"2 Louse","floor":1,"turns":3},{"damage":12,"enemies":"Small Slimes","floor":4,"turns":4},{"damage":1,"enemies":"Cultist","floor":5,"turns":4},{"damage":21,"enemies":"Lagavulin","floor":7,"turns":6},{"damage":0,"enemies":"3 Louse","floor":10,"turns":2},{"damage":17,"enemies":"Exordium Wildlife","floor":11,"turns":5},{"damage":14,"enemies":"Blue Slaver","floor":13,"turns":3},{"damage":19,"enemies":"3 Sentries","floor":14,"turns":8},{"damage":28,"enemies":"Slime Boss","floor":16,"turns":9},{"damage":17,"enemies":"Spheric Guardian","floor":18,"turns":5},{"damage":17,"enemies":"2 Thieves","floor":24,"turns":4},{"damage":51,"enemies":"Slavers","floor":28,"turns":4}],"event_choices":[{"event_name":"Liars Game","player_choice":"agreed","floor":2,"damage_taken":0},{"event_name":"World of Goop","player_choice":"Gather Gold","floor":8,"damage_taken":0},{"event_name":"Big Fish","player_choice":"Banana","floor":12,"damage_taken":0},{"event_name":"Addict","player_choice":"Obtained Relic","floor":19,"damage_taken":0},{"event_name":"Wheel of Change","player_choice":"Curse","floor":21,"damage_taken":0}],"boss_relics":[{"not_picked":["Runic Pyramid","Orrery"],"picked":"Black Star"}],"potions_floor_spawned":[4,7,10,11,24],"seed_played":"-7965388477689499681","killed_by":"Slavers","ascension_level":1,"is_trial":false}