{"gold_per_floor":[112,112,128,147,147,147,175,188,188,198,198,229,229,229,229,229],"floor_reached":16,"playtime":458,"items_purged":[],"score":132,"play_id":"1085d800-5eb8-4d46-a480-e1a696616c35","local_time":"20190208174146","is_ascension_mode":true,"campfire_choices":[{"data":"Cleave","floor":6,"key":"SMITH"},{"floor":11,"key":"REST"},{"floor":15,"key":"REST"}],"neow_cost":"TEN_PERCENT_HP_LOSS","seed_source_timestamp":94973833689710,"circlet_count":0,"master_deck":["Strike_R","Strike_R","Strike_R","Defend_R","Defend_R","Defend_R","Defend_R","Bash","Cleave+1","Body Slam","Corruption","Sentinel","Disarm"],"relics":["Burning Blood","NlothsMask","Regal Pillow","Molten Egg 2","Matryoshka"],"potions_floor_usage":[7,12,16],"damage_taken":[{"damage":0,"enemies":"2 Louse","floor":1,"turns":3},{"damage":1,"enemies":"Cultist","floor":3,"turns":3},{"damage":0,"enemies":"Small Slimes","floor":4,"turns":4},{"damage":62,"enemies":"Lagavulin","floor":7,"turns":7},{"damage":8,"enemies":"3 Louse","floor":8,"turns":3},{"damage":4,"enemies":"Exordium Wildlife","floor":10,"turns":6},{"damage":20,"enemies":"Gremlin Nob","floor":12,"turns":4},{"damage":73,"enemies":"Hexaghost","floor":16,"turns":10}],"seed_played":"1415829364712653845","potions_obtained":[{"floor":4,"key":"GamblersBrew"},{"floor":8,"key":"Fire Potion"},{"floor":12,"key":"Energy Potion"}],"is_trial":false,"path_per_floor":["M","$","M","M","?","R","E","M","T","M","R","E","$","T","R","B"],"character_chosen":"IRONCLAD","items_purchased":[],"campfire_rested":2,"item_purchase_floors":[],"current_hp_per_floor":[72,72,72,72,72,72,16,14,14,16,52,38,38,38,72,0],"gold":229,"neow_bonus":"REMOVE_TWO","is_prod":false,"is_daily":false,"chose_seed":false,"campfire_upgraded":1,"win_rate":0,"timestamp":1549644106,"path_taken":["M","$","M","M","?","R","E","?","T","M","R","E","$","?","R","BOSS"],"build_version":"2019-01-23","purchased_purges":0,"victory":false,"max_hp_per_floor":[72,72,72,72,72,72,72,72,72,72,72,72,72,72,72,72],"card_choices":[{"not_picked":["Clash","Sentinel"],"picked":"Cleave","floor":1},{"not_picked":["Shockwave","Pommel Strike"],"picked":"Body Slam","floor":3},{"not_picked":["Sever Soul","Thunderclap","Anger"],"picked":"SKIP","floor":4},{"not_picked":["Evolve","Perfected Strike"],"picked":"Corruption","floor":7},{"not_picked":["Warcry","Sword Boomerang"],"picked":"Sentinel","floor":8},{"not_picked":["Thunderclap","Headbutt","Body Slam"],"picked":"SKIP","floor":10},{"not_picked":["Armaments","Clash"],"picked":"Disarm","floor":12}],"player_experience":252626,"relics_obtained":[{"floor":7,"key":"Regal Pillow"},{"floor":12,"key":"Molten Egg 2"},{"floor":14,"key":"Matryoshka"}],"event_choices":[{"damage_healed":0,"gold_gain":0,"player_choice":"Trade","damage_taken":0,"relics_obtained":["NlothsMask"],"max_hp_gain":0,"max_hp_loss":0,"event_name":"FaceTrader","floor":5,"gold_loss":0}],"is_beta":false,"boss_relics":[],"items_purged_floors":[],"is_endless":false,"potions_floor_spawned":[4,8,12],"killed_by":"Hexaghost","ascension_level":4}