{"path_per_floor":["M","?","M","$","M","R","M","?","T","E","?","M","R","E","R","B",null,"M","?","$","?","?"],"character_chosen":"DEFECT","items_purchased":["Self Repair","Mummified Hand","Capacitor+1"],"gold_per_floor":[109,109,134,61,85,85,98,98,98,129,129,143,143,181,181,305,305,329,329,4,4,4,4],"floor_reached":23,"campfire_rested":0,"playtime":1093,"item_purchase_floors":[4,20,20],"current_hp_per_floor":[75,57,48,48,54,54,60,60,60,59,52,59,59,61,61,40,75,69,69,69,69,55,0],"items_purged":[],"gold":4,"score":197,"play_id":"350db370-26f6-4f85-a8d1-8212d25cd9a6","local_time":"20180614211234","is_prod":false,"is_daily":false,"chose_seed":false,"is_ascension_mode":false,"campfire_upgraded":3,"win_rate":0,"timestamp":1529007154,"campfire_choices":[{"data":"Chaos","floor":6,"key":"SMITH"},{"data":"Zap","floor":13,"key":"SMITH"},{"data":"Multi-Cast","floor":15,"key":"SMITH"}],"path_taken":["M","?","?","$","M","R","M","?","T","E","?","M","R","E","R","BOSS","M","?","?","?","?","E"],"build_version":"2018-06-13v3","seed_source_timestamp":114999297735592,"purchased_purges":0,"victory":false,"master_deck":["Strike_B","Strike_B","Strike_B","Defend_B","Defend_B","Defend_B","Zap+1","Dualcast","Chaos+1","Barrage","Self Repair","BootSequence","Glacier","Normality","BootSequence","Multi-Cast+1","Electrodynamics+1","Barrage+1","Fission","Capacitor+1"],"max_hp_per_floor":[75,75,75,75,75,75,75,75,75,75,75,75,75,75,75,75,75,75,75,75,75,80,80],"relics":["Cracked Core","Golden Idol","Thread and Needle","Ornamental Fan","Juzu Bracelet","Frozen Egg 2","Lantern","Empty Cage","Mummified Hand"],"card_choices":[{"not_picked":["Beam Cell","Ball Lightning"],"picked":"Chaos","floor":0},{"not_picked":["Streamline","Undo"],"picked":"Barrage","floor":1},{"not_picked":["Hello World","Undo","Stack"],"picked":"SKIP","floor":3},{"not_picked":["Leap","Tempest"],"picked":"BootSequence","floor":5},{"not_picked":["Compile Driver","Leap"],"picked":"Glacier","floor":7},{"not_picked":["Steam Power","Ball Lightning","Steam"],"picked":"SKIP","floor":10},{"not_picked":["Ball Lightning","Scrape"],"picked":"BootSequence","floor":12},{"not_picked":["Leap","Turbo"],"picked":"Multi-Cast","floor":14},{"not_picked":["Buffer+1","Echo Form+1"],"picked":"Electrodynamics+1","floor":16},{"not_picked":["Cold Snap","Redo"],"picked":"Barrage+1","floor":18}],"player_experience":258830,"potions_floor_usage":[23],"damage_taken":[{"damage":0,"enemies":"Cultist","floor":1,"turns":4},{"damage":9,"enemies":"Jaw Worm","floor":3,"turns":2},{"damage":1,"enemies":"2 Louse","floor":5,"turns":3},{"damage":1,"enemies":"Red Slaver","floor":7,"turns":2},{"damage":8,"enemies":"Lagavulin","floor":10,"turns":10},{"damage":0,"enemies":"Blue Slaver","floor":12,"turns":4},{"damage":5,"enemies":"Gremlin Nob","floor":14,"turns":4},{"damage":28,"enemies":"Slime Boss","floor":16,"turns":15},{"damage":13,"enemies":"Spheric Guardian","floor":18,"turns":6},{"damage":63,"enemies":"Gremlin Leader","floor":23,"turns":8}],"relics_obtained":[{"floor":9,"key":"Ornamental Fan"},{"floor":10,"key":"Juzu Bracelet"},{"floor":14,"key":"Lantern"}],"event_choices":[{"event_name":"Golden Idol","player_choice":"Take Damage","floor":2,"damage_taken":0},{"event_name":"Accursed Blacksmith","player_choice":"Rummage","floor":8,"damage_taken":0},{"event_name":"Scrap Ooze","player_choice":"success","floor":11,"damage_taken":7},{"event_name":"The Library","player_choice":"Read","floor":19,"damage_taken":0},{"event_name":"Ghosts","player_choice":"Ignored","floor":21,"damage_taken":0},{"event_name":"Forgotten Altar","player_choice":"Shed Blood","floor":22,"damage_taken":0}],"boss_relics":[{"not_picked":["Snecko Eye","Fusion Hammer"],"picked":"Empty Cage"}],"items_purged_floors":[],"potions_floor_spawned":[3,7,16],"seed_played":"-3846414843923785594","killed_by":"Gremlin Leader","ascension_level":0,"potions_obtained":[{"floor":3,"key":"Explosive Potion"},{"floor":7,"key":"Swift Potion"},{"floor":16,"key":"PowerPotion"}],"is_trial":false}