{"gold_per_floor":[116,116,116,41,59,59,121,121,148,11,26,53,203,222,222,222],"floor_reached":16,"playtime":302,"items_purged":[],"score":266,"play_id":"1fed6a2a-b9d0-4aec-9106-32547030f9b7","local_time":"20190202121033","is_ascension_mode":true,"campfire_choices":[{"data":"Streamline","floor":6,"key":"SMITH"},{"data":"Defragment","floor":15,"key":"SMITH"}],"neow_cost":"NONE","seed_source_timestamp":34922848662423,"circlet_count":0,"master_deck":["AscendersBane","Strike_B","Strike_B","Strike_B","Defend_B","Defend_B","Defend_B","Defend_B","Zap","Dualcast","Defragment+1","Streamline+1","Meteor Strike","Parasite","Aggregate","Rebound","Redo","Stack","Doubt","Glacier"],"relics":["Cracked Core","NeowsBlessing","Darkstone Periapt","Tiny Chest","Bag of Marbles","Art of War"],"potions_floor_usage":[12,16],"damage_taken":[{"damage":0,"enemies":"Small Slimes","floor":1,"turns":1},{"damage":0,"enemies":"2 Louse","floor":5,"turns":1},{"damage":0,"enemies":"Lagavulin","floor":7,"turns":1},{"damage":2,"enemies":"Jaw Worm","floor":11,"turns":2},{"damage":70,"enemies":"3 Sentries","floor":12,"turns":13},{"damage":6,"enemies":"Exordium Wildlife","floor":14,"turns":4},{"damage":0,"enemies":"Hexaghost","floor":16,"turns":6}],"seed_played":"-1436642241347949967","potions_obtained":[{"floor":1,"key":"SpeedPotion"},{"floor":7,"key":"FocusPotion"},{"floor":12,"key":"Energy Potion"}],"is_trial":false,"path_per_floor":["M","?","?","?","M","R","E","?","T","$","M","E","?","M","R","B"],"character_chosen":"DEFECT","items_purchased":["Aggregate","Rebound"],"campfire_rested":0,"item_purchase_floors":[10,10],"current_hp_per_floor":[64,69,51,51,51,51,51,76,76,76,74,4,10,4,4,4],"gold":222,"neow_bonus":"THREE_ENEMY_KILL","is_prod":false,"is_daily":false,"chose_seed":false,"campfire_upgraded":2,"win_rate":0,"timestamp":1549138233,"path_taken":["M","?","?","?","?","R","E","?","T","$","M","E","?","M","R","BOSS"],"build_version":"2019-01-23","purchased_purges":0,"victory":false,"max_hp_per_floor":[71,76,76,76,76,76,76,82,82,82,82,82,88,88,88,88],"card_choices":[{"not_picked":["Steam Power","Conserve Battery"],"picked":"Defragment","floor":1},{"not_picked":["Gash","Rebound"],"picked":"Streamline","floor":5},{"not_picked":["Turbo","Sunder"],"picked":"Meteor Strike","floor":7},{"not_picked":["Steam","Coolheaded"],"picked":"Redo","floor":11},{"not_picked":["Compile Driver","Skim"],"picked":"Stack","floor":12},{"not_picked":["Steam Power","Hologram"],"picked":"Glacier","floor":14}],"player_experience":1097317,"relics_obtained":[{"floor":7,"key":"Tiny Chest"},{"floor":9,"key":"Bag of Marbles"},{"floor":12,"key":"Art of War"}],"event_choices":[{"damage_healed":0,"gold_gain":0,"player_choice":"Donut","damage_taken":0,"max_hp_gain":5,"max_hp_loss":0,"event_name":"Big Fish","floor":2,"gold_loss":0},{"damage_healed":0,"gold_gain":0,"player_choice":"Success","damage_taken":18,"relics_obtained":["Darkstone Periapt"],"max_hp_gain":0,"max_hp_loss":0,"event_name":"Scrap Ooze","floor":3,"gold_loss":0},{"cards_removed":["Strike_B"],"damage_healed":0,"gold_gain":0,"player_choice":"Card Removal","damage_taken":0,"max_hp_gain":0,"max_hp_loss":0,"event_name":"The Cleric","floor":4,"gold_loss":75},{"damage_healed":19,"gold_gain":0,"player_choice":"Healed and dodged fight","damage_taken":0,"max_hp_gain":0,"max_hp_loss":0,"event_name":"Mushrooms","floor":8,"gold_loss":0,"cards_obtained":["Parasite"]},{"damage_healed":0,"gold_gain":150,"player_choice":"AGREE","damage_taken":0,"max_hp_gain":0,"max_hp_loss":0,"event_name":"Liars Game","floor":13,"gold_loss":0,"cards_obtained":["Doubt"]}],"is_beta":true,"boss_relics":[],"items_purged_floors":[],"is_endless":false,"potions_floor_spawned":[1,7,12],"killed_by":"Hexaghost","ascension_level":20}