{"gold_per_floor":[116,133,408,419,430,430,448,10,10,10,24,24,24,42,42,145,145,145],"floor_reached":18,"playtime":500,"items_purged":["Regret"],"score":154,"play_id":"00988c9e-114c-48ad-8d13-5185516a3e3d","local_time":"20181223162254","is_ascension_mode":false,"campfire_choices":[{"floor":6.0,"key":"DIG"},{"floor":10.0,"key":"DIG"},{"floor":13.0,"key":"REST"},{"floor":15.0,"key":"DIG"}],"neow_cost":"TEN_PERCENT_HP_LOSS","seed_source_timestamp":0,"circlet_count":0,"master_deck":["Bash","Shockwave","Thunderclap","Cleave","Mayhem","Iron Wave","Self Repair","Seek","Perfected Strike","Bloodletting","Body Slam","Evolve","Fiend Fire","Impervious","Iron Wave","Disarm","Reaper"],"special_seed":0,"relics":["Burning Blood","Shovel","Paper Frog","PrismaticShard","Pocketwatch","Incense Burner","Mercury Hourglass","Pandora\u0027s Box"],"potions_floor_usage":[],"damage_taken":[{"damage":5.0,"enemies":"Cultist","floor":1.0,"turns":4.0},{"damage":3.0,"enemies":"Small Slimes","floor":2.0,"turns":4.0},{"damage":13.0,"enemies":"Jaw Worm","floor":4.0,"turns":4.0},{"damage":30.0,"enemies":"Exordium Thugs","floor":5.0,"turns":5.0},{"damage":13.0,"enemies":"Lots of Slimes","floor":7.0,"turns":2.0},{"damage":13.0,"enemies":"Red Slaver","floor":11.0,"turns":5.0},{"damage":4.0,"enemies":"Blue Slaver","floor":14.0,"turns":4.0},{"damage":34.0,"enemies":"The Guardian","floor":16.0,"turns":11.0},{"damage":3,"enemies":"Shell Parasite","floor":18,"turns":1}],"seed_played":"5921476313083427808","potions_obtained":[{"floor":4.0,"key":"Swift Potion"},{"floor":11.0,"key":"LiquidBronze"},{"floor":14.0,"key":"AttackPotion"},{"floor":16.0,"key":"SkillPotion"}],"is_trial":false,"path_per_floor":["M","M","?","M","M","R","M","$","T","R","M","?","R","M","R","B",null,"M"],"character_chosen":"IRONCLAD","items_purchased":["PrismaticShard","Mayhem"],"campfire_rested":1,"item_purchase_floors":[8,8],"current_hp_per_floor":[72,72,72,65,41,41,34,34,34,34,27,27,48,50,50,29,72,69],"gold":145,"neow_bonus":"ONE_RARE_RELIC","is_prod":false,"is_daily":false,"chose_seed":false,"campfire_upgraded":0,"win_rate":0,"timestamp":1545582174,"path_taken":["M","?","?","M","?","R","M","$","T","R","M","?","R","M","R","BOSS","M"],"build_version":"2018-12-20","purchased_purges":1,"victory":false,"max_hp_per_floor":[72,72,72,72,72,72,72,72,72,72,72,72,72,72,72,72,72,72],"card_choices":[{"not_picked":["Twin Strike","Shrug It Off"],"picked":"Shockwave","floor":1.0},{"not_picked":["Iron Wave","Shrug It Off"],"picked":"Thunderclap","floor":2.0},{"not_picked":["Thunderclap","Wild Strike"],"picked":"Cleave","floor":4.0},{"not_picked":["Brutality","Sentinel"],"picked":"Clothesline","floor":5.0},{"not_picked":["Perfected Strike","Corruption","Thunderclap"],"picked":"SKIP","floor":7.0},{"not_picked":["Steam","All Out Attack","Dagger Spray"],"picked":"SKIP","floor":11.0},{"not_picked":["Rebound","Dagger Spray"],"picked":"Self Repair","floor":14.0},{"not_picked":["Venomology","Dark Embrace"],"picked":"Seek","floor":16.0}],"player_experience":350962,"relics_obtained":[{"floor":6.0,"key":"Paper Frog"},{"floor":9.0,"key":"Pocketwatch"},{"floor":10.0,"key":"Incense Burner"},{"floor":15.0,"key":"Mercury Hourglass"}],"event_choices":[{"damage_healed":0.0,"max_hp_gain":0.0,"max_hp_loss":0.0,"gold_gain":275.0,"event_name":"Golden Shrine","player_choice":"Desecrate","floor":3.0,"gold_loss":0.0,"damage_taken":0.0,"cards_obtained":["Regret"]},{"cards_removed":["Clothesline"],"damage_healed":0.0,"max_hp_gain":0.0,"max_hp_loss":0.0,"gold_gain":0.0,"event_name":"NoteForYourself","player_choice":"Took Card","floor":12.0,"gold_loss":0.0,"damage_taken":0.0,"cards_obtained":["Iron Wave"]}],"is_beta":true,"boss_relics":[{"not_picked":["Mark of Pain","Coffee Dripper"],"picked":"Pandora\u0027s Box"}],"items_purged_floors":[8],"is_endless":false,"potions_floor_spawned":[4,11,14,16],"killed_by":"Shell Parasite","ascension_level":0}