{"gold_per_floor":[117,117,136,150,170,199,199,226,226,253,253,263,44,56,56,158,158,168,188,199,218,146,171,171,171],"floor_reached":25,"playtime":1137,"items_purged":["Strike_R"],"score":294,"play_id":"e6d8a936-cad3-4ea0-9bcd-f9f380282583","local_time":"20190211144310","is_ascension_mode":true,"campfire_choices":[{"data":"True Grit","floor":7,"key":"SMITH"},{"floor":11,"key":"REST"},{"floor":15,"key":"REST"},{"floor":24,"key":"REST"}],"neow_cost":"NONE","seed_source_timestamp":91266771018777,"circlet_count":0,"master_deck":["Bash","Pummel","Carnage","Pain","Corruption","True Grit+1","Metallicize","Rupture","Thunderclap+1","Impervious","Double Tap","Hemokinesis+1","Sword Boomerang+1","Dropkick+1","True Grit","Second Wind","Limit Break","Sword Boomerang+1","Demon Form","Iron Wave+1","Cleave+1","Disarm","Metallicize","Exhume","Infernal Blade"],"relics":["Burning Blood","WarpedTongs","Oddly Smooth Stone","Torii","Ice Cream","Molten Egg 2","Happy Flower","Pandora\u0027s Box","Darkstone Periapt"],"potions_floor_usage":[8,10,14,21,23],"damage_taken":[{"damage":3,"enemies":"Small Slimes","floor":1,"turns":4},{"damage":2,"enemies":"Cultist","floor":3,"turns":2},{"damage":6,"enemies":"Jaw Worm","floor":4,"turns":3},{"damage":13,"enemies":"Exordium Wildlife","floor":5,"turns":3},{"damage":18,"enemies":"Gremlin Nob","floor":6,"turns":3},{"damage":32,"enemies":"Lagavulin","floor":8,"turns":6},{"damage":35,"enemies":"3 Sentries","floor":10,"turns":11},{"damage":0,"enemies":"3 Louse","floor":12,"turns":5},{"damage":3,"enemies":"Exordium Thugs","floor":14,"turns":6},{"damage":57,"enemies":"Slime Boss","floor":16,"turns":11},{"damage":17,"enemies":"Shell Parasite","floor":18,"turns":5},{"damage":5,"enemies":"Spheric Guardian","floor":19,"turns":2},{"damage":25,"enemies":"Snecko","floor":20,"turns":5},{"damage":5,"enemies":"Centurion and Healer","floor":21,"turns":4},{"damage":39,"enemies":"Book of Stabbing","floor":23,"turns":7},{"damage":54,"enemies":"Slavers","floor":25,"turns":3}],"seed_played":"-8923545414637203879","potions_obtained":[{"floor":1,"key":"Energy Potion"},{"floor":3,"key":"BloodPotion"},{"floor":12,"key":"Block Potion"},{"floor":16,"key":"BloodPotion"},{"floor":18,"key":"AttackPotion"},{"floor":20,"key":"LiquidBronze"}],"is_trial":false,"path_per_floor":["M","?","M","M","M","E","R","E","T","E","R","M","$","M","R","B",null,"M","M","M","M","$","E","R","E"],"character_chosen":"IRONCLAD","items_purchased":["Happy Flower","Exhume"],"campfire_rested":3,"item_purchase_floors":[13,22],"current_hp_per_floor":[80,80,80,80,73,61,61,35,35,14,38,44,44,47,71,20,80,69,70,51,52,52,27,51,0],"gold":171,"neow_bonus":"THREE_CARDS","is_prod":false,"is_daily":false,"chose_seed":false,"campfire_upgraded":1,"win_rate":0,"timestamp":1549892590,"path_taken":["M","?","M","M","M","E","R","E","T","E","R","?","$","M","R","BOSS","M","M","M","M","$","E","R","E"],"build_version":"2019-01-23","purchased_purges":1,"victory":false,"max_hp_per_floor":[80,80,80,80,80,80,80,80,80,80,80,80,80,80,80,80,80,80,80,80,80,80,80,80,80],"card_choices":[{"not_picked":["Corruption","Havoc"],"picked":"Pummel","floor":0},{"not_picked":["Iron Wave","Warcry"],"picked":"Carnage","floor":1},{"not_picked":["Pummel","Warcry"],"picked":"Corruption","floor":3},{"not_picked":["Clash","Headbutt","Havoc"],"picked":"SKIP","floor":4},{"not_picked":["Iron Wave","Havoc"],"picked":"True Grit","floor":5},{"not_picked":["Dual Wield","Sword Boomerang","Heavy Blade"],"picked":"SKIP","floor":6},{"not_picked":["Heavy Blade","Shockwave"],"picked":"Metallicize","floor":8},{"not_picked":["Pommel Strike","Heavy Blade"],"picked":"Rupture","floor":10},{"not_picked":["Sword Boomerang+1","Clash+1"],"picked":"Thunderclap+1","floor":12},{"not_picked":["Fire Breathing","Warcry"],"picked":"Impervious","floor":14},{"not_picked":["Berserk","Brutality"],"picked":"Double Tap","floor":16},{"not_picked":["Clash+1","Cleave+1"],"picked":"Iron Wave+1","floor":18},{"not_picked":["Heavy Blade+1","Clash+1"],"picked":"Cleave+1","floor":19},{"not_picked":["Twin Strike+1","Blood for Blood+1"],"picked":"Disarm","floor":20},{"not_picked":["Perfected Strike+1","Ghostly Armor"],"picked":"Metallicize","floor":21},{"not_picked":["Clash+1","Double Tap"],"picked":"Infernal Blade","floor":23}],"player_experience":283611,"relics_obtained":[{"floor":6,"key":"Oddly Smooth Stone"},{"floor":8,"key":"Torii"},{"floor":9,"key":"Ice Cream"},{"floor":10,"key":"Molten Egg 2"},{"floor":23,"key":"Darkstone Periapt"}],"event_choices":[{"damage_healed":0,"gold_gain":0,"player_choice":"Rummage","damage_taken":0,"relics_obtained":["WarpedTongs"],"max_hp_gain":0,"max_hp_loss":0,"event_name":"Accursed Blacksmith","floor":2,"gold_loss":0,"cards_obtained":["Pain"]}],"is_beta":false,"boss_relics":[{"not_picked":["Runic Dome","Astrolabe"],"picked":"Pandora\u0027s Box"}],"items_purged_floors":[13],"is_endless":false,"potions_floor_spawned":[1,3,12,16,18,20],"killed_by":"Slavers","ascension_level":4}