{"gold_per_floor":[211,227,243,64,77,77,107,159,159,174,174,96,96,116,116,216,216,236,236,248,51,51,51,51],"floor_reached":24,"playtime":2936,"items_purged":["Strike_G"],"score":284,"play_id":"f5f6c8d7-4a94-420d-a0d5-4c953ffe84fc","local_time":"20190122033537","is_ascension_mode":true,"campfire_choices":[{"data":"Choke","floor":6,"key":"SMITH"},{"floor":13,"key":"REST"},{"floor":15,"key":"RECALL"},{"floor":23,"key":"REST"}],"neow_cost":"NONE","seed_source_timestamp":99820303911275,"circlet_count":0,"master_deck":["Survivor","Neutralize","Accuracy","Backflip","Sucker Punch","Accuracy","Choke+1","Well Laid Plans","Caltrops","Envenom","Footwork","Backflip","Malaise","Heel Hook","Heel Hook","Heel Hook","Glass Knife","Blade Dance","Dodge and Roll","Blade Dance","Blade Dance","Cloak And Dagger","Cloak And Dagger","Panache"],"relics":["Ring of the Snake","Bottled Flame","WingedGreaves","Pandora\u0027s Box"],"potions_floor_usage":[7,10,16],"damage_taken":[{"damage":0,"enemies":"Cultist","floor":1,"turns":3},{"damage":0,"enemies":"Small Slimes","floor":2,"turns":3},{"damage":0,"enemies":"2 Louse","floor":3,"turns":4},{"damage":2,"enemies":"2 Fungi Beasts","floor":5,"turns":5},{"damage":22,"enemies":"3 Sentries","floor":7,"turns":9},{"damage":9,"enemies":"Gremlin Gang","floor":10,"turns":6},{"damage":3,"enemies":"Exordium Wildlife","floor":14,"turns":6},{"damage":36,"enemies":"The Guardian","floor":16,"turns":16},{"damage":44,"enemies":"2 Thieves","floor":18,"turns":4},{"damage":8,"enemies":"3 Byrds","floor":20,"turns":4},{"damage":30,"enemies":"Slavers","floor":24,"turns":1}],"seed_played":"-7542357033733952645","potions_obtained":[{"floor":1,"key":"SkillPotion"},{"floor":3,"key":"Strength Potion"},{"floor":10,"key":"Energy Potion"}],"is_trial":false,"path_per_floor":["M","M","M","$","M","R","E","T","T","M","?","$","R","M","R","B",null,"M","?","M","$","$","R","E"],"character_chosen":"THE_SILENT","items_purchased":["Accuracy","Choke","Footwork","Panache"],"campfire_rested":2,"item_purchase_floors":[4,4,12,21],"current_hp_per_floor":[63,63,63,63,61,61,39,39,39,30,30,30,51,48,48,12,56,12,17,9,9,9,30,0],"gold":51,"neow_bonus":"HUNDRED_GOLD","is_prod":false,"is_daily":false,"chose_seed":false,"campfire_upgraded":1,"win_rate":0,"timestamp":1548149737,"path_taken":["M","M","M","$","?","R","E","?","T","M","?","$","R","M","R","BOSS","M","?","?","$","$","R","E"],"build_version":"2019-01-17v2","purchased_purges":1,"victory":false,"max_hp_per_floor":[70,70,70,70,70,70,70,70,70,70,70,70,70,70,70,70,70,70,70,70,70,70,70,70],"card_choices":[{"not_picked":["Bane","Eviscerate"],"picked":"Accuracy","floor":1},{"not_picked":["Eviscerate","Prepared"],"picked":"Backflip","floor":2},{"not_picked":["Acrobatics","Dodge and Roll"],"picked":"Sucker Punch","floor":3},{"not_picked":["Poisoned Stab","Backflip"],"picked":"Well Laid Plans","floor":5},{"not_picked":["Outmaneuver","Poisoned Stab"],"picked":"Caltrops","floor":7},{"not_picked":["Deflect","Deadly Poison"],"picked":"Envenom","floor":10},{"not_picked":["Poisoned Stab","Dagger Throw"],"picked":"Backflip","floor":14},{"not_picked":["Doppelganger","Burst"],"picked":"Malaise","floor":16},{"not_picked":["Acrobatics","Footwork+1"],"picked":"Cloak And Dagger","floor":18},{"not_picked":["Dagger Spray","Blur+1"],"picked":"Cloak And Dagger","floor":20}],"player_experience":255496,"relics_obtained":[{"floor":7,"key":"Bottled Flame"},{"floor":9,"key":"WingedGreaves"}],"event_choices":[{"damage_healed":0,"gold_gain":0,"player_choice":"0 cards matched","damage_taken":0,"max_hp_gain":0,"max_hp_loss":0,"event_name":"Match and Keep!","floor":11,"gold_loss":0,"cards_obtained":[]},{"cards_removed":["Deadly Poison"],"damage_healed":5,"gold_gain":0,"player_choice":"Offered Common","damage_taken":0,"max_hp_gain":0,"max_hp_loss":0,"event_name":"Bonfire Elementals","floor":19,"gold_loss":0},{"cards_removed":["Deadly Poison"],"damage_healed":5,"gold_gain":0,"player_choice":"Offered Special","damage_taken":0,"max_hp_gain":0,"max_hp_loss":0,"event_name":"Bonfire Elementals","floor":19,"gold_loss":0}],"is_beta":false,"boss_relics":[{"not_picked":["Eternal Feather","Calling Bell"],"picked":"Pandora\u0027s Box"}],"items_purged_floors":[4],"is_endless":false,"potions_floor_spawned":[1,3,10],"killed_by":"Slavers","ascension_level":9}