{"gold_per_floor":[119,131,147,147,222,222,250,250,274,299,309,320,320,336,336,435,435,453,453,368,378,83,83,117,42,69,69,0,14,14],"floor_reached":30,"playtime":1344,"items_purged":["Strike_G"],"score":387,"play_id":"c472bdfc-2134-487f-8936-877ff92ce47a","local_time":"20190127231926","is_ascension_mode":true,"campfire_choices":[{"data":"Trip","floor":6,"key":"SMITH"},{"floor":8,"key":"REST"},{"floor":13,"key":"REST"},{"floor":15,"key":"REST"},{"data":"Blind","floor":23,"key":"SMITH"}],"neow_cost":"NONE","seed_source_timestamp":1493648292499823,"circlet_count":0,"master_deck":["AscendersBane","Defend_G+1","Defend_G+1","Defend_G+1","Defend_G+1","Strike_G+1","Strike_G+1","Strike_G+1","Strike_G+1","Survivor+1","Neutralize","Trip+1","Deflect","Endless Agony","Dagger Spray","Crippling Poison+1","Dagger Throw","Footwork","Choke","Well Laid Plans","Malaise","Flechettes","RitualDagger","Blind+1","Well Laid Plans","PiercingWail","Escape Plan+1","Noxious Fumes"],"relics":["Ring of the Snake","Lantern","PreservedInsect","Ancient Tea Set","Sozu","Pantograph","War Paint","Regal Pillow"],"potions_floor_usage":[7,16,16],"damage_taken":[{"damage":0,"enemies":"Cultist","floor":1,"turns":3},{"damage":4,"enemies":"Small Slimes","floor":2,"turns":4},{"damage":0,"enemies":"Jaw Worm","floor":3,"turns":4},{"damage":33,"enemies":"Lagavulin","floor":7,"turns":10},{"damage":15,"enemies":"Gremlin Nob","floor":10,"turns":4},{"damage":0,"enemies":"3 Louse","floor":11,"turns":2},{"damage":0,"enemies":"Blue Slaver","floor":12,"turns":3},{"damage":0,"enemies":"Large Slime","floor":14,"turns":4},{"damage":15,"enemies":"The Guardian","floor":16,"turns":11},{"damage":3,"enemies":"2 Thieves","floor":18,"turns":4},{"damage":0,"enemies":"3 Byrds","floor":21,"turns":5},{"damage":26,"enemies":"Slavers","floor":24,"turns":7},{"damage":5,"enemies":"3 Cultists","floor":29,"turns":4},{"damage":22,"enemies":"Snake Plant","floor":30,"turns":3}],"seed_played":"-1131242435609198300","potions_obtained":[{"floor":1,"key":"LiquidBronze"},{"floor":3,"key":"FearPotion"},{"floor":7,"key":"Strength Potion"},{"floor":12,"key":"Block Potion"}],"is_trial":false,"path_per_floor":["M","M","M","?","?","R","E","R","T","E","M","M","R","M","R","B",null,"M","?","?","M","$","R","E","?","T","?","$","M","M"],"character_chosen":"THE_SILENT","items_purchased":["Blind","Well Laid Plans","PiercingWail","Noxious Fumes"],"campfire_rested":3,"item_purchase_floors":[22,22,22,28],"current_hp_per_floor":[63,59,59,45,34,34,1,22,22,7,7,7,28,28,49,34,61,58,52,52,52,52,52,26,26,26,26,26,21,0],"gold":14,"neow_bonus":"RANDOM_COLORLESS","is_prod":false,"is_daily":false,"chose_seed":false,"campfire_upgraded":2,"win_rate":0,"timestamp":1548631166,"path_taken":["M","M","?","?","?","R","E","R","T","E","M","?","R","M","R","BOSS","M","?","?","M","?","R","E","?","T","?","$","M","?"],"build_version":"2019-01-23","purchased_purges":1,"victory":false,"max_hp_per_floor":[70,70,70,70,70,70,70,70,70,70,70,70,70,70,70,70,70,70,70,70,70,70,70,70,70,70,70,70,70,70],"card_choices":[{"not_picked":["Flechettes","Heel Hook"],"picked":"Deflect","floor":1},{"not_picked":["Poisoned Stab","PiercingWail"],"picked":"Endless Agony","floor":2},{"not_picked":["Tactician","Deflect"],"picked":"Dagger Spray","floor":3},{"not_picked":["PiercingWail","Deflect"],"picked":"Crippling Poison","floor":7},{"not_picked":["Grand Finale","Slice"],"picked":"Dagger Throw","floor":10},{"not_picked":["Acrobatics","Outmaneuver"],"picked":"Footwork","floor":11},{"not_picked":["Riddle With Holes","Backflip"],"picked":"Choke","floor":12},{"not_picked":["Acrobatics","Sucker Punch"],"picked":"Well Laid Plans","floor":14},{"not_picked":["Burst","Die Die Die"],"picked":"Malaise","floor":16},{"not_picked":["Deadly Poison+1","Calculated Gamble"],"picked":"Flechettes","floor":18},{"not_picked":["Dagger Throw","Choke+1","Riddle With Holes"],"picked":"SKIP","floor":21},{"not_picked":["Distraction","Cloak And Dagger"],"picked":"Escape Plan+1","floor":24},{"not_picked":["Expertise","Deadly Poison","Dash+1"],"picked":"SKIP","floor":29}],"player_experience":493147,"relics_obtained":[{"floor":7,"key":"Lantern"},{"floor":9,"key":"PreservedInsect"},{"floor":10,"key":"Ancient Tea Set"},{"floor":24,"key":"War Paint"},{"floor":26,"key":"Regal Pillow"}],"event_choices":[{"damage_healed":0,"gold_gain":0,"player_choice":"Entered Light","damage_taken":14,"max_hp_gain":0,"max_hp_loss":0,"event_name":"Shining Light","floor":4,"gold_loss":0,"cards_upgraded":["Strike_G","Survivor"]},{"damage_healed":0,"gold_gain":75,"player_choice":"Gather Gold","damage_taken":11,"max_hp_gain":0,"max_hp_loss":0,"event_name":"World of Goop","floor":5,"gold_loss":0},{"damage_healed":0,"gold_gain":0,"player_choice":"Joined the Cult","damage_taken":6,"max_hp_gain":0,"max_hp_loss":0,"event_name":"Nest","floor":19,"gold_loss":0,"cards_obtained":["RitualDagger"]},{"damage_healed":0,"gold_gain":0,"player_choice":"Obtained Relic","damage_taken":0,"relics_obtained":["Pantograph"],"max_hp_gain":0,"max_hp_loss":0,"event_name":"Addict","floor":20,"gold_loss":85},{"cards_removed":["Defend_G"],"damage_healed":0,"gold_gain":0,"player_choice":"Gave Gold","damage_taken":0,"max_hp_gain":0,"max_hp_loss":0,"event_name":"Beggar","floor":25,"gold_loss":75},{"damage_healed":0,"gold_gain":0,"player_choice":"Simplicity","damage_taken":0,"max_hp_gain":0,"max_hp_loss":0,"event_name":"Back to Basics","floor":27,"gold_loss":0,"cards_upgraded":["Defend_G","Defend_G","Defend_G","Strike_G","Strike_G","Strike_G"]}],"is_beta":true,"boss_relics":[{"not_picked":["Cursed Key","Empty Cage"],"picked":"Sozu"}],"items_purged_floors":[22],"is_endless":false,"potions_floor_spawned":[1,3,7,12,14,24,29],"killed_by":"Snake Plant","ascension_level":10}