{"gold_per_floor":[117,131,81,7,7,32,52,52,52,52,68,68,68,87,87,185,185,205,216,234,42,52,52,80,5,30,47,47,58,58,87,87,189,189,208,208,308,308,319,344,96,109,109,109,162,162,162,162,162,162],"floor_reached":51,"playtime":2086,"items_purged":["Strike_R"],"score":1073,"play_id":"1776eea7-46f2-47b3-a49d-c9ac95fefec8","local_time":"20190123064658","is_ascension_mode":true,"campfire_choices":[{"data":"Strike_R","floor":8,"key":"PURGE"},{"data":"Defend_R","floor":10,"key":"PURGE"},{"data":"Rage","floor":15,"key":"SMITH"},{"data":"Strike_R","floor":23,"key":"PURGE"},{"data":"Dual Wield","floor":32,"key":"SMITH"},{"data":"Enlightenment","floor":46,"key":"SMITH"},{"data":"Havoc+1","floor":49,"key":"PURGE"}],"neow_cost":"CURSE","seed_source_timestamp":1087748944068268,"circlet_count":0,"master_deck":["Defend_R","Defend_R","Bash","Shrug It Off","Bludgeon","Shockwave+1","Clash","Rage+1","Juggernaut+1","Corruption+1","Evolve","Battle Trance","Rampage+1","Dual Wield+1","Feel No Pain","Feel No Pain","Battle Trance","Feel No Pain+1","Swift Strike","Flame Barrier+1","The Bomb","Enlightenment+1","Body Slam+1"],"relics":["Burning Blood","Thread and Needle","Letter Opener","Peace Pipe","Mummified Hand","StoneCalendar","Astrolabe","Brimstone","Darkstone Periapt","Nloth\u0027s Gift","Bird Faced Urn","Lizard Tail","Mango","Regal Pillow","Juzu Bracelet","Smiling Mask","Du-Vu Doll"],"potions_floor_usage":[6,7,19,24,31,33,45,50,50],"damage_taken":[{"damage":13,"enemies":"Jaw Worm","floor":1,"turns":4},{"damage":0,"enemies":"Cultist","floor":2,"turns":4},{"damage":25,"enemies":"Lagavulin","floor":6,"turns":6},{"damage":2,"enemies":"Small Slimes","floor":7,"turns":2},{"damage":7,"enemies":"Gremlin Gang","floor":11,"turns":6},{"damage":0,"enemies":"Lots of Slimes","floor":14,"turns":4},{"damage":14,"enemies":"The Guardian","floor":16,"turns":8},{"damage":0,"enemies":"Spheric Guardian","floor":18,"turns":2},{"damage":2,"enemies":"3 Byrds","floor":19,"turns":3},{"damage":4,"enemies":"3 Cultists","floor":20,"turns":5},{"damage":6,"enemies":"Snecko","floor":22,"turns":3},{"damage":15,"enemies":"Slavers","floor":24,"turns":2},{"damage":2,"enemies":"Chosen and Byrds","floor":27,"turns":3},{"damage":5,"enemies":"Cultist and Chosen","floor":29,"turns":2},{"damage":9,"enemies":"Gremlin Leader","floor":31,"turns":4},{"damage":0,"enemies":"Champ","floor":33,"turns":5},{"damage":4,"enemies":"3 Darklings","floor":35,"turns":4},{"damage":48,"enemies":"Mind Bloom Boss Battle","floor":37,"turns":5},{"damage":0,"enemies":"Orb Walker","floor":39,"turns":3},{"damage":2,"enemies":"Giant Head","floor":40,"turns":4},{"damage":50,"enemies":"Writhing Mass","floor":42,"turns":5},{"damage":36,"enemies":"2 Orb Walkers","floor":45,"turns":4},{"damage":39,"enemies":"Time Eater","floor":50,"turns":6}],"seed_played":"1872000001243855273","potions_obtained":[{"floor":2,"key":"SteroidPotion"},{"floor":6,"key":"AttackPotion"},{"floor":14,"key":"LiquidBronze"},{"floor":16,"key":"LiquidBronze"},{"floor":24,"key":"FearPotion"},{"floor":27,"key":"Dexterity Potion"},{"floor":31,"key":"Weak Potion"},{"floor":37,"key":"SpeedPotion"},{"floor":39,"key":"Strength Potion"}],"is_trial":false,"path_per_floor":["?","?","M","T","?","M","M","?","M","?","?","?","?","?","?","?","?"],"character_chosen":"IRONCLAD","items_purchased":["Bludgeon","Brimstone","Juzu Bracelet","Swift Strike"],"campfire_rested":0,"item_purchase_floors":[4,21,41,41],"current_hp_per_floor":[65,71,71,71,71,52,56,56,56,56,55,55,55,61,61,53,73,79,80,80,80,80,80,71,71,71,75,75,76,76,73,73,80,80,80,80,56,56,78,94,94,62,62,52,36,36,36,78,78,53],"gold":162,"neow_bonus":"ONE_RARE_RELIC","is_prod":false,"is_daily":false,"chose_seed":false,"campfire_upgraded":3,"win_rate":0,"timestamp":1548226018,"path_taken":["M","M","?","$","?","E","M","R","T","R","?","?","?","M","R","BOSS","M","?","M","$","M","R","E","$","T","?","?","?","?","E","R","BOSS","M","?","?","?","M","E","$","M","T","?","?","R","?","?","R","BOSS"],"build_version":"2019-01-22","purchased_purges":1,"victory":true,"max_hp_per_floor":[80,80,80,80,80,80,80,80,80,80,80,80,80,80,80,80,80,80,80,80,80,80,80,80,80,80,80,80,80,80,80,80,80,80,80,80,94,94,94,94,94,94,94,94,94,94,89,78,78,78],"card_choices":[{"not_picked":["Havoc","Sword Boomerang"],"picked":"True Grit","floor":1},{"not_picked":["Pommel Strike","Wild Strike"],"picked":"Shrug It Off","floor":2},{"not_picked":["Hemokinesis","Clothesline","Heavy Blade"],"picked":"SKIP","floor":6},{"not_picked":["Power Through","Pummel"],"picked":"Shockwave","floor":7},{"not_picked":["Pummel","Iron Wave"],"picked":"Clash","floor":11},{"not_picked":["Infernal Blade","Sword Boomerang"],"picked":"Rage","floor":14},{"not_picked":["Anger","Havoc"],"picked":"Evolve","floor":18},{"not_picked":["Cleave+1","Heavy Blade+1"],"picked":"Battle Trance","floor":19},{"not_picked":["Armaments","Corruption"],"picked":"Rampage+1","floor":20},{"not_picked":["Twin Strike","Clothesline","Perfected Strike"],"picked":"SKIP","floor":22},{"not_picked":["Searing Blow+1","Sword Boomerang"],"picked":"Dual Wield","floor":24},{"not_picked":["Heavy Blade","Flex","Power Through+1"],"picked":"SKIP","floor":27},{"not_picked":["Thunderclap","Dual Wield"],"picked":"Feel No Pain","floor":29},{"not_picked":["Demon Form","Spot Weakness"],"picked":"Feel No Pain","floor":31},{"not_picked":["Bludgeon","Dark Embrace"],"picked":"Feed","floor":33},{"not_picked":["Cleave+1","Havoc"],"picked":"Battle Trance","floor":35},{"not_picked":["Headbutt+1","Impervious"],"picked":"Feel No Pain+1","floor":37},{"not_picked":["True Grit","Twin Strike+1","Ghostly Armor"],"picked":"SKIP","floor":39},{"not_picked":["Demon Form","Iron Wave","Clothesline"],"picked":"SKIP","floor":40},{"not_picked":["Sword Boomerang","Shrug It Off"],"picked":"Flame Barrier+1","floor":42},{"not_picked":["Mind Blast","Transmutation"],"picked":"The Bomb","floor":44},{"not_picked":["HandOfGreed","Dark Shackles"],"picked":"Enlightenment","floor":44},{"not_picked":["Sword Boomerang+1","Heavy Blade"],"picked":"Body Slam+1","floor":45}],"player_experience":457644,"relics_obtained":[{"floor":6,"key":"Peace Pipe"},{"floor":9,"key":"Mummified Hand"},{"floor":12,"key":"StoneCalendar"},{"floor":24,"key":"Darkstone Periapt"},{"floor":26,"key":"Boot"},{"floor":31,"key":"Bird Faced Urn"},{"floor":37,"key":"Mango"},{"floor":40,"key":"Regal Pillow"},{"floor":43,"key":"Smiling Mask"},{"floor":45,"key":"Du-Vu Doll"}],"event_choices":[{"cards_removed":["Decay"],"damage_healed":0,"gold_gain":0,"player_choice":"Card Removal","damage_taken":0,"max_hp_gain":0,"max_hp_loss":0,"event_name":"The Cleric","floor":3,"gold_loss":50},{"cards_removed":["True Grit"],"damage_healed":0,"gold_gain":0,"player_choice":"Gave Card","damage_taken":0,"relics_obtained":["Letter Opener"],"max_hp_gain":0,"max_hp_loss":0,"event_name":"WeMeetAgain","floor":5,"gold_loss":0},{"damage_healed":0,"gold_gain":0,"player_choice":"Forge","damage_taken":0,"max_hp_gain":0,"max_hp_loss":0,"event_name":"Accursed Blacksmith","floor":13,"gold_loss":0,"cards_upgraded":["Shockwave"]},{"damage_healed":0,"gold_gain":0,"player_choice":"Traded Relic","damage_taken":0,"relics_obtained":["Nloth\u0027s Gift"],"max_hp_gain":0,"max_hp_loss":0,"event_name":"N\u0027loth","floor":28,"relics_lost":["Boot"],"gold_loss":0},{"damage_healed":0,"gold_gain":0,"player_choice":"Ignored","damage_taken":0,"max_hp_gain":0,"max_hp_loss":0,"event_name":"Beggar","floor":30,"gold_loss":0},{"cards_removed":["Feed"],"damage_healed":0,"gold_gain":0,"player_choice":"Removed Attack","damage_taken":0,"max_hp_gain":0,"max_hp_loss":0,"event_name":"Falling","floor":36,"gold_loss":0},{"damage_healed":0,"gold_gain":0,"player_choice":"Fight","damage_taken":0,"max_hp_gain":0,"max_hp_loss":0,"event_name":"MindBloom","floor":37,"gold_loss":0},{"damage_healed":0,"gold_gain":0,"player_choice":"Ignored","damage_taken":0,"max_hp_gain":0,"max_hp_loss":0,"event_name":"Tomb of Lord Red Mask","floor":38,"gold_loss":0},{"damage_healed":0,"gold_gain":0,"player_choice":"Memory 3","damage_taken":10,"max_hp_gain":0,"max_hp_loss":0,"event_name":"SensoryStone","floor":44,"gold_loss":0},{"damage_healed":0,"gold_gain":0,"player_choice":"Fight","damage_taken":0,"max_hp_gain":0,"max_hp_loss":0,"event_name":"Mysterious Sphere","floor":45,"gold_loss":0},{"damage_healed":0,"gold_gain":0,"player_choice":"Max HP","damage_taken":0,"max_hp_gain":0,"max_hp_loss":5,"event_name":"Winding Halls","floor":47,"gold_loss":0},{"damage_healed":78,"gold_gain":0,"player_choice":"Heal","damage_taken":0,"max_hp_gain":0,"max_hp_loss":11,"event_name":"The Moai Head","floor":48,"gold_loss":0}],"is_beta":true,"boss_relics":[{"not_picked":["Black Star","Runic Dome"],"picked":"Astrolabe"},{"not_picked":["Philosopher\u0027s Stone","Runic Cube"],"picked":"Lizard Tail"}],"items_purged_floors":[25],"is_endless":false,"potions_floor_spawned":[2,6,14,16,24,27,31,37,39,40],"ascension_level":8}