{"gold_per_floor":[115,115,135,146,221,221,221,256,256,269,269,296,313,341,341,412,412,427,427,446,464,484,484,484],"floor_reached":24,"playtime":857,"items_purged":[],"score":396,"play_id":"03845ad6-4c10-4d7d-bf78-d0a4a164930a","local_time":"20190211000937","is_ascension_mode":true,"campfire_choices":[{"data":"Whirlwind","floor":6,"key":"SMITH"},{"data":"Bash","floor":11,"key":"SMITH"},{"data":"Cleave","floor":15,"key":"SMITH"},{"floor":23,"key":"REST"}],"neow_cost":"PERCENT_DAMAGE","seed_source_timestamp":1924656239800,"circlet_count":0,"master_deck":["AscendersBane","Strike_R","Strike_R","Strike_R+1","Strike_R","Strike_R","Defend_R","Defend_R","Defend_R+1","Defend_R","Bash+1","Cleave+1","Whirlwind+1","Feel No Pain","Pommel Strike","Limit Break","True Grit","Inflame","Shrug It Off"],"relics":["Burning Blood","Shuriken","Bottled Lightning","Bag of Marbles","Strawberry","Fusion Hammer"],"potions_floor_usage":[12,14,16,22,24],"damage_taken":[{"damage":6,"enemies":"Cultist","floor":1,"turns":3},{"damage":1,"enemies":"2 Louse","floor":3,"turns":4},{"damage":7,"enemies":"Small Slimes","floor":4,"turns":3},{"damage":19,"enemies":"3 Sentries","floor":8,"turns":8},{"damage":8,"enemies":"Blue Slaver","floor":10,"turns":5},{"damage":30,"enemies":"Lagavulin","floor":12,"turns":6},{"damage":0,"enemies":"2 Fungi Beasts","floor":13,"turns":1},{"damage":16,"enemies":"Gremlin Nob","floor":14,"turns":4},{"damage":24,"enemies":"Slime Boss","floor":16,"turns":11},{"damage":24,"enemies":"Shell Parasite","floor":18,"turns":6},{"damage":0,"enemies":"3 Byrds","floor":20,"turns":3},{"damage":25,"enemies":"Snecko","floor":21,"turns":5},{"damage":11,"enemies":"Sentry and Sphere","floor":22,"turns":3},{"damage":70,"enemies":"Book of Stabbing","floor":24,"turns":5}],"seed_played":"2818662267082581798","potions_obtained":[{"floor":4,"key":"SkillPotion"},{"floor":8,"key":"Energy Potion"},{"floor":13,"key":"LiquidBronze"},{"floor":16,"key":"Strength Potion"},{"floor":20,"key":"GamblersBrew"},{"floor":21,"key":"Strength Potion"}],"is_trial":false,"path_per_floor":["M","?","M","M","?","R","?","E","T","M","R","E","M","E","R","B",null,"M","?","M","M","M","R","E"],"character_chosen":"IRONCLAD","items_purchased":[],"campfire_rested":1,"item_purchase_floors":[],"current_hp_per_floor":[64,46,51,50,39,39,68,55,55,53,53,29,35,32,32,14,76,58,58,64,45,40,68,0],"gold":484,"neow_bonus":"TWENTY_PERCENT_HP_BONUS","is_prod":false,"is_daily":false,"chose_seed":false,"campfire_upgraded":3,"win_rate":0,"timestamp":1549872577,"path_taken":["M","?","M","M","?","R","?","E","T","?","R","E","M","E","R","BOSS","M","?","M","M","M","R","E"],"build_version":"2019-01-23","purchased_purges":0,"victory":false,"max_hp_per_floor":[89,89,89,89,89,89,89,89,89,89,89,89,89,96,96,96,96,96,96,96,96,96,96,96],"card_choices":[{"not_picked":["Heavy Blade","Rupture","Flex"],"picked":"SKIP","floor":1},{"not_picked":["Pommel Strike","Headbutt"],"picked":"Cleave","floor":3},{"not_picked":["Hemokinesis","Warcry"],"picked":"Whirlwind","floor":4},{"not_picked":["Cleave","Rampage","Sword Boomerang"],"picked":"SKIP","floor":8},{"not_picked":["Twin Strike","Blood for Blood","Anger"],"picked":"SKIP","floor":10},{"not_picked":["Body Slam","Pommel Strike"],"picked":"Feel No Pain","floor":12},{"not_picked":["Warcry","Perfected Strike","Sentinel"],"picked":"SKIP","floor":13},{"not_picked":["Armaments","Body Slam"],"picked":"Pommel Strike","floor":14},{"not_picked":["Fiend Fire","Juggernaut"],"picked":"Limit Break","floor":16},{"not_picked":["Thunderclap","Inflame"],"picked":"True Grit","floor":18},{"not_picked":["Havoc","Flex"],"picked":"Inflame","floor":20},{"not_picked":["Headbutt+1","Iron Wave","Flex"],"picked":"SKIP","floor":21},{"not_picked":["Pummel","Heavy Blade"],"picked":"Shrug It Off","floor":22}],"player_experience":423464,"relics_obtained":[{"floor":8,"key":"Shuriken"},{"floor":9,"key":"Bottled Lightning"},{"floor":12,"key":"Bag of Marbles"},{"floor":14,"key":"Strawberry"}],"event_choices":[{"damage_healed":0,"gold_gain":0,"player_choice":"Entered Light","damage_taken":18,"max_hp_gain":0,"max_hp_loss":0,"event_name":"Shining Light","floor":2,"gold_loss":0,"cards_upgraded":["Strike_R","Defend_R"]},{"damage_healed":0,"gold_gain":75,"player_choice":"Gather Gold","damage_taken":11,"max_hp_gain":0,"max_hp_loss":0,"event_name":"World of Goop","floor":5,"gold_loss":0},{"damage_healed":29,"gold_gain":0,"player_choice":"Banana","damage_taken":0,"max_hp_gain":0,"max_hp_loss":0,"event_name":"Big Fish","floor":7,"gold_loss":0},{"damage_healed":0,"gold_gain":0,"player_choice":"0 cards matched","damage_taken":0,"max_hp_gain":0,"max_hp_loss":0,"event_name":"Match and Keep!","floor":19,"gold_loss":0,"cards_obtained":[]}],"is_beta":false,"boss_relics":[{"not_picked":["Pandora\u0027s Box","Eternal Feather"],"picked":"Fusion Hammer"}],"items_purged_floors":[],"is_endless":false,"potions_floor_spawned":[4,8,13,16,20,21],"killed_by":"Book of Stabbing","ascension_level":14}