{"gold_per_floor":[112,187,187,197,210,210,210,128,210,210,220,220,220,243,243,243],"floor_reached":16,"playtime":557,"items_purged":[],"score":108,"play_id":"e43fabb9-1542-41db-8798-f9827580d553","local_time":"20190207203159","is_ascension_mode":true,"campfire_choices":[{"data":"Prepared","floor":6,"key":"SMITH"},{"floor":13,"key":"REST"},{"floor":15,"key":"REST"}],"neow_cost":"NONE","seed_source_timestamp":18687946644821,"circlet_count":0,"master_deck":["Defend_G","Defend_G","Defend_G","Defend_G","Defend_G+1","Strike_G","Strike_G","Strike_G","Strike_G","Strike_G","Survivor","Neutralize","Flying Knee","Prepared+1","Underhanded Strike","Blade Dance+1","Noxious Fumes","Acrobatics"],"relics":["Ring of the Snake","Letter Opener","Dodecahedron","Turnip","Golden Idol"],"potions_floor_usage":[16,16],"damage_taken":[{"damage":0,"enemies":"Small Slimes","floor":1,"turns":3},{"damage":16,"enemies":"Jaw Worm","floor":4,"turns":4},{"damage":0,"enemies":"Cultist","floor":5,"turns":3},{"damage":4,"enemies":"2 Fungi Beasts","floor":11,"turns":3},{"damage":14,"enemies":"Exordium Thugs","floor":14,"turns":5},{"damage":39,"enemies":"The Guardian","floor":16,"turns":12}],"seed_played":"2442821199960747078","potions_obtained":[{"floor":1,"key":"SkillPotion"},{"floor":5,"key":"SmokeBomb"},{"floor":14,"key":"SkillPotion"}],"is_trial":false,"path_per_floor":["M","?","T","M","M","R","?","$","T","?","M","?","R","M","R","B"],"character_chosen":"THE_SILENT","items_purchased":["Noxious Fumes"],"campfire_rested":2,"item_purchase_floors":[8],"current_hp_per_floor":[70,59,59,43,43,43,29,29,29,17,13,13,32,18,37,0],"gold":243,"neow_bonus":"THREE_CARDS","is_prod":false,"is_daily":false,"chose_seed":false,"campfire_upgraded":1,"win_rate":0,"timestamp":1549567919,"path_taken":["M","?","?","M","?","R","?","$","T","?","M","?","R","M","R","BOSS"],"build_version":"2019-01-23","purchased_purges":0,"victory":false,"max_hp_per_floor":[70,70,70,70,70,70,70,70,70,70,70,65,65,65,65,65],"card_choices":[{"not_picked":["Outmaneuver","Bane"],"picked":"Flying Knee","floor":0},{"not_picked":["Setup","Terror"],"picked":"Prepared","floor":1},{"not_picked":["Masterful Stab","Endless Agony"],"picked":"Underhanded Strike","floor":4},{"not_picked":["All Out Attack","Flechettes"],"picked":"Blade Dance","floor":5},{"not_picked":["Flying Knee","Flechettes"],"picked":"Acrobatics","floor":11},{"not_picked":["Expertise","Poisoned Stab","Eviscerate"],"picked":"SKIP","floor":14}],"player_experience":236743,"relics_obtained":[{"floor":3,"key":"Letter Opener"},{"floor":9,"key":"Dodecahedron"}],"event_choices":[{"damage_healed":0,"gold_gain":75,"player_choice":"Gather Gold","damage_taken":11,"max_hp_gain":0,"max_hp_loss":0,"event_name":"World of Goop","floor":2,"gold_loss":0},{"damage_healed":0,"gold_gain":0,"player_choice":"Entered Light","damage_taken":14,"max_hp_gain":0,"max_hp_loss":0,"event_name":"Shining Light","floor":7,"gold_loss":0,"cards_upgraded":["Blade Dance","Defend_G"]},{"damage_healed":0,"gold_gain":0,"player_choice":"Success","damage_taken":12,"relics_obtained":["Turnip"],"max_hp_gain":0,"max_hp_loss":0,"event_name":"Scrap Ooze","floor":10,"gold_loss":0},{"damage_healed":0,"gold_gain":0,"player_choice":"Lose Max HP","damage_taken":0,"relics_obtained":["Golden Idol"],"max_hp_gain":0,"max_hp_loss":5,"event_name":"Golden Idol","floor":12,"gold_loss":0}],"is_beta":false,"boss_relics":[],"items_purged_floors":[],"is_endless":false,"potions_floor_spawned":[1,5,14],"killed_by":"The Guardian","ascension_level":4}