{"gold_per_floor":[144,9,54,54,99,99,144,144,144,189,234,279,324,324],"floor_reached":14,"playtime":606,"items_purged":[],"score":86,"play_id":"951b133b-7c28-4b99-a2b0-bbaba1cf387d","local_time":"20181222212802","daily_mods":["Draft","Uncertain Future","Midas"],"is_ascension_mode":false,"campfire_choices":[{"floor":6,"key":"REST"},{"floor":8,"key":"REST"}],"neow_cost":"","seed_source_timestamp":0,"circlet_count":0,"master_deck":["Iron Wave","Iron Wave","Iron Wave","Flex","Spot Weakness","Dropkick","Flex","Thunderclap","Headbutt","Body Slam","Shockwave","Headbutt","Armaments","Sword Boomerang","Double Tap","Intimidate","Metallicize","Rage","Ghostly Armor","Metallicize","Rage"],"special_seed":17887,"relics":["Burning Blood","Paper Frog"],"potions_floor_usage":[13,14],"damage_taken":[{"damage":0,"enemies":"Small Slimes","floor":1,"turns":2},{"damage":1,"enemies":"Cultist","floor":3,"turns":3},{"damage":1,"enemies":"Jaw Worm","floor":5,"turns":2},{"damage":6,"enemies":"Red Slaver","floor":7,"turns":3},{"damage":0,"enemies":"Exordium Thugs","floor":10,"turns":3},{"damage":6,"enemies":"Large Slime","floor":11,"turns":5},{"damage":6,"enemies":"Red Slaver","floor":12,"turns":2},{"damage":1,"enemies":"Exordium Thugs","floor":13,"turns":4},{"damage":15,"enemies":"Gremlin Nob","floor":14,"turns":5}],"seed_played":"8592770132625514496","potions_obtained":[{"floor":5,"key":"SmokeBomb"},{"floor":7,"key":"SkillPotion"},{"floor":11,"key":"SkillPotion"},{"floor":12,"key":"Dexterity Potion"},{"floor":13,"key":"Dexterity Potion"}],"is_trial":false,"path_per_floor":["M","$","M","?","M","R","M","R","T","M","M","M","M","E"],"character_chosen":"IRONCLAD","items_purchased":["Double Tap"],"campfire_rested":2,"item_purchase_floors":[2],"current_hp_per_floor":[80,80,80,80,80,80,80,80,80,80,80,80,80,65],"gold":324,"neow_bonus":"","is_prod":false,"is_daily":true,"chose_seed":false,"campfire_upgraded":0,"win_rate":0,"timestamp":1545514082,"path_taken":["M","$","M","?","M","R","?","R","T","M","M","?","M","E"],"build_version":"2018-12-20","purchased_purges":0,"victory":false,"max_hp_per_floor":[80,80,80,80,80,80,80,80,80,80,80,80,80,80],"card_choices":[{"not_picked":["Wild Strike","Havoc"],"picked":"Iron Wave","floor":0},{"not_picked":["Shrug It Off","Clothesline"],"picked":"Iron Wave","floor":0},{"not_picked":["Cleave","Pommel Strike"],"picked":"Iron Wave","floor":0},{"not_picked":["True Grit","Evolve"],"picked":"Flex","floor":0},{"not_picked":["Disarm","Headbutt"],"picked":"Spot Weakness","floor":0},{"not_picked":["Clothesline","Pommel Strike"],"picked":"Dropkick","floor":0},{"not_picked":["Entrench","Carnage"],"picked":"Flex","floor":0},{"not_picked":["Spot Weakness","True Grit"],"picked":"Thunderclap","floor":0},{"not_picked":["Evolve","Power Through"],"picked":"Headbutt","floor":0},{"not_picked":["Iron Wave","Rampage"],"picked":"Body Slam","floor":0},{"not_picked":["Combust","Feel No Pain"],"picked":"Anger","floor":0},{"not_picked":["Thunderclap","Perfected Strike"],"picked":"Shockwave","floor":0},{"not_picked":["Shrug It Off","Flex"],"picked":"Headbutt","floor":0},{"not_picked":["Dual Wield","Blood for Blood"],"picked":"Armaments","floor":0},{"not_picked":["Rupture","Heavy Blade"],"picked":"Sword Boomerang","floor":0},{"not_picked":["Armaments","Wild Strike","Sever Soul"],"picked":"SKIP","floor":1},{"not_picked":["Shrug It Off","Armaments"],"picked":"Intimidate","floor":3},{"not_picked":["True Grit","Pommel Strike"],"picked":"Metallicize","floor":5},{"not_picked":["Perfected Strike","Warcry"],"picked":"Rage","floor":7},{"not_picked":["Exhume","True Grit","Pommel Strike"],"picked":"SKIP","floor":10},{"not_picked":["Perfected Strike","Whirlwind"],"picked":"Ghostly Armor","floor":11},{"not_picked":["Searing Blow","Twin Strike"],"picked":"Metallicize","floor":12},{"not_picked":["Ghostly Armor","Havoc"],"picked":"Rage","floor":13}],"player_experience":347439,"relics_obtained":[{"floor":9,"key":"Paper Frog"}],"event_choices":[{"cards_removed":["Anger"],"damage_healed":5,"gold_gain":0,"player_choice":"Offered Common","damage_taken":0,"max_hp_gain":0,"max_hp_loss":0,"event_name":"Bonfire Elementals","floor":4,"gold_loss":0},{"cards_removed":["Anger"],"damage_healed":5,"gold_gain":0,"player_choice":"Offered Special","damage_taken":0,"max_hp_gain":0,"max_hp_loss":0,"event_name":"Bonfire Elementals","floor":4,"gold_loss":0}],"is_beta":true,"boss_relics":[],"items_purged_floors":[],"is_endless":false,"potions_floor_spawned":[5,7,11,12,13],"killed_by":"Gremlin Nob","ascension_level":0}