{"gold_per_floor":[116,291,241,255,266,266,299,299,324,324,362,362,208,208,208,337,337,362,387,387,302,202,202,223,223,223,256,256],"floor_reached":28,"playtime":1075,"items_purged":["Strike_R","Dropkick"],"score":327,"play_id":"c9c0d81b-51f6-45cc-beed-d14e7d410d05","local_time":"20190118223801","is_ascension_mode":true,"campfire_choices":[{"data":"Blind","floor":6,"key":"SMITH"},{"data":"Rage","floor":8,"key":"SMITH"},{"data":"Dual Wield","floor":15,"key":"SMITH"},{"data":"Flash of Steel","floor":23,"key":"SMITH"}],"neow_cost":"TEN_PERCENT_HP_LOSS","seed_source_timestamp":713819109789910,"circlet_count":0,"master_deck":["Strike_R+1","Defend_R","Defend_R","Defend_R","Bash","Flash of Steel+1","Blind+1","Flex","Headbutt+1","Rage+1","Fiend Fire","Dual Wield+1","Demon Form","Pummel+1"],"relics":["Burning Blood","Pen Nib","Whetstone","Golden Idol","Orichalcum","Meat on the Bone","Empty Cage","Mummified Hand","Paper Frog","Molten Egg 2"],"potions_floor_usage":[5,7,24,28],"damage_taken":[{"damage":9,"enemies":"2 Louse","floor":1,"turns":3},{"damage":4,"enemies":"Jaw Worm","floor":4,"turns":2},{"damage":3,"enemies":"Small Slimes","floor":5,"turns":3},{"damage":19,"enemies":"3 Sentries","floor":7,"turns":9},{"damage":1,"enemies":"Lagavulin","floor":11,"turns":7},{"damage":15,"enemies":"The Guardian","floor":16,"turns":13},{"damage":5,"enemies":"Shell Parasite","floor":18,"turns":3},{"damage":19,"enemies":"Chosen","floor":19,"turns":6},{"damage":29,"enemies":"Snecko","floor":24,"turns":6},{"damage":34,"enemies":"Book of Stabbing","floor":27,"turns":5},{"damage":26,"enemies":"Centurion and Healer","floor":28,"turns":2}],"seed_played":"4875192691078327703","potions_obtained":[{"floor":1,"key":"Block Potion"},{"floor":4,"key":"Explosive Potion"},{"floor":16,"key":"Weak Potion"},{"floor":18,"key":"Explosive Potion"},{"floor":27,"key":"SteroidPotion"}],"is_trial":false,"path_per_floor":["M","?","?","M","M","R","E","R","T","?","E","?","$","T","R","B",null,"M","M","?","?","$","R","M","?","T","E","M"],"character_chosen":"IRONCLAD","items_purchased":["Dual Wield"],"campfire_rested":0,"item_purchase_floors":[13],"current_hp_per_floor":[69,69,69,71,72,72,59,59,59,59,64,64,64,64,64,55,64,65,52,52,52,52,52,41,41,41,25,0],"gold":256,"neow_bonus":"RANDOM_COLORLESS_2","is_prod":false,"is_daily":false,"chose_seed":false,"campfire_upgraded":4,"win_rate":0,"timestamp":1547851081,"path_taken":["M","?","?","?","M","R","E","R","T","?","E","?","?","?","R","BOSS","M","M","?","?","$","R","M","?","T","E","M"],"build_version":"2019-01-17","purchased_purges":2,"victory":false,"max_hp_per_floor":[72,72,72,72,72,72,72,72,72,67,67,67,67,67,67,67,67,67,67,67,67,67,67,67,67,67,67,67],"card_choices":[{"not_picked":["Bloodletting","Twin Strike"],"picked":"Flex","floor":1},{"not_picked":["Fire Breathing","Heavy Blade"],"picked":"Headbutt","floor":4},{"not_picked":["Thunderclap","Second Wind","Fire Breathing"],"picked":"SKIP","floor":5},{"not_picked":["Armaments","Havoc"],"picked":"Rage","floor":7},{"not_picked":["True Grit","Brutality"],"picked":"Fiend Fire","floor":11},{"not_picked":["Limit Break","Double Tap"],"picked":"Demon Form","floor":16},{"not_picked":["Clash","Headbutt"],"picked":"Dropkick","floor":18},{"not_picked":["Seeing Red","Reckless Charge","Shrug It Off"],"picked":"SKIP","floor":19},{"not_picked":["Headbutt","Flame Barrier","Combust"],"picked":"SKIP","floor":24},{"not_picked":["Shrug It Off+1","Anger"],"picked":"Pummel+1","floor":27}],"player_experience":433398,"relics_obtained":[{"floor":7,"key":"Pen Nib"},{"floor":9,"key":"Whetstone"},{"floor":11,"key":"Orichalcum"},{"floor":14,"key":"Meat on the Bone"},{"floor":26,"key":"Paper Frog"},{"floor":27,"key":"Molten Egg 2"}],"event_choices":[{"damage_healed":0,"gold_gain":175,"player_choice":"AGREE","damage_taken":0,"max_hp_gain":0,"max_hp_loss":0,"event_name":"Liars Game","floor":2,"gold_loss":0,"cards_obtained":["Doubt"]},{"cards_removed":["Doubt"],"damage_healed":0,"gold_gain":0,"player_choice":"Card Removal","damage_taken":0,"max_hp_gain":0,"max_hp_loss":0,"event_name":"The Cleric","floor":3,"gold_loss":50},{"damage_healed":0,"gold_gain":0,"player_choice":"Lose Max HP","damage_taken":0,"relics_obtained":["Golden Idol"],"max_hp_gain":0,"max_hp_loss":5,"event_name":"Golden Idol","floor":10,"gold_loss":0},{"cards_removed":["Strike_R"],"damage_healed":0,"gold_gain":0,"player_choice":"Forget","damage_taken":0,"max_hp_gain":0,"max_hp_loss":0,"event_name":"Living Wall","floor":12,"gold_loss":0},{"cards_removed":["Defend_R"],"damage_healed":0,"gold_gain":0,"player_choice":"Elegance","damage_taken":0,"max_hp_gain":0,"max_hp_loss":0,"event_name":"Back to Basics","floor":20,"gold_loss":0},{"damage_healed":0,"gold_gain":0,"player_choice":"Obtained Relic","damage_taken":0,"relics_obtained":["Mummified Hand"],"max_hp_gain":0,"max_hp_loss":0,"event_name":"Addict","floor":21,"gold_loss":85},{"damage_healed":0,"gold_gain":0,"player_choice":"Ignored","damage_taken":0,"max_hp_gain":0,"max_hp_loss":0,"event_name":"Vampires","floor":25,"gold_loss":0}],"is_beta":true,"boss_relics":[{"not_picked":["Velvet Choker","Orrery"],"picked":"Empty Cage"}],"items_purged_floors":[13,22],"is_endless":false,"potions_floor_spawned":[1,4,16,18,27],"killed_by":"Centurion and Healer","ascension_level":7}