{"gold_per_floor":[117,128,128,93,107,107,119,150,150,150,39,104,26,26],"floor_reached":14,"playtime":716,"items_purged":[],"score":99,"play_id":"b7762d50-a516-4a1f-9c33-5e7d0bc1308c","local_time":"20190201222028","is_ascension_mode":true,"campfire_choices":[{"data":"Genetic Algorithm","floor":6,"key":"SMITH"}],"neow_cost":"NONE","seed_source_timestamp":27879695834981,"circlet_count":0,"master_deck":["Strike_B","Strike_B","Strike_B","Strike_B","Defend_B","Defend_B","Defend_B","Defend_B","Zap","Dualcast","Sweeping Beam","Genetic Algorithm+1","Coolheaded","Redo","Creative AI","Self Repair","Auto Shields+1","Hologram+1","Leap+1","Go for the Eyes"],"relics":["Cracked Core","Bag of Preparation","Mummified Hand","Toxic Egg 2","SsserpentHead"],"potions_floor_usage":[12],"damage_taken":[{"damage":10,"enemies":"2 Louse","floor":1,"turns":3},{"damage":5,"enemies":"Cultist","floor":2,"turns":4},{"damage":3,"enemies":"Jaw Worm","floor":5,"turns":5},{"damage":25,"enemies":"Exordium Wildlife","floor":7,"turns":4},{"damage":34,"enemies":"3 Sentries","floor":8,"turns":9},{"damage":9,"enemies":"Large Slime","floor":12,"turns":7},{"damage":19,"enemies":"Gremlin Nob","floor":14,"turns":4}],"seed_played":"4152582820536135614","potions_obtained":[{"floor":1,"key":"Strength Potion"},{"floor":7,"key":"AttackPotion"}],"is_trial":false,"path_per_floor":["M","M","?","?","M","R","M","E","T","?","$","M","$","E"],"character_chosen":"DEFECT","items_purchased":["Self Repair","Auto Shields+1","Leap+1","Go for the Eyes"],"campfire_rested":0,"item_purchase_floors":[11,11,13,13],"current_hp_per_floor":[72,67,64,82,79,79,54,20,20,20,20,18,18,0],"gold":26,"neow_bonus":"TEN_PERCENT_HP_BONUS","is_prod":false,"is_daily":false,"chose_seed":false,"campfire_upgraded":1,"win_rate":0,"timestamp":1549056028,"path_taken":["M","M","?","?","M","R","M","E","T","?","$","?","$","E"],"build_version":"2019-01-23","purchased_purges":0,"victory":false,"max_hp_per_floor":[82,82,82,82,82,82,82,82,82,82,82,82,82,82],"card_choices":[{"not_picked":["Recycle","Leap"],"picked":"Sweeping Beam","floor":1},{"not_picked":["Redo","Cold Snap"],"picked":"Genetic Algorithm","floor":2},{"not_picked":["Consume","Streamline"],"picked":"Coolheaded","floor":5},{"not_picked":["Ball Lightning","Coolheaded"],"picked":"Redo","floor":7},{"not_picked":["Conserve Battery","Melter"],"picked":"Creative AI","floor":8},{"not_picked":["Beam Cell","Steam+1"],"picked":"Hologram+1","floor":12}],"player_experience":160367,"relics_obtained":[{"floor":8,"key":"Mummified Hand"},{"floor":9,"key":"Toxic Egg 2"}],"event_choices":[{"damage_healed":0,"gold_gain":0,"player_choice":"Success","damage_taken":3,"relics_obtained":["Bag of Preparation"],"max_hp_gain":0,"max_hp_loss":0,"event_name":"Scrap Ooze","floor":3,"gold_loss":0},{"damage_healed":20,"gold_gain":0,"player_choice":"Healed","damage_taken":0,"max_hp_gain":0,"max_hp_loss":0,"event_name":"The Cleric","floor":4,"gold_loss":35},{"damage_healed":0,"gold_gain":0,"player_choice":"Trade","damage_taken":0,"relics_obtained":["SsserpentHead"],"max_hp_gain":0,"max_hp_loss":0,"event_name":"FaceTrader","floor":10,"gold_loss":0}],"is_beta":false,"boss_relics":[],"items_purged_floors":[],"is_endless":false,"potions_floor_spawned":[1,7],"killed_by":"Gremlin Nob","ascension_level":2}