{"gold_per_floor":[112,112,127,12,12,12,42,61,141,141,159,175,175,175,175,175],"floor_reached":16,"playtime":482,"items_purged":["Doubt"],"score":170,"play_id":"874ec826-d3e6-412b-a43c-50075e2e73e4","local_time":"20190203215537","is_ascension_mode":true,"campfire_choices":[{"data":"Anger","floor":6,"key":"SMITH"},{"floor":13,"key":"REST"},{"data":"True Grit","floor":15,"key":"SMITH"}],"neow_cost":"CURSE","seed_source_timestamp":197409281567288,"circlet_count":0,"master_deck":["AscendersBane","Strike_R","Strike_R+1","Strike_R","Defend_R","Defend_R","Defend_R","Defend_R","Bash","Limit Break+1","Iron Wave","Anger+1","Feel No Pain","Intimidate+1","Shrug It Off","True Grit+1","Reckless Charge"],"relics":["Burning Blood","Happy Flower","Bottled Lightning"],"potions_floor_usage":[7],"damage_taken":[{"damage":11,"enemies":"Cultist","floor":1,"turns":4},{"damage":7,"enemies":"Small Slimes","floor":3,"turns":5},{"damage":25,"enemies":"Lagavulin","floor":7,"turns":6},{"damage":16,"enemies":"2 Louse","floor":8,"turns":3},{"damage":1,"enemies":"Red Slaver","floor":11,"turns":4},{"damage":5,"enemies":"2 Fungi Beasts","floor":12,"turns":4},{"damage":41,"enemies":"The Guardian","floor":16,"turns":11}],"seed_played":"-8631243916822738528","potions_obtained":[{"floor":1,"key":"PowerPotion"},{"floor":3,"key":"Ancient Potion"},{"floor":8,"key":"SpeedPotion"},{"floor":12,"key":"Explosive Potion"}],"is_trial":false,"path_per_floor":["M","?","M","$","?","R","E","M","T","?","M","M","R","?","R","B"],"character_chosen":"IRONCLAD","items_purchased":["Feel No Pain"],"campfire_rested":1,"item_purchase_floors":[4],"current_hp_per_floor":[63,48,47,47,40,40,21,11,11,11,16,17,39,39,39,0],"gold":175,"neow_bonus":"THREE_RARE_CARDS","is_prod":false,"is_daily":false,"chose_seed":false,"campfire_upgraded":2,"win_rate":0,"timestamp":1549230937,"path_taken":["M","?","M","$","?","R","E","M","T","?","?","M","R","?","R","BOSS"],"build_version":"2019-01-23","purchased_purges":1,"victory":false,"max_hp_per_floor":[75,75,75,75,75,75,75,75,75,75,75,75,75,75,75,75],"card_choices":[{"not_picked":["Exhume","Dark Embrace"],"picked":"Limit Break","floor":0},{"not_picked":["Searing Blow","Hemokinesis"],"picked":"Iron Wave","floor":1},{"not_picked":["Ghostly Armor","Heavy Blade"],"picked":"Anger","floor":3},{"not_picked":["Iron Wave","Thunderclap"],"picked":"Intimidate","floor":7},{"not_picked":["Havoc","Body Slam"],"picked":"Shrug It Off","floor":8},{"not_picked":["Bloodletting","Warcry","Shockwave"],"picked":"SKIP","floor":11},{"not_picked":["Entrench","Clash"],"picked":"True Grit","floor":12}],"player_experience":552089,"relics_obtained":[{"floor":7,"key":"Happy Flower"},{"floor":9,"key":"Bottled Lightning"}],"event_choices":[{"damage_healed":0,"gold_gain":0,"player_choice":"Entered Light","damage_taken":15,"max_hp_gain":0,"max_hp_loss":0,"event_name":"Shining Light","floor":2,"gold_loss":0,"cards_upgraded":["Limit Break","Strike_R"]},{"cards_removed":["Strike_R"],"damage_healed":0,"gold_gain":0,"player_choice":"Card Removal","damage_taken":7,"max_hp_gain":0,"max_hp_loss":0,"event_name":"Golden Wing","floor":5,"gold_loss":0},{"damage_healed":0,"gold_gain":0,"player_choice":"Upgraded","damage_taken":0,"max_hp_gain":0,"max_hp_loss":0,"event_name":"Upgrade Shrine","floor":10,"gold_loss":0,"cards_upgraded":["Intimidate"]},{"damage_healed":0,"gold_gain":0,"cards_transformed":["Strike_R"],"player_choice":"Change","damage_taken":0,"max_hp_gain":0,"max_hp_loss":0,"event_name":"Living Wall","floor":14,"gold_loss":0,"cards_obtained":["Reckless Charge"]}],"is_beta":true,"boss_relics":[],"items_purged_floors":[4],"is_endless":false,"potions_floor_spawned":[1,3,8,12],"killed_by":"The Guardian","ascension_level":14}