{"path_per_floor":["M","M","?","$","?","R","?","?","T","R","M","M","$","M","R","B",null,"M","$","?","M","?","R","M","?","T","R","$","M","M","$","R","B",null,"M","T","?"],"character_chosen":"DEFECT","items_purchased":["Flash of Steel","Skim"],"gold_per_floor":[115,126,126,31,31,31,31,31,57,57,76,89,39,53,53,155,155,168,93,93,111,0,0,13,13,82,82,82,102,117,17,17,113,113,123,148,248,248],"floor_reached":38,"campfire_rested":4,"playtime":1329,"current_hp_per_floor":[66,66,71,71,71,71,56,49,49,49,49,41,41,41,62,18,59,48,48,48,22,22,43,30,30,30,51,51,51,47,47,68,60,70,37,37,37,0],"items_purged":["Defend_B","Strike_B"],"gold":248,"score":542,"play_id":"bb789985-26bc-47c2-bd38-cee70bac053f","local_time":"20180513161949","is_prod":false,"is_daily":false,"chose_seed":false,"is_ascension_mode":true,"campfire_upgraded":2,"timestamp":1526253589,"path_taken":["M","M","?","$","?","R","?","?","T","R","M","M","$","M","R","BOSS","M","$","?","M","?","R","M","?","T","R","?","M","M","$","R","BOSS","M","?","?","?"],"build_version":"2018-05-12v2","seed_source_timestamp":109660360624850,"purchased_purges":2,"victory":false,"master_deck":["Strike_B","Strike_B+1","Defend_B","Defend_B","Defend_B+1","Zap","Dualcast","Meteor Strike+1","Turbo","Flash of Steel+1","Turbo","Skim","Skim","Machine Learning","Loop+1","Skim"],"max_hp_per_floor":[68,68,73,73,73,73,73,73,73,73,73,73,73,73,73,73,73,73,73,73,73,73,73,73,73,73,73,73,73,73,73,73,73,73,73,73,73,73],"relics":["Cracked Core","Happy Flower","Philosopher\u0027s Stone","Bottled Tornado","Runic Dome","Anchor"],"card_choices":[{"not_picked":["Echo Form","Nova"],"picked":"Meteor Strike","floor":0},{"not_picked":["Steam Power","Melter","Capacitor"],"picked":"SKIP","floor":1},{"not_picked":["Cold Snap","Rebound"],"picked":"Turbo","floor":2},{"not_picked":["Hello World","Rebound"],"picked":"Turbo","floor":11},{"not_picked":["Ball Lightning","Leap"],"picked":"Skim","floor":12},{"not_picked":["Force Field","Go for the Eyes","Stack"],"picked":"SKIP","floor":14},{"not_picked":["Thunder Strike","Biased Cognition"],"picked":"Machine Learning","floor":16},{"not_picked":["Go for the Eyes+1","Leap"],"picked":"Loop+1","floor":18},{"not_picked":["Barrage","Leap"],"picked":"Skim","floor":21},{"not_picked":["Stack","Leap","Gash"],"picked":"SKIP","floor":24},{"not_picked":["Barrage","Blizzard+1","Gash+1"],"picked":"SKIP","floor":29},{"not_picked":["Streamline","Hologram","Rebound"],"picked":"SKIP","floor":30},{"not_picked":["Coolheaded+1","Gash+1","Streamline"],"picked":"SKIP","floor":35}],"player_experience":240910,"potions_floor_usage":[11,18,24,29],"damage_taken":[{"damage":2,"enemies":"Jaw Worm","floor":1,"turns":3},{"damage":0,"enemies":"Small Slimes","floor":2,"turns":3},{"damage":0,"enemies":"2 Louse","floor":11,"turns":1},{"damage":8,"enemies":"Blue Slaver","floor":12,"turns":3},{"damage":0,"enemies":"Large Slime","floor":14,"turns":2},{"damage":44,"enemies":"The Guardian","floor":16,"turns":10},{"damage":11,"enemies":"Chosen","floor":18,"turns":4},{"damage":26,"enemies":"2 Thieves","floor":21,"turns":3},{"damage":13,"enemies":"3 Cultists","floor":24,"turns":5},{"damage":0,"enemies":"Snake Plant","floor":29,"turns":2},{"damage":4,"enemies":"Snecko","floor":30,"turns":4},{"damage":8,"enemies":"Collector","floor":33,"turns":3},{"damage":33,"enemies":"3 Darklings","floor":35,"turns":3},{"damage":52,"enemies":"Flame Bruiser 1 Orb","floor":38,"turns":3}],"event_choices":[{"event_name":"Big Fish","player_choice":"Donut","floor":3,"damage_taken":0},{"event_name":"Scrap Ooze","player_choice":"unsuccessful","floor":5,"damage_taken":0},{"event_name":"Shining Light","player_choice":"Entered Light","floor":7,"damage_taken":0},{"event_name":"Golden Wing","player_choice":"Card Removal","floor":8,"damage_taken":0},{"event_name":"The Mausoleum","player_choice":"No","floor":20,"damage_taken":0},{"event_name":"Masked Bandits","player_choice":"Paid Bandits 111 gold","floor":22,"damage_taken":0},{"event_name":"Cursed Tome","player_choice":"Ignored","floor":25,"damage_taken":0},{"event_name":"Golden Shrine","player_choice":"Pray","floor":37,"damage_taken":0}],"boss_relics":[{"not_picked":["Calling Bell","Eternal Feather"],"picked":"Philosopher\u0027s Stone"},{"not_picked":["Tiny House","Orrery"],"picked":"Runic Dome"}],"potions_floor_spawned":[1,12,21,24],"seed_played":"-595147296822277881","killed_by":"Flame Bruiser 1 Orb","ascension_level":8,"is_trial":false}