{"gold_per_floor":[213,213,225,239,258,258,80,113,184,184,184,196,208,227,227,306,306,326,340,340,340,87,87,142,142],"floor_reached":25,"playtime":724,"items_purged":["Strike_R"],"score":446,"play_id":"e3d67535-4ba6-4a1b-af41-09a970d658a1","local_time":"20190213044741","is_ascension_mode":true,"campfire_choices":[{"data":"Bash","floor":6,"key":"SMITH"},{"floor":11,"key":"REST"},{"data":"Whirlwind","floor":15,"key":"SMITH"},{"data":"Inflame","floor":23,"key":"SMITH"}],"neow_cost":"NONE","seed_source_timestamp":42270042308500,"circlet_count":0,"master_deck":["AscendersBane","Strike_R","Defend_R","Defend_R","Defend_R","Bash+1","Inflame","Twin Strike","Anger","Whirlwind+1","Fire Breathing+1","Shockwave+1","Burning Pact+1","Shrug It Off+1","Inflame+1"],"relics":["Burning Blood","Shovel","Meat on the Bone","Astrolabe","PreservedInsect","Tiny Chest"],"potions_floor_usage":[5,8,16,18,24,24],"damage_taken":[{"damage":14,"enemies":"Jaw Worm","floor":1,"turns":5},{"damage":18,"enemies":"Cultist","floor":3,"turns":5},{"damage":5,"enemies":"2 Louse","floor":4,"turns":4},{"damage":27,"enemies":"Exordium Thugs","floor":5,"turns":5},{"damage":20,"enemies":"Lagavulin","floor":8,"turns":5},{"damage":11,"enemies":"Blue Slaver","floor":12,"turns":4},{"damage":13,"enemies":"3 Louse","floor":13,"turns":3},{"damage":20,"enemies":"Red Slaver","floor":14,"turns":4},{"damage":45,"enemies":"Slime Boss","floor":16,"turns":9},{"damage":37,"enemies":"Spheric Guardian","floor":18,"turns":6},{"damage":18,"enemies":"3 Byrds","floor":19,"turns":4},{"damage":26,"enemies":"Slavers","floor":24,"turns":4},{"damage":31,"enemies":"Snecko","floor":25,"turns":5}],"seed_played":"9192339253757239690","potions_obtained":[{"floor":3,"key":"Energy Potion"},{"floor":5,"key":"Swift Potion"},{"floor":13,"key":"Ancient Potion"},{"floor":16,"key":"Block Potion"},{"floor":19,"key":"Fire Potion"}],"is_trial":false,"path_per_floor":["M","?","M","M","M","R","$","E","T","?","R","M","M","M","R","B",null,"M","M","$","?","$","R","E","M"],"character_chosen":"IRONCLAD","items_purchased":["Anger","FearPotion","Inflame","PreservedInsect"],"campfire_rested":1,"item_purchase_floors":[7,7,22,22],"current_hp_per_floor":[60,60,48,49,28,28,28,14,14,14,36,43,48,46,46,19,61,42,42,42,38,38,38,30,0],"gold":142,"neow_bonus":"HUNDRED_GOLD","is_prod":false,"is_daily":false,"chose_seed":false,"campfire_upgraded":3,"win_rate":0,"timestamp":1550026061,"path_taken":["M","?","M","?","?","R","$","E","T","?","R","M","M","?","R","BOSS","M","M","?","?","$","R","E","?"],"build_version":"2019-01-23","purchased_purges":1,"victory":false,"max_hp_per_floor":[75,75,75,75,75,75,75,75,75,75,75,75,75,75,75,75,75,75,75,75,75,75,75,75,75],"card_choices":[{"not_picked":["Sword Boomerang","Clash"],"picked":"Inflame","floor":1},{"not_picked":["True Grit","Pommel Strike","Armaments"],"picked":"SKIP","floor":3},{"not_picked":["Dark Embrace","Heavy Blade"],"picked":"Twin Strike","floor":4},{"not_picked":["Headbutt","Thunderclap","Shrug It Off"],"picked":"SKIP","floor":5},{"not_picked":["Berserk","Evolve","Infernal Blade"],"picked":"SKIP","floor":8},{"not_picked":["Heavy Blade","Warcry","Burning Pact"],"picked":"SKIP","floor":12},{"not_picked":["Wild Strike","Cleave","True Grit"],"picked":"SKIP","floor":13},{"not_picked":["Rampage","Dropkick","Wild Strike"],"picked":"SKIP","floor":14},{"not_picked":["Perfected Strike","Headbutt"],"picked":"Shrug It Off+1","floor":18},{"not_picked":["Shrug It Off","Headbutt+1","Iron Wave"],"picked":"SKIP","floor":19},{"not_picked":["Brutality","Clash","Iron Wave"],"picked":"SKIP","floor":24}],"player_experience":738694,"relics_obtained":[{"floor":8,"key":"Shovel"},{"floor":9,"key":"Meat on the Bone"},{"floor":24,"key":"Tiny Chest"}],"event_choices":[{"cards_removed":["Strike_R"],"damage_healed":0,"gold_gain":0,"player_choice":"Purged","damage_taken":0,"max_hp_gain":0,"max_hp_loss":0,"event_name":"Purifier","floor":2,"gold_loss":0},{"damage_healed":0,"gold_gain":0,"player_choice":"1 cards matched","damage_taken":0,"max_hp_gain":0,"max_hp_loss":0,"event_name":"Match and Keep!","floor":10,"gold_loss":0,"cards_obtained":["Whirlwind"]},{"damage_healed":0,"gold_gain":0,"player_choice":"Bought 0 Potions","damage_taken":0,"max_hp_gain":0,"max_hp_loss":0,"event_name":"The Woman in Blue","floor":21,"gold_loss":0}],"is_beta":false,"boss_relics":[{"not_picked":["Lizard Tail","Calling Bell"],"picked":"Astrolabe"}],"items_purged_floors":[7],"is_endless":false,"potions_floor_spawned":[3,5,13,16,19],"killed_by":"Snecko","ascension_level":20}