{"gold_per_floor":[110,28,28,28,46,46,71,71,94,126,126,141,176,191,191,264,264,276,291,306,306,319,380,160,160,183,183,197,223,243,259,259,333,333,348,348,67,85,101,136,136,170,196,196,196,196,210,227,227,227],"floor_reached":51,"playtime":2396,"items_purged":["Strike_R"],"score":1324,"play_id":"0f9be236-42d4-4997-8fe6-70b31b43feb2","local_time":"20190201060357","is_ascension_mode":true,"campfire_choices":[{"data":"Enlightenment","floor":6,"key":"SMITH"},{"data":"Seeing Red","floor":8,"key":"SMITH"},{"data":"Bash","floor":11,"key":"SMITH"},{"data":"Blood for Blood","floor":15,"key":"SMITH"},{"data":"Exhume","floor":25,"key":"SMITH"},{"data":"Flame Barrier","floor":27,"key":"SMITH"},{"data":"Demon Form","floor":32,"key":"SMITH"},{"data":"Corruption","floor":41,"key":"SMITH"},{"data":"Intimidate","floor":45,"key":"SMITH"},{"floor":49,"key":"REST"}],"neow_cost":"NONE","seed_source_timestamp":1862453579531888,"circlet_count":0,"master_deck":["AscendersBane","Strike_R+1","Defend_R+1","Defend_R+1","Defend_R+1","Defend_R+1","Bash+1","Enlightenment+1","Seeing Red+1","Blood for Blood+1","Reaper+1","Flame Barrier+1","Bludgeon+1","Reckless Charge+1","Feel No Pain+1","Exhume+1","Demon Form+1","Exhume+1","Corruption+1","Intimidate+1","Feel No Pain+1","Panacea+1","Burning Pact+1","Shockwave+1","Shockwave+1","True Grit+1"],"relics":["Burning Blood","NeowsBlessing","Dead Branch","Strawberry","Happy Flower","Ornamental Fan","Runic Pyramid","Tiny Chest","Anchor","Bag of Marbles","Empty Cage","PreservedInsect","Potion Belt","War Paint","Ancient Tea Set","Mark of the Bloom"],"potions_floor_usage":[10,10,16,20,23,30,30,38,40,48],"damage_taken":[{"damage":0,"enemies":"Jaw Worm","floor":1,"turns":1},{"damage":0,"enemies":"Cultist","floor":5,"turns":1},{"damage":0,"enemies":"Lagavulin","floor":7,"turns":1},{"damage":14,"enemies":"Gremlin Nob","floor":10,"turns":3},{"damage":6,"enemies":"2 Louse","floor":12,"turns":3},{"damage":20,"enemies":"Lagavulin","floor":13,"turns":6},{"damage":16,"enemies":"Lots of Slimes","floor":14,"turns":4},{"damage":46,"enemies":"The Guardian","floor":16,"turns":10},{"damage":8,"enemies":"3 Byrds","floor":18,"turns":5},{"damage":21,"enemies":"Chosen","floor":19,"turns":5},{"damage":5,"enemies":"Centurion and Healer","floor":20,"turns":4},{"damage":0,"enemies":"Cultist and Chosen","floor":22,"turns":6},{"damage":38,"enemies":"Gremlin Leader","floor":23,"turns":7},{"damage":6,"enemies":"Shelled Parasite and Fungi","floor":28,"turns":3},{"damage":0,"enemies":"3 Cultists","floor":30,"turns":2},{"damage":9,"enemies":"Snake Plant","floor":31,"turns":4},{"damage":56,"enemies":"Collector","floor":33,"turns":7},{"damage":18,"enemies":"3 Darklings","floor":35,"turns":5},{"damage":12,"enemies":"Orb Walker","floor":38,"turns":4},{"damage":4,"enemies":"3 Darklings","floor":39,"turns":4},{"damage":6,"enemies":"Nemesis","floor":40,"turns":7},{"damage":9,"enemies":"Reptomancer","floor":42,"turns":3},{"damage":4,"enemies":"Sphere and 2 Shapes","floor":47,"turns":5},{"damage":0,"enemies":"Spire Growth","floor":48,"turns":2},{"damage":42,"enemies":"Awakened One","floor":50,"turns":7}],"seed_played":"8230065895522326222","potions_obtained":[{"floor":5,"key":"SkillPotion"},{"floor":7,"key":"FearPotion"},{"floor":12,"key":"FearPotion"},{"floor":13,"key":"PowerPotion"},{"floor":20,"key":"LiquidBronze"},{"floor":22,"key":"SneckoOil"},{"floor":28,"key":"Swift Potion"},{"floor":30,"key":"GamblersBrew"},{"floor":33,"key":"Weak Potion"},{"floor":38,"key":"Swift Potion"},{"floor":42,"key":"Swift Potion"}],"is_trial":false,"path_per_floor":["M","$","?","$","M","R","E","R","T","E","R","M","E","M","R","B",null,"M","M","M","?","M","E","$","R","T","R","M","T","M","M","R","B",null,"M","?","$","M","M","E","R","E","T","?","R","?","M","M","R","B",null],"character_chosen":"IRONCLAD","items_purchased":["Enlightenment","Exhume","Intimidate","Feel No Pain","Panacea","Burning Pact"],"campfire_rested":1,"item_purchase_floors":[2,24,37,37,37,37],"current_hp_per_floor":[78,78,78,78,80,80,80,80,87,79,79,79,65,67,67,33,74,80,71,78,78,87,60,60,60,60,60,70,70,76,79,79,49,78,87,87,87,85,87,87,87,87,87,87,87,87,83,83,83,41],"gold":227,"neow_bonus":"THREE_ENEMY_KILL","is_prod":false,"is_daily":false,"chose_seed":false,"campfire_upgraded":9,"win_rate":0,"timestamp":1549001037,"path_taken":["M","$","?","$","?","R","E","R","T","E","R","M","E","M","R","BOSS","M","M","M","?","?","E","$","R","T","R","M","?","?","M","R","BOSS","M","?","$","M","?","E","R","E","T","?","R","?","?","M","R","BOSS"],"build_version":"2019-01-23","purchased_purges":1,"victory":true,"max_hp_per_floor":[80,80,80,80,80,80,80,80,87,87,87,87,87,87,87,87,87,87,87,87,87,87,87,87,87,87,87,87,87,87,87,87,87,87,87,87,87,87,87,87,87,87,87,87,87,87,87,87,87,87],"card_choices":[{"not_picked":["Headbutt","Entrench","Sentinel"],"picked":"SKIP","floor":1},{"not_picked":["Metallicize","Heavy Blade","Cleave"],"picked":"SKIP","floor":5},{"not_picked":["Clothesline","Anger"],"picked":"Seeing Red","floor":7},{"not_picked":["Clash","Heavy Blade"],"picked":"Blood for Blood","floor":10},{"not_picked":["Pommel Strike","Headbutt","Armaments"],"picked":"SKIP","floor":12},{"not_picked":["Fire Breathing","Impervious"],"picked":"Reaper","floor":13},{"not_picked":["Thunderclap","Iron Wave"],"picked":"Flame Barrier","floor":14},{"not_picked":["Dark Embrace","Offering"],"picked":"Bludgeon","floor":16},{"not_picked":["Anger","Thunderclap","Body Slam"],"picked":"SKIP","floor":18},{"not_picked":["Thunderclap","Twin Strike","Uppercut"],"picked":"SKIP","floor":19},{"not_picked":["Second Wind","Havoc+1"],"picked":"Reckless Charge","floor":20},{"not_picked":["Thunderclap","Heavy Blade","Iron Wave"],"picked":"SKIP","floor":22},{"not_picked":["Cleave","Warcry"],"picked":"Feel No Pain","floor":23},{"not_picked":["Sword Boomerang","Armaments","Body Slam"],"picked":"SKIP","floor":28},{"not_picked":["Searing Blow","Blood for Blood+1"],"picked":"Demon Form","floor":30},{"not_picked":["Perfected Strike","Cleave","Sword Boomerang"],"picked":"SKIP","floor":31},{"not_picked":["Impervious","Demon Form"],"picked":"Exhume","floor":33},{"not_picked":["Warcry","Armaments+1"],"picked":"Corruption","floor":35},{"not_picked":["Iron Wave","Corruption","Whirlwind"],"picked":"SKIP","floor":38},{"not_picked":["Carnage+1","Sever Soul"],"picked":"Shockwave","floor":39},{"not_picked":["Shrug It Off+1","Combust","Armaments+1"],"picked":"SKIP","floor":40},{"not_picked":["Blood for Blood","Bloodletting","Body Slam"],"picked":"SKIP","floor":42},{"not_picked":["True Grit","Warcry"],"picked":"Shockwave+1","floor":47},{"not_picked":["Uppercut","Pommel Strike"],"picked":"True Grit+1","floor":48}],"player_experience":542496,"relics_obtained":[{"floor":7,"key":"Dead Branch"},{"floor":9,"key":"Strawberry"},{"floor":10,"key":"Happy Flower"},{"floor":13,"key":"Ornamental Fan"},{"floor":23,"key":"Tiny Chest"},{"floor":26,"key":"Anchor"},{"floor":29,"key":"Bag of Marbles"},{"floor":40,"key":"Potion Belt"},{"floor":42,"key":"War Paint"},{"floor":43,"key":"Ancient Tea Set"}],"event_choices":[{"damage_healed":0,"gold_gain":0,"player_choice":"0 cards matched","damage_taken":0,"max_hp_gain":0,"max_hp_loss":0,"event_name":"Match and Keep!","floor":3,"gold_loss":0,"cards_obtained":[]},{"cards_removed":["Strike_R"],"damage_healed":0,"gold_gain":0,"player_choice":"Offered Basic","damage_taken":0,"max_hp_gain":0,"max_hp_loss":0,"event_name":"Bonfire Elementals","floor":21,"gold_loss":0},{"damage_healed":0,"gold_gain":0,"player_choice":"Gave Potion","damage_taken":0,"relics_obtained":["PreservedInsect"],"max_hp_gain":0,"max_hp_loss":0,"event_name":"WeMeetAgain","floor":36,"gold_loss":0},{"damage_healed":0,"gold_gain":0,"player_choice":"Ignored","damage_taken":0,"max_hp_gain":0,"max_hp_loss":0,"event_name":"Mysterious Sphere","floor":44,"gold_loss":0},{"damage_healed":0,"gold_gain":0,"player_choice":"Upgrade","damage_taken":0,"relics_obtained":["Mark of the Bloom"],"max_hp_gain":0,"max_hp_loss":0,"event_name":"MindBloom","floor":46,"gold_loss":0,"cards_upgraded":["Strike_R","Defend_R","Defend_R","Defend_R","Reaper","Bludgeon","Reckless Charge","Feel No Pain","Exhume","Feel No Pain","Burning Pact","Shockwave"]}],"is_beta":true,"boss_relics":[{"not_picked":["Tiny House","Fusion Hammer"],"picked":"Runic Pyramid"},{"not_picked":["Lizard Tail","Mark of Pain"],"picked":"Empty Cage"}],"items_purged_floors":[24],"is_endless":false,"potions_floor_spawned":[5,7,12,13,20,22,28,30,33,38,42],"ascension_level":13}