{"gold_per_floor":[366,385,264,283,82,82,100,132,213,237,137,171,171,191,191,296,296,307,34,60,60,76,76,95,95,95,95,95,110,110,127,127,228,228,248,98,98,116,116,116,148,166,166,166,166,184,184],"floor_reached":47,"playtime":1982,"items_purged":["Strike_B","Strike_B","Heatsinks","Buffer"],"score":563,"play_id":"bad1ef4e-91be-4b18-a32f-1b765c74ab46","local_time":"20190112230421","is_ascension_mode":false,"campfire_choices":[{"data":"Gash","floor":6.0,"key":"SMITH"},{"floor":15.0,"key":"REST"},{"floor":23,"key":"REST"},{"data":"Zap","floor":28,"key":"SMITH"},{"data":"Dualcast","floor":32,"key":"SMITH"},{"data":"Fusion","floor":40,"key":"SMITH"}],"neow_cost":"TEN_PERCENT_HP_LOSS","seed_source_timestamp":0,"circlet_count":0,"master_deck":["Zap+1","Dualcast+1","Gash+1","Reboot","Fusion+1","Glacier","FTL+1"],"special_seed":0,"relics":["Cracked Core","Medical Kit","Unceasing Top","Mercury Hourglass","Odd Mushroom","Pen Nib","Pandora\u0027s Box","DataDisk","Red Mask","Nunchaku","Matryoshka","Sozu","Symbiotic Virus","Pear","Shuriken"],"potions_floor_usage":[16,16,33,33],"damage_taken":[{"damage":1.0,"enemies":"Cultist","floor":1.0,"turns":4.0},{"damage":0.0,"enemies":"Small Slimes","floor":2.0,"turns":2.0},{"damage":1.0,"enemies":"Jaw Worm","floor":4.0,"turns":3.0},{"damage":16.0,"enemies":"Large Slime","floor":7.0,"turns":6.0},{"damage":14.0,"enemies":"Lagavulin","floor":8.0,"turns":8.0},{"damage":13.0,"enemies":"The Mushroom Lair","floor":10.0,"turns":3.0},{"damage":11.0,"enemies":"3 Sentries","floor":12.0,"turns":6.0},{"damage":7.0,"enemies":"Blue Slaver","floor":14.0,"turns":3.0},{"damage":23,"enemies":"The Guardian","floor":16,"turns":10},{"damage":0,"enemies":"Shell Parasite","floor":18,"turns":5},{"damage":30,"enemies":"Masked Bandits","floor":20,"turns":4},{"damage":6,"enemies":"Chosen","floor":22,"turns":3},{"damage":10,"enemies":"Centurion and Healer","floor":24,"turns":6},{"damage":0,"enemies":"Snecko","floor":29,"turns":5},{"damage":0,"enemies":"3 Cultists","floor":31,"turns":4},{"damage":0,"enemies":"Collector","floor":33,"turns":7},{"damage":0,"enemies":"3 Darklings","floor":35,"turns":3},{"damage":0,"enemies":"3 Shapes","floor":38,"turns":2},{"damage":0,"enemies":"Giant Head","floor":41,"turns":3},{"damage":0,"enemies":"Maw","floor":42,"turns":2},{"damage":0,"enemies":"Spire Growth","floor":46,"turns":2},{"damage":0,"enemies":"Writhing Mass","floor":47,"turns":1}],"seed_played":"-8990388659295565244","potions_obtained":[{"floor":4.0,"key":"SpeedPotion"},{"floor":7.0,"key":"EssenceOfSteel"},{"floor":12.0,"key":"Block Potion"},{"floor":14.0,"key":"Strength Potion"},{"floor":16,"key":"Dexterity Potion"},{"floor":20,"key":"FocusPotion"},{"floor":24,"key":"EssenceOfSteel"}],"is_trial":false,"path_per_floor":["M","M","$","M","$","R","M","E","T","?","$","E","?","M","R","B",null,"M","$","?","?","M","R","M","?","T","?","R","M","$","M","R","B",null,"M","$","?","M","$","R","E","M","T","?","?","M","M"],"character_chosen":"DEFECT","items_purchased":["Gash","Medical Kit","DataDisk"],"campfire_rested":2,"item_purchase_floors":[3,5,19],"current_hp_per_floor":[67,67,67,66,66,66,50,36,36,23,23,12,12,5,25,2,68,68,68,38,38,32,52,42,42,42,42,42,42,42,42,42,42,68,68,68,68,68,68,68,68,68,78,74,74,74,74],"gold":184,"neow_bonus":"TWO_FIFTY_GOLD","is_prod":false,"is_daily":false,"chose_seed":false,"campfire_upgraded":4,"win_rate":0,"timestamp":1547334261,"path_taken":["M","M","$","M","?","R","M","E","T","?","$","E","?","M","R","BOSS","M","$","?","?","M","R","M","?","T","?","R","M","$","M","R","BOSS","M","$","?","M","$","R","E","M","T","?","?","M","?"],"build_version":"2019-01-10","purchased_purges":4,"victory":false,"max_hp_per_floor":[68,68,68,68,68,68,68,68,68,68,68,68,68,68,68,68,68,68,68,68,68,68,68,68,68,68,68,68,68,68,68,68,68,68,68,68,68,68,68,68,68,68,78,74,74,74,74],"card_choices":[{"not_picked":["Go for the Eyes","Static Discharge","Melter"],"picked":"SKIP","floor":1.0},{"not_picked":["Stack","Force Field","Barrage"],"picked":"SKIP","floor":2.0},{"not_picked":["Barrage","Gash","Stack"],"picked":"SKIP","floor":4.0},{"not_picked":["Rip and Tear","Barrage","Chaos"],"picked":"SKIP","floor":7.0},{"not_picked":["Barrage","Steam Power","Compile Driver"],"picked":"SKIP","floor":8.0},{"not_picked":["BootSequence","Chaos"],"picked":"Streamline","floor":10.0},{"not_picked":["Hyperbeam","Doom and Gloom","Hologram"],"picked":"SKIP","floor":12.0},{"not_picked":["Ball Lightning","Cold Snap","Streamline"],"picked":"SKIP","floor":14.0},{"not_picked":["Cold Snap","Melter+1","Go for the Eyes+1"],"picked":"SKIP","floor":18},{"not_picked":["Rip and Tear","Leap"],"picked":"FTL+1","floor":22},{"not_picked":["Redo","FTL","Thunder Strike"],"picked":"SKIP","floor":24},{"not_picked":["Auto Shields","Conserve Battery","Rebound"],"picked":"SKIP","floor":29},{"not_picked":["Conserve Battery+1","Undo","BootSequence"],"picked":"SKIP","floor":31},{"not_picked":["Cold Snap+1","Chill+1","Ball Lightning+1"],"picked":"SKIP","floor":35},{"not_picked":["Cold Snap","Doom and Gloom","Stack"],"picked":"SKIP","floor":38},{"not_picked":["Ball Lightning+1","Cold Snap+1","Stack+1"],"picked":"SKIP","floor":41},{"not_picked":["Sweeping Beam+1","Ball Lightning+1","Static Discharge"],"picked":"SKIP","floor":42},{"not_picked":["Ball Lightning","Scrape+1","Leap+1"],"picked":"SKIP","floor":46}],"player_experience":409858,"relics_obtained":[{"floor":8.0,"key":"Unceasing Top"},{"floor":9.0,"key":"Mercury Hourglass"},{"floor":10.0,"key":"Odd Mushroom"},{"floor":12.0,"key":"Pen Nib"},{"floor":20,"key":"Red Mask"},{"floor":26,"key":"Matryoshka"},{"floor":41,"key":"Symbiotic Virus"},{"floor":43,"key":"Pear"},{"floor":43,"key":"Shuriken"}],"event_choices":[{"damage_healed":0.0,"max_hp_gain":0.0,"max_hp_loss":0.0,"gold_gain":0.0,"event_name":"Mushrooms","player_choice":"Fought Mushrooms","floor":10.0,"gold_loss":0.0,"damage_taken":0.0},{"damage_healed":0.0,"max_hp_gain":0.0,"max_hp_loss":0.0,"gold_gain":0.0,"event_name":"Scrap Ooze","player_choice":"Fled","floor":13.0,"gold_loss":0.0,"damage_taken":0.0},{"damage_healed":0,"gold_gain":0,"player_choice":"Fought Bandits","damage_taken":0,"max_hp_gain":0,"max_hp_loss":0,"event_name":"Masked Bandits","floor":20,"gold_loss":0},{"damage_healed":0,"gold_gain":0,"player_choice":"Opened","damage_taken":0,"relics_obtained":["Nunchaku"],"max_hp_gain":0,"max_hp_loss":0,"event_name":"The Mausoleum","floor":25,"gold_loss":0},{"cards_removed":["Compile Driver"],"damage_healed":0,"gold_gain":0,"player_choice":"Elegance","damage_taken":0,"max_hp_gain":0,"max_hp_loss":0,"event_name":"Back to Basics","floor":27,"gold_loss":0},{"cards_removed":["Streamline"],"damage_healed":0,"gold_gain":0,"player_choice":"Removed Attack","damage_taken":0,"max_hp_gain":0,"max_hp_loss":0,"event_name":"Falling","floor":37,"gold_loss":0},{"damage_healed":0,"gold_gain":0,"player_choice":"Max HP","damage_taken":0,"max_hp_gain":0,"max_hp_loss":4,"event_name":"Winding Halls","floor":44,"gold_loss":0},{"damage_healed":0,"gold_gain":0,"player_choice":"Got Potions","damage_taken":0,"max_hp_gain":0,"max_hp_loss":0,"event_name":"Lab","floor":45,"gold_loss":0}],"is_beta":true,"boss_relics":[{"not_picked":["Philosopher\u0027s Stone","Busted Crown"],"picked":"Pandora\u0027s Box"},{"not_picked":["Inserter","Eternal Feather"],"picked":"Sozu"}],"items_purged_floors":[3,11,19,36],"is_endless":false,"potions_floor_spawned":[4,7,12,14,16,20,24,35,41],"killed_by":"Writhing Mass","ascension_level":0}