{"gold_per_floor":[116,116,116,1,11,11,42,42,68,88,107,137,137,151,151,280,280,300,319,112,132,55,99,99,99,99,99,122,147,147,160,160,291,291,311,336,349,369,383,383],"floor_reached":40,"playtime":2132,"items_purged":[],"score":422,"play_id":"a5c30d8b-8e63-4d29-987a-e596f8526d1c","local_time":"20190203013106","is_ascension_mode":false,"campfire_choices":[{"data":"Whirlwind","floor":6,"key":"SMITH"},{"floor":8,"key":"REST"},{"data":"Injury","floor":15,"key":"PURGE"},{"floor":24,"key":"REST"},{"data":"Juggernaut","floor":27,"key":"SMITH"},{"floor":30,"key":"REST"},{"data":"Juggernaut","floor":32,"key":"SMITH"}],"neow_cost":"NONE","seed_source_timestamp":8076192364693,"circlet_count":0,"master_deck":["Strike_R","Strike_R","Strike_R","Strike_R","Strike_R","Defend_R","Defend_R","Defend_R","Defend_R","Bash","Impatience","Metallicize","Whirlwind+1","Blood for Blood","Armaments","Shrug It Off","Evolve","Blood for Blood","Immolate","Juggernaut+1","Battle Trance","Combust+1","Metallicize+1","Rage","Juggernaut+1","Barricade","True Grit+1","Thunderclap","Demon Form","Disarm+1","Shockwave"],"relics":["Burning Blood","Ginger","Potion Belt","Art of War","Peace Pipe","Golden Idol","Mark of Pain","ClockworkSouvenir","Blood Vial","Mercury Hourglass","Eternal Feather"],"potions_floor_usage":[16,16,16,37,37,39,40,40,40,40],"damage_taken":[{"damage":7,"enemies":"Small Slimes","floor":1,"turns":4},{"damage":8,"enemies":"Jaw Worm","floor":5,"turns":4},{"damage":22,"enemies":"3 Sentries","floor":7,"turns":7},{"damage":1,"enemies":"Cultist","floor":10,"turns":3},{"damage":0,"enemies":"Gremlin Gang","floor":11,"turns":2},{"damage":27,"enemies":"Lagavulin","floor":12,"turns":7},{"damage":9,"enemies":"3 Louse","floor":14,"turns":3},{"damage":28,"enemies":"Hexaghost","floor":16,"turns":8},{"damage":9,"enemies":"Shell Parasite","floor":18,"turns":5},{"damage":11,"enemies":"Spheric Guardian","floor":19,"turns":5},{"damage":13,"enemies":"3 Cultists","floor":21,"turns":4},{"damage":29,"enemies":"Slavers","floor":23,"turns":3},{"damage":17,"enemies":"Centurion and Healer","floor":28,"turns":6},{"damage":15,"enemies":"Snake Plant","floor":29,"turns":5},{"damage":2,"enemies":"Chosen and Byrds","floor":31,"turns":6},{"damage":18,"enemies":"Collector","floor":33,"turns":8},{"damage":30,"enemies":"3 Darklings","floor":35,"turns":5},{"damage":17,"enemies":"3 Shapes","floor":36,"turns":2},{"damage":21,"enemies":"Sphere and 2 Shapes","floor":37,"turns":4},{"damage":20,"enemies":"4 Shapes","floor":38,"turns":2},{"damage":15,"enemies":"Maw","floor":39,"turns":7},{"damage":37,"enemies":"Reptomancer","floor":40,"turns":4}],"seed_played":"280077556804622465","potions_obtained":[{"floor":5,"key":"LiquidBronze"},{"floor":7,"key":"BloodPotion"},{"floor":11,"key":"PowerPotion"},{"floor":12,"key":"Dexterity Potion"},{"floor":14,"key":"Block Potion"},{"floor":19,"key":"Energy Potion"},{"floor":21,"key":"Explosive Potion"},{"floor":29,"key":"GamblersBrew"},{"floor":37,"key":"Weak Potion"},{"floor":39,"key":"Regen Potion"}],"is_trial":false,"path_per_floor":["M","?","?","$","M","R","E","R","T","M","M","E","?","M","R","B",null,"M","M","$","M","$","E","R","?","T","R","M","M","R","M","R","B",null,"M","M","M","M","M","E"],"character_chosen":"IRONCLAD","items_purchased":["Metallicize","Whirlwind","ClockworkSouvenir","Rage"],"campfire_rested":3,"item_purchase_floors":[4,4,20,22],"current_hp_per_floor":[79,79,79,79,77,77,61,80,80,80,80,59,59,56,56,42,80,77,72,72,65,65,42,66,66,66,66,57,50,74,80,80,68,80,56,47,34,22,15,0],"gold":383,"neow_bonus":"RANDOM_COLORLESS","is_prod":false,"is_daily":false,"chose_seed":false,"campfire_upgraded":3,"win_rate":0.0,"timestamp":1549179066,"path_taken":["M","?","?","$","?","R","E","R","T","M","?","E","?","M","R","BOSS","M","M","$","M","$","E","R","?","T","R","M","?","R","M","R","BOSS","M","?","M","M","M","E"],"build_version":"2019-01-23","purchased_purges":0,"victory":false,"max_hp_per_floor":[80,80,80,80,80,80,80,80,80,80,80,80,80,80,80,80,80,80,80,80,80,80,80,80,80,80,80,80,80,80,80,80,80,80,80,80,80,80,80,80],"card_choices":[{"not_picked":["Perfected Strike","Corruption"],"picked":"Armaments","floor":1},{"not_picked":["Sword Boomerang","Bloodletting"],"picked":"Blood for Blood","floor":5},{"not_picked":["Thunderclap","Flex"],"picked":"Armaments","floor":7},{"not_picked":["Dropkick","Flex"],"picked":"Shrug It Off","floor":10},{"not_picked":["Clothesline","Pommel Strike"],"picked":"Evolve","floor":11},{"not_picked":["Warcry","Body Slam"],"picked":"Blood for Blood","floor":12},{"not_picked":["Cleave","Headbutt"],"picked":"Immolate","floor":14},{"not_picked":["Fiend Fire","Impervious"],"picked":"Juggernaut","floor":16},{"not_picked":["Twin Strike","Heavy Blade"],"picked":"Battle Trance","floor":18},{"not_picked":["Evolve","Iron Wave"],"picked":"Combust+1","floor":19},{"not_picked":["True Grit","Twin Strike+1"],"picked":"Metallicize+1","floor":21},{"not_picked":["Rage","Heavy Blade","Corruption"],"picked":"SKIP","floor":23},{"not_picked":["Sword Boomerang+1","Thunderclap"],"picked":"Barricade","floor":28},{"not_picked":["Combust","Clash"],"picked":"True Grit+1","floor":29},{"not_picked":["Combust","Heavy Blade"],"picked":"Thunderclap","floor":31},{"not_picked":["Offering","Exhume"],"picked":"Demon Form","floor":33},{"not_picked":["Heavy Blade+1","Body Slam"],"picked":"Disarm+1","floor":35},{"not_picked":["Carnage","Twin Strike"],"picked":"Shockwave","floor":36},{"not_picked":["Shrug It Off","Thunderclap","Clothesline"],"picked":"SKIP","floor":37},{"not_picked":["Warcry","Sword Boomerang+1","Anger+1"],"picked":"SKIP","floor":38},{"not_picked":["Sword Boomerang","Warcry","Flex"],"picked":"SKIP","floor":39}],"player_experience":79733,"relics_obtained":[{"floor":7,"key":"Potion Belt"},{"floor":9,"key":"Art of War"},{"floor":12,"key":"Peace Pipe"},{"floor":23,"key":"Blood Vial"},{"floor":26,"key":"Mercury Hourglass"}],"event_choices":[{"damage_healed":0,"gold_gain":0,"player_choice":"Ignored","damage_taken":0,"max_hp_gain":0,"max_hp_loss":0,"event_name":"Golden Wing","floor":2,"gold_loss":0},{"cards_removed":["Armaments"],"damage_healed":0,"gold_gain":0,"player_choice":"Gave Card","damage_taken":0,"relics_obtained":["Ginger"],"max_hp_gain":0,"max_hp_loss":0,"event_name":"WeMeetAgain","floor":3,"gold_loss":0},{"damage_healed":0,"gold_gain":0,"player_choice":"Take Wound","damage_taken":0,"relics_obtained":["Golden Idol"],"max_hp_gain":0,"max_hp_loss":0,"event_name":"Golden Idol","floor":13,"gold_loss":0,"cards_obtained":["Injury"]},{"damage_healed":0,"gold_gain":0,"player_choice":"Copied","damage_taken":0,"max_hp_gain":0,"max_hp_loss":0,"event_name":"Duplicator","floor":25,"gold_loss":0,"cards_obtained":["Juggernaut"]}],"is_beta":false,"boss_relics":[{"not_picked":["Calling Bell","White Beast Statue"],"picked":"Mark of Pain"},{"not_picked":["Snecko Eye","Orrery"],"picked":"Eternal Feather"}],"items_purged_floors":[],"is_endless":false,"potions_floor_spawned":[5,7,11,12,14,19,21,29,33,35,37,39],"killed_by":"Reptomancer","ascension_level":0}