{"gold_per_floor":[118,132,5,5,5,36,51,51,51,69,94,94,94,119,119,119],"floor_reached":16,"playtime":298,"items_purged":["Defend_R"],"score":286,"play_id":"17914845-b9a1-4c01-9bd2-fe436def3e04","local_time":"20190202224222","is_ascension_mode":true,"campfire_choices":[{"data":"Armaments","floor":8.0,"key":"SMITH"},{"data":"True Grit","floor":12.0,"key":"SMITH"},{"data":"Dual Wield","floor":15.0,"key":"SMITH"}],"neow_cost":"NONE","seed_source_timestamp":0,"circlet_count":0,"master_deck":["AscendersBane","Strike_R","Strike_R+1","Strike_R","Strike_R","Strike_R","Defend_R","Defend_R+1","Defend_R","Bash","Clash","Rage","Armaments+1","Sever Soul+1","Carnage+1","True Grit+1","Shrug It Off","Dual Wield+1"],"special_seed":0,"relics":["Burning Blood","NeowsBlessing","Molten Egg 2","Pear","Dream Catcher","Bag of Marbles","Bronze Scales"],"potions_floor_usage":[],"damage_taken":[{"damage":0.0,"enemies":"Cultist","floor":1.0,"turns":1.0},{"damage":0.0,"enemies":"Jaw Worm","floor":2.0,"turns":1.0},{"damage":0.0,"enemies":"Gremlin Nob","floor":6.0,"turns":1.0},{"damage":0.0,"enemies":"2 Louse","floor":7.0,"turns":2.0},{"damage":8.0,"enemies":"Red Slaver","floor":10.0,"turns":2.0},{"damage":20.0,"enemies":"Lagavulin","floor":11.0,"turns":5.0},{"damage":13.0,"enemies":"3 Sentries","floor":14.0,"turns":6.0},{"damage":14,"enemies":"Slime Boss","floor":16,"turns":6}],"seed_played":"-6051271600785362574","potions_obtained":[{"floor":2.0,"key":"GamblersBrew"},{"floor":10.0,"key":"BloodPotion"}],"is_trial":false,"path_per_floor":["M","M","$","?","?","E","M","R","T","M","E","R","?","E","R","B"],"character_chosen":"IRONCLAD","items_purchased":["Armaments"],"campfire_rested":0,"item_purchase_floors":[3],"current_hp_per_floor":[74,75,75,49,26,42,48,48,48,46,40,40,35,28,28,14],"gold":119,"neow_bonus":"THREE_ENEMY_KILL","is_prod":false,"is_daily":false,"chose_seed":false,"campfire_upgraded":3,"win_rate":0,"timestamp":1549176142,"path_taken":["M","M","$","?","?","E","M","R","T","?","E","R","?","E","R","BOSS"],"build_version":"2019-01-23","purchased_purges":1,"victory":false,"max_hp_per_floor":[75,75,75,75,75,85,85,85,85,85,85,85,85,85,85,85],"card_choices":[{"not_picked":["Twin Strike","Entrench"],"picked":"Clash","floor":1.0},{"not_picked":["Havoc","Hemokinesis"],"picked":"Rage","floor":2.0},{"not_picked":["Intimidate","Power Through"],"picked":"Sever Soul+1","floor":6.0},{"not_picked":["Armaments","Rage"],"picked":"Carnage+1","floor":7.0},{"not_picked":["Clothesline+1","Corruption"],"picked":"True Grit","floor":10.0},{"not_picked":["Twin Strike+1","Burning Pact"],"picked":"Shrug It Off","floor":11.0},{"not_picked":["Anger+1","Twin Strike+1"],"picked":"Dual Wield","floor":14.0}],"player_experience":1113268,"relics_obtained":[{"floor":6.0,"key":"Pear"},{"floor":9.0,"key":"Dream Catcher"},{"floor":11.0,"key":"Bag of Marbles"},{"floor":14.0,"key":"Bronze Scales"}],"event_choices":[{"damage_healed":0.0,"max_hp_gain":0.0,"max_hp_loss":0.0,"gold_gain":0.0,"event_name":"Scrap Ooze","player_choice":"Success","floor":4.0,"gold_loss":0.0,"damage_taken":26.0,"relics_obtained":["Molten Egg 2"]},{"damage_healed":0.0,"max_hp_gain":0.0,"max_hp_loss":0.0,"gold_gain":0.0,"event_name":"Shining Light","player_choice":"Entered Light","floor":5.0,"gold_loss":0.0,"damage_taken":23.0,"cards_upgraded":["Strike_R","Defend_R"]},{"damage_healed":0.0,"max_hp_gain":0.0,"max_hp_loss":0.0,"gold_gain":0.0,"event_name":"The Woman in Blue","player_choice":"Bought 0 Potions","floor":13.0,"gold_loss":0.0,"damage_taken":0.0}],"is_beta":true,"boss_relics":[],"items_purged_floors":[3],"is_endless":false,"potions_floor_spawned":[2,10],"killed_by":"Slime Boss","ascension_level":20}