{"path_per_floor":["M","?","?","T","$","R","M","E","T","$","R","M","M","M","R","B",null,"M","M","?","M","M","E","R","?","T","?","$","R","$","M","R"],"character_chosen":"DEFECT","items_purchased":["Deep Breath"],"gold_per_floor":[99,99,99,99,0,0,0,0,0,0,0,0,0,0,0,0,0,0,0,0,0,0,0,0,0,0,0,0,0,0,0,0,0],"floor_reached":33,"campfire_rested":3,"playtime":1844,"current_hp_per_floor":[68,68,57,57,57,57,57,30,30,30,52,52,51,51,51,7,58,57,57,57,53,38,38,60,44,44,44,44,66,66,65,65,0],"items_purged":[],"gold":0,"score":406,"play_id":"9589bf9d-b11d-41cf-9c46-e73a80544bd1","local_time":"20180513113916","is_prod":false,"is_daily":false,"chose_seed":false,"is_ascension_mode":true,"campfire_upgraded":3,"timestamp":1526236756,"path_taken":["M","?","?","?","$","R","M","E","T","?","R","M","M","?","R","BOSS","M","M","?","M","M","E","R","?","T","?","?","R","?","?","R","BOSS"],"build_version":"2018-05-12v2","seed_source_timestamp":92313828684562,"purchased_purges":0,"victory":false,"master_deck":["Strike_B","Strike_B","Strike_B","Defend_B","Defend_B","Zap","Deep Breath+1","Hologram","Go for the Eyes","Sweeping Beam","Rip and Tear","Reinforced Body+1","Reboot","Reinforced Body+1","Stack+1","Rebound+1","Sweeping Beam","Go for the Eyes+1","FTL+1","Jack Of All Trades+1"],"max_hp_per_floor":[75,75,75,75,75,75,75,75,75,75,75,75,75,75,75,75,75,75,75,75,75,75,75,75,75,75,75,75,75,75,75,75,75],"relics":["Ectoplasm","Centennial Puzzle","Question Card","Blue Candle","Astrolabe","Orichalcum"],"card_choices":[{"not_picked":["Blizzard","Cold Snap","Rebound"],"picked":"SKIP","floor":1},{"not_picked":["Stack","Beam Cell"],"picked":"Hologram","floor":7},{"not_picked":["Conserve Battery","Skim"],"picked":"Go for the Eyes","floor":8},{"not_picked":["Axe Kick","Skim","Ball Lightning"],"picked":"Sweeping Beam","floor":12},{"not_picked":["Glacier","Coolheaded","Capacitor"],"picked":"Rip and Tear","floor":13},{"not_picked":["Rebound","Scrape","Impulse"],"picked":"Reinforced Body","floor":14},{"not_picked":["Buffer","Thunder Strike","Fusion"],"picked":"Reboot","floor":16},{"not_picked":["Hologram+1","Coolheaded","Creative AI"],"picked":"Sweeping Beam","floor":18},{"not_picked":["Redo","Stack","Aggregate"],"picked":"Go for the Eyes+1","floor":19},{"not_picked":["Loop","Go for the Eyes+1","Reprogram+1"],"picked":"FTL+1","floor":21},{"not_picked":["Turbo","Doom and Gloom","Chill+1","Go for the Eyes"],"picked":"SKIP","floor":22},{"not_picked":["Beam Cell","Ball Lightning","Redo","Gash+1"],"picked":"SKIP","floor":31}],"player_experience":237736,"potions_floor_usage":[14,16,16,21,23],"damage_taken":[{"damage":0,"enemies":"Jaw Worm","floor":1,"turns":3},{"damage":0,"enemies":"Small Slimes","floor":7,"turns":4},{"damage":27,"enemies":"3 Sentries","floor":8,"turns":9},{"damage":0,"enemies":"2 Louse","floor":12,"turns":3},{"damage":1,"enemies":"Looter","floor":13,"turns":4},{"damage":0,"enemies":"Blue Slaver","floor":14,"turns":2},{"damage":44,"enemies":"Slime Boss","floor":16,"turns":8},{"damage":1,"enemies":"3 Byrds","floor":18,"turns":9},{"damage":0,"enemies":"Chosen","floor":19,"turns":5},{"damage":4,"enemies":"3 Cultists","floor":21,"turns":4},{"damage":15,"enemies":"Centurion and Healer","floor":22,"turns":7},{"damage":0,"enemies":"Book of Stabbing","floor":23,"turns":1},{"damage":1,"enemies":"Snecko","floor":31,"turns":7},{"damage":96,"enemies":"Automaton","floor":33,"turns":12}],"event_choices":[{"event_name":"Living Wall","player_choice":"Forget","floor":2,"damage_taken":0},{"event_name":"World of Goop","player_choice":"Gather Gold","floor":3,"damage_taken":0},{"event_name":"Drug Dealer","player_choice":"Ignored","floor":20,"damage_taken":0},{"event_name":"Knowing Skull","player_choice":"CARD ","floor":25,"damage_taken":0},{"event_name":"The Mausoleum","player_choice":"No","floor":27,"damage_taken":0}],"boss_relics":[{"not_picked":["Pandora\u0027s Box","Cursed Key"],"picked":"Astrolabe"}],"potions_floor_spawned":[1,13,14,19,22,23],"seed_played":"4010104872016642293","killed_by":"Automaton","ascension_level":8,"is_trial":false}