{"path_per_floor":["M","?","$","M","M","R","E","$","T","M","?","$","E","M","R","B",null,"M","?","M","?","?","R","E","R","T","R","E","M","?","E","R","B",null,"M","$","M","?","M","E","?","M","T","E","R","?","M","M","R","B"],"character_chosen":"THE_SILENT","items_purchased":["Recycle","Flying Knee","Conserve Battery"],"gold_per_floor":[114,114,11,26,41,41,71,71,71,86,86,11,41,56,56,156,156,171,151,166,166,166,166,196,196,221,221,251,266,266,296,296,396,396,411,262,277,277,292,322,322,337,337,367,367,367,382,397,397,397],"floor_reached":51,"campfire_rested":1,"playtime":2264,"item_purchase_floors":[3,3,36],"current_hp_per_floor":[70,56,56,56,56,56,32,32,45,39,45,45,30,30,56,60,95,81,81,70,70,70,78,76,84,90,100,78,78,78,63,73,16,107,106,106,108,108,108,93,93,88,94,93,105,125,106,104,118,94],"items_purged":["Normality","Normality"],"gold":397,"score":998,"play_id":"c29e02c1-1b33-48bb-b37f-fcc44ee1b929","local_time":"20180601155453","daily_mods":["Diverse","Cursed Run","Binary"],"is_prod":false,"is_daily":true,"chose_seed":false,"is_ascension_mode":false,"campfire_upgraded":1,"win_rate":0,"timestamp":1527864893,"campfire_choices":[{"data":"Recycle","floor":6,"key":"SMITH"},{"floor":15,"key":"REST"},{"floor":23,"key":"DIG"},{"floor":25,"key":"DIG"},{"floor":27,"key":"DIG"},{"floor":32,"key":"DIG"},{"floor":45,"key":"DIG"},{"floor":49,"key":"DIG"}],"path_taken":["M","?","$","M","M","R","E","$","T","M","?","$","E","M","R","BOSS","M","?","?","?","?","R","E","R","T","R","E","?","?","E","R","BOSS","M","?","?","?","M","E","?","M","T","E","R","?","?","M","R","BOSS"],"build_version":"2018-05-30v2","seed_source_timestamp":0,"purchased_purges":2,"victory":true,"master_deck":["Defend_G","Defend_G","Defend_G","Defend_G","Strike_G+1","Strike_G","Strike_G","Survivor","Neutralize+1","Skewer","Recycle+1","Flying Knee","Crippling Poison","Predator","Aggregate","Shrug It Off","Regret","Echo Form","Riddle With Holes","Clumsy","Adrenaline","Twin Strike+1","Infinite Blades","Clumsy","Heavy Blade","Hologram+1","Tools of the Trade","Crippling Poison+1","Conserve Battery","Transmutation","Inflame+1","Tactician","Limit Break","Decay","Writhe","Dash","Havoc+1","Decay"],"max_hp_per_floor":[70,70,70,70,70,70,70,70,83,83,89,89,89,89,89,95,95,95,95,95,95,95,95,95,95,101,101,101,101,101,101,101,107,107,107,107,109,109,109,111,111,111,117,119,119,125,125,125,125,131],"relics":["Cursed Key","Darkstone Periapt","Du-Vu Doll","Question Card","Strawberry","Torii","Shovel","Eternal Feather","Ancient Tea Set","Lantern","Oddly Smooth Stone","Orichalcum","Pen Nib","Thread and Needle","Singing Bowl","Snecko Eye","Anchor","Dream Catcher","Ornamental Fan","Boot"],"card_choices":[{"not_picked":["Blood for Blood"],"picked":"Skewer","floor":1},{"not_picked":["Havoc"],"picked":"Crippling Poison","floor":4},{"not_picked":["Go for the Eyes"],"picked":"Predator","floor":5},{"not_picked":["Skim"],"picked":"Aggregate","floor":7},{"not_picked":["Second Wind","Perfected Strike"],"picked":"Shrug It Off","floor":10},{"not_picked":["Poisoned Stab","Armaments"],"picked":"Echo Form","floor":13},{"not_picked":["Leg Sweep","Sucker Punch"],"picked":"Riddle With Holes","floor":14},{"not_picked":["Corpse Explosion","Unload"],"picked":"Adrenaline","floor":16},{"not_picked":["Anger","Accuracy"],"picked":"Twin Strike+1","floor":18},{"not_picked":["Second Wind+1","Conserve Battery"],"picked":"Infinite Blades","floor":20},{"not_picked":["Blood for Blood","Body Slam","Skewer"],"picked":"SKIP","floor":24},{"not_picked":["Warcry+1","Entrench"],"picked":"Heavy Blade","floor":28},{"not_picked":["Fiend Fire","Pommel Strike"],"picked":"Hologram","floor":29},{"not_picked":["Predator","Body Slam","Stack"],"picked":"SKIP","floor":31},{"not_picked":["Multi-Cast","Grand Finale"],"picked":"Tools of the Trade","floor":33},{"not_picked":["Deadly Poison+1","Clash+1"],"picked":"Crippling Poison+1","floor":35},{"not_picked":["Headbutt+1","Sucker Punch+1","Thunderclap+1"],"picked":"Singing Bowl","floor":37},{"not_picked":["Good Instincts","Finesse"],"picked":"Transmutation","floor":38},{"not_picked":["Leap+1","Armaments"],"picked":"Inflame+1","floor":39},{"not_picked":["Iron Wave+1","Headbutt+1","FTL+1"],"picked":"Singing Bowl","floor":40},{"not_picked":["Hologram+1","Blade Dance"],"picked":"Limit Break","floor":42},{"not_picked":["Tempest+1","Prepared","Ghostly Armor+1"],"picked":"Singing Bowl","floor":44},{"not_picked":["Prepared+1","Cloak And Dagger"],"picked":"Dash","floor":47},{"not_picked":["Conserve Battery","Ball Lightning"],"picked":"Havoc+1","floor":48}],"player_experience":229048,"potions_floor_usage":[7,13,20,24,28,28,29,35,50,50],"damage_taken":[{"damage":0,"enemies":"Jaw Worm","floor":1,"turns":4},{"damage":0,"enemies":"2 Louse","floor":4,"turns":2},{"damage":0,"enemies":"Small Slimes","floor":5,"turns":3},{"damage":24,"enemies":"Gremlin Nob","floor":7,"turns":4},{"damage":6,"enemies":"Exordium Thugs","floor":10,"turns":4},{"damage":15,"enemies":"Lagavulin","floor":13,"turns":6},{"damage":0,"enemies":"Looter","floor":14,"turns":2},{"damage":2,"enemies":"Slime Boss","floor":16,"turns":5},{"damage":14,"enemies":"Shell Parasite","floor":18,"turns":5},{"damage":11,"enemies":"2 Thieves","floor":20,"turns":4},{"damage":2,"enemies":"Book of Stabbing","floor":24,"turns":4},{"damage":22,"enemies":"Gremlin Leader","floor":28,"turns":7},{"damage":0,"enemies":"Sentry and Sphere","floor":29,"turns":3},{"damage":15,"enemies":"Book of Stabbing","floor":31,"turns":5},{"damage":63,"enemies":"Champ","floor":33,"turns":9},{"damage":1,"enemies":"3 Darklings","floor":35,"turns":4},{"damage":0,"enemies":"3 Shapes","floor":37,"turns":3},{"damage":0,"enemies":"Maw","floor":39,"turns":5},{"damage":17,"enemies":"Nemesis","floor":40,"turns":5},{"damage":5,"enemies":"Flame Bruiser 2 Orb","floor":42,"turns":4},{"damage":3,"enemies":"2 Orb Walkers","floor":44,"turns":3},{"damage":19,"enemies":"Spire Growth","floor":47,"turns":3},{"damage":2,"enemies":"Sphere and 2 Shapes","floor":48,"turns":3},{"damage":30,"enemies":"Donu and Deca","floor":50,"turns":7}],"relics_obtained":[{"floor":7,"key":"Question Card"},{"floor":9,"key":"Strawberry"},{"floor":13,"key":"Shovel"},{"floor":24,"key":"Ancient Tea Set"},{"floor":25,"key":"Lantern"},{"floor":26,"key":"Oddly Smooth Stone"},{"floor":27,"key":"Orichalcum"},{"floor":28,"key":"Pen Nib"},{"floor":31,"key":"Thread and Needle"},{"floor":32,"key":"Singing Bowl"},{"floor":40,"key":"Anchor"},{"floor":43,"key":"Dream Catcher"},{"floor":44,"key":"Ornamental Fan"},{"floor":49,"key":"Boot"}],"event_choices":[{"event_name":"Shining Light","player_choice":"Entered Light","floor":2,"damage_taken":0},{"event_name":"Big Fish","player_choice":"Box","floor":11,"damage_taken":0},{"event_name":"The Woman in Blue","player_choice":"Bought 1 Potion","floor":19,"damage_taken":0},{"event_name":"Bonfire Elementals","player_choice":"BASIC","floor":21,"damage_taken":0},{"event_name":"Back to Basics","player_choice":"Elegance","floor":22,"damage_taken":0},{"event_name":"Upgrade Shrine","player_choice":"Upgraded","floor":30,"damage_taken":0},{"event_name":"SensoryStone","player_choice":"Memory 1","floor":38,"damage_taken":0},{"event_name":"Transmorgrifier","player_choice":"Transform","floor":41,"damage_taken":0},{"event_name":"Winding Halls","player_choice":"Writhe","floor":46,"damage_taken":0}],"boss_relics":[{"not_picked":["Lizard Tail","Philosopher\u0027s Stone"],"picked":"Eternal Feather"},{"not_picked":["Runic Dome","Astrolabe"],"picked":"Snecko Eye"}],"items_purged_floors":[12,36],"potions_floor_spawned":[1,4,7,13,20,24,33,40,42,48],"seed_played":"-2361439941801122152","ascension_level":0,"potions_obtained":[{"floor":1,"key":"Weak Potion"},{"floor":4,"key":"Dexterity Potion"},{"floor":7,"key":"Dexterity Potion"},{"floor":13,"key":"SpeedPotion"},{"floor":19,"key":"Energy Potion"},{"floor":20,"key":"SpeedPotion"},{"floor":24,"key":"GamblersBrew"},{"floor":33,"key":"Swift Potion"},{"floor":40,"key":"GhostInAJar"},{"floor":42,"key":"SkillPotion"},{"floor":48,"key":"SmokeBomb"}],"is_trial":false}