{"path_per_floor":["M","M","?","?","M","M","M","R","T","$","M","M","M"],"character_chosen":"DEFECT","items_purchased":["Hyperbeam"],"gold_per_floor":[114,128,128,203,217,235,253,253,253,105,123,134,145,145],"floor_reached":14,"campfire_rested":0,"playtime":226,"current_hp_per_floor":[74,73,66,55,55,50,48,48,48,48,31,23,23,0],"items_purged":[],"gold":145,"score":86,"play_id":"da45c42b-80e3-4adf-a9c8-86a3beb45d3b","local_time":"20180514223255","is_prod":false,"is_daily":false,"chose_seed":false,"is_ascension_mode":false,"campfire_upgraded":1,"timestamp":1526362375,"path_taken":["M","M","?","?","?","M","M","R","T","$","?","M","M","E"],"build_version":"2018-05-12v2","seed_source_timestamp":14124405250332,"purchased_purges":0,"victory":false,"master_deck":["Strike_B","Strike_B","Strike_B","Strike_B","Defend_B","Defend_B","Defend_B","Zap+1","Dualcast","Hyperbeam","Seek+1","Auto Shields+1"],"max_hp_per_floor":[75,75,75,75,75,75,75,75,75,75,75,75,75,75],"relics":["Cracked Core","Toxic Egg 2"],"card_choices":[{"not_picked":["Stack","Chaos","Barrage"],"picked":"SKIP","floor":1},{"not_picked":["Coolheaded","Recycle","Cold Snap"],"picked":"SKIP","floor":2},{"not_picked":["Undo","Chaos","Hello World"],"picked":"SKIP","floor":5},{"not_picked":["Stack","Recycle","Rebound"],"picked":"SKIP","floor":6},{"not_picked":["Chill","Streamline","Barrage"],"picked":"SKIP","floor":7},{"not_picked":["Lockon","Redo+1","Barrage"],"picked":"SKIP","floor":11},{"not_picked":["Coolheaded+1","Stack+1"],"picked":"Seek+1","floor":12},{"not_picked":["Sunder","Steam+1"],"picked":"Auto Shields+1","floor":13}],"player_experience":246551,"potions_floor_usage":[12,12,14],"damage_taken":[{"damage":1,"enemies":"Small Slimes","floor":1,"turns":3},{"damage":1,"enemies":"Jaw Worm","floor":2,"turns":3},{"damage":0,"enemies":"2 Louse","floor":5,"turns":2},{"damage":5,"enemies":"Looter","floor":6,"turns":3},{"damage":2,"enemies":"Blue Slaver","floor":7,"turns":3},{"damage":17,"enemies":"Exordium Thugs","floor":11,"turns":3},{"damage":8,"enemies":"Lots of Slimes","floor":12,"turns":2},{"damage":0,"enemies":"Large Slime","floor":13,"turns":4},{"damage":24,"enemies":"Gremlin Nob","floor":14,"turns":3}],"event_choices":[{"event_name":"Golden Wing","player_choice":"Card Removal","floor":3,"damage_taken":0},{"event_name":"World of Goop","player_choice":"Gather Gold","floor":4,"damage_taken":0}],"boss_relics":[],"potions_floor_spawned":[2,11,12,13],"seed_played":"-2277308546711713606","killed_by":"Gremlin Nob","ascension_level":0,"is_trial":false}