{"path_per_floor":["M","$","M","?","$","E","M","R","T","M","R","?","M","M","R","B",null,"M","?","M","?","?"],"character_chosen":"DEFECT","items_purchased":["Coolheaded","Sunder"],"gold_per_floor":[114,31,51,51,51,77,87,87,87,106,106,135,153,170,170,273,273,290,290,307,307,307,307],"floor_reached":23,"campfire_rested":1,"playtime":945,"current_hp_per_floor":[69,69,67,75,75,56,56,56,56,55,55,44,44,39,61,33,75,74,74,21,21,46,6],"items_purged":[],"gold":307,"score":191,"play_id":"da06934f-b913-420f-b9c8-34f37f9eec94","local_time":"20180504225031","is_prod":false,"is_daily":false,"chose_seed":false,"is_ascension_mode":false,"campfire_upgraded":1,"timestamp":1525499431,"path_taken":["M","$","M","?","$","E","M","R","T","M","R","?","M","?","R","BOSS","M","?","M","?","?","E"],"build_version":"2018-05-03","seed_source_timestamp":1485721254060887,"purchased_purges":0,"victory":false,"master_deck":["Strike_B","Strike_B","Strike_B","Defend_B","Defend_B","Defend_B","Defend_B","Zap","Dualcast","Defragment+1","Coolheaded","Sunder","Fission"],"max_hp_per_floor":[75,75,75,75,75,75,75,75,75,75,75,75,75,75,75,75,75,75,75,75,75,75,75],"relics":["Cracked Core","Unceasing Top","Peace Pipe","Odd Mushroom","Runic Pyramid"],"card_choices":[{"not_picked":["Capacitor","Stack"],"picked":"Defragment","floor":1},{"not_picked":["Prime","Hyperbeam"],"picked":"Fission","floor":16}],"player_experience":159321,"potions_floor_usage":[16,16,18],"damage_taken":[{"damage":6,"enemies":"Jaw Worm","floor":1,"turns":3},{"damage":2,"enemies":"Small Slimes","floor":3,"turns":3},{"damage":19,"enemies":"3 Sentries","floor":6,"turns":7},{"damage":0,"enemies":"Cultist","floor":7,"turns":3},{"damage":1,"enemies":"Red Slaver","floor":10,"turns":3},{"damage":11,"enemies":"The Mushroom Lair","floor":12,"turns":4},{"damage":0,"enemies":"2 Fungi Beasts","floor":13,"turns":3},{"damage":5,"enemies":"3 Louse","floor":14,"turns":3},{"damage":43,"enemies":"Hexaghost","floor":16,"turns":12},{"damage":1,"enemies":"Chosen","floor":18,"turns":5},{"damage":53,"enemies":"3 Byrds","floor":20,"turns":8},{"damage":40,"enemies":"Book of Stabbing","floor":23,"turns":5}],"event_choices":[{"event_name":"Big Fish","player_choice":"Banana","floor":4,"damage_taken":0},{"event_name":"Mushrooms","player_choice":"Fought Mushrooms","floor":12,"damage_taken":0},{"event_name":"Ghosts","player_choice":"Ignored","floor":19,"damage_taken":0},{"event_name":"The Mausoleum","player_choice":"No","floor":21,"damage_taken":0},{"event_name":"The Library","player_choice":"Heal","floor":22,"damage_taken":0}],"boss_relics":[{"not_picked":["Calling Bell","Snecko Eye"],"picked":"Runic Pyramid"}],"potions_floor_spawned":[1,6,14,16],"seed_played":"-6385018061784949767","killed_by":"Book of Stabbing","ascension_level":0,"is_trial":false}