{"gold_per_floor":[12,12,12,22,22,54,54,89,113,113,131,146,1,1,1,127,127,141,160,23,38,53,53,53,53],"floor_reached":25,"playtime":961,"items_purged":["Sweeping Beam","Scrape+1"],"score":365,"play_id":"6ab5f06b-94c5-49b8-811f-94a93e73cf9c","local_time":"20190125230956","is_ascension_mode":true,"campfire_choices":[{"data":"Electrodynamics","floor":7,"key":"SMITH"},{"data":"Redo","floor":10,"key":"SMITH"},{"data":"Hologram","floor":15,"key":"SMITH"},{"floor":23,"key":"REST"}],"neow_cost":"NO_GOLD","seed_source_timestamp":1320653890887042,"circlet_count":0,"master_deck":["Strike_B+1","Strike_B+1","Defend_B","Defend_B","Defend_B","Zap","Dualcast","Electrodynamics+1","Consume+1","Chill","Redo+1","Go for the Eyes","Hologram+1","Self Repair","Compile Driver+1","White Noise+1","Static Discharge+1","Fusion","Seek"],"relics":["Cracked Core","Art of War","Prayer Wheel","Whetstone","Bloody Idol","Astrolabe"],"potions_floor_usage":[6,6,8,18,25,25],"damage_taken":[{"damage":0,"enemies":"2 Louse","floor":1,"turns":1},{"damage":2,"enemies":"Jaw Worm","floor":4,"turns":4},{"damage":5,"enemies":"3 Sentries","floor":6,"turns":2},{"damage":15,"enemies":"Lagavulin","floor":8,"turns":6},{"damage":0,"enemies":"Cultist","floor":11,"turns":2},{"damage":0,"enemies":"Exordium Thugs","floor":12,"turns":3},{"damage":0,"enemies":"Slime Boss","floor":16,"turns":6},{"damage":17,"enemies":"2 Thieves","floor":18,"turns":4},{"damage":13,"enemies":"Shell Parasite","floor":19,"turns":5},{"damage":26,"enemies":"Snecko","floor":21,"turns":4},{"damage":23,"enemies":"Sentry and Sphere","floor":22,"turns":3},{"damage":36,"enemies":"Book of Stabbing","floor":25,"turns":3}],"seed_played":"-3928288788658277449","potions_obtained":[{"floor":1,"key":"EntropicBrew"},{"floor":8,"key":"Regen Potion"},{"floor":22,"key":"Ancient Potion"}],"is_trial":false,"path_per_floor":["M","?","?","M","?","E","R","E","T","R","M","M","$","?","R","B",null,"M","M","$","M","M","R","?","E"],"character_chosen":"DEFECT","items_purchased":["Self Repair","Fusion"],"campfire_rested":1,"item_purchase_floors":[13,20],"current_hp_per_floor":[68,53,75,73,73,68,68,53,53,53,53,53,53,53,53,60,67,59,53,53,27,4,24,24,0],"gold":53,"neow_bonus":"THREE_RARE_CARDS","is_prod":false,"is_daily":false,"chose_seed":false,"campfire_upgraded":3,"win_rate":0,"timestamp":1548457796,"path_taken":["M","?","?","M","?","E","R","E","T","R","M","?","$","?","R","BOSS","M","M","$","M","M","R","?","E"],"build_version":"2019-01-23","purchased_purges":2,"victory":false,"max_hp_per_floor":[75,75,75,75,75,75,75,75,75,75,75,75,75,69,69,69,69,69,69,69,69,69,69,69,69],"card_choices":[{"not_picked":["Meteor Strike","Buffer"],"picked":"Electrodynamics","floor":0},{"not_picked":["Gash","Turbo"],"picked":"Consume","floor":1},{"not_picked":["Cold Snap","Storm"],"picked":"Chill","floor":4},{"not_picked":["Leap","Steam"],"picked":"Barrage","floor":6},{"not_picked":["Electrodynamics","Rainbow"],"picked":"Redo","floor":8},{"not_picked":["Leap","Tempest"],"picked":"Go for the Eyes","floor":11},{"not_picked":["Scrape","Redo"],"picked":"Hologram","floor":11},{"not_picked":["Darkness","Glacier"],"picked":"Sweeping Beam","floor":12},{"not_picked":["Recycle","Streamline","Redo"],"picked":"SKIP","floor":12},{"not_picked":["Self Repair+1","Stack","Beam Cell"],"picked":"SKIP","floor":18},{"not_picked":["Steam","Sweeping Beam+1","Fusion"],"picked":"SKIP","floor":18},{"not_picked":["Rebound","Beam Cell+1"],"picked":"Static Discharge+1","floor":19},{"not_picked":["Heatsinks","Turbo","Doom and Gloom+1"],"picked":"SKIP","floor":19},{"not_picked":["Coolheaded","Storm"],"picked":"Seek","floor":21},{"not_picked":["Sweeping Beam+1","Cold Snap","Gash+1"],"picked":"SKIP","floor":21},{"not_picked":["Genetic Algorithm","Barrage","Ball Lightning"],"picked":"SKIP","floor":22},{"not_picked":["Electrodynamics","Ball Lightning+1","Sweeping Beam+1"],"picked":"SKIP","floor":22}],"player_experience":478595,"relics_obtained":[{"floor":6,"key":"Art of War"},{"floor":8,"key":"Prayer Wheel"},{"floor":9,"key":"Whetstone"}],"event_choices":[{"damage_healed":0,"gold_gain":0,"player_choice":"Entered Light","damage_taken":15,"max_hp_gain":0,"max_hp_loss":0,"event_name":"Shining Light","floor":2,"gold_loss":0,"cards_upgraded":["Consume","Strike_B"]},{"damage_healed":25,"gold_gain":0,"player_choice":"Banana","damage_taken":0,"max_hp_gain":0,"max_hp_loss":0,"event_name":"Big Fish","floor":3,"gold_loss":0},{"cards_removed":["Strike_B"],"damage_healed":0,"gold_gain":0,"player_choice":"Purged","damage_taken":0,"max_hp_gain":0,"max_hp_loss":0,"event_name":"Purifier","floor":5,"gold_loss":0},{"damage_healed":0,"gold_gain":0,"player_choice":"Lose Max HP","damage_taken":0,"relics_obtained":["Golden Idol"],"max_hp_gain":0,"max_hp_loss":6,"event_name":"Golden Idol","floor":14,"gold_loss":0},{"damage_healed":0,"gold_gain":0,"player_choice":"Gave Idol","damage_taken":0,"relics_obtained":["Bloody Idol"],"max_hp_gain":0,"max_hp_loss":0,"event_name":"Forgotten Altar","floor":24,"relics_lost":["Golden Idol"],"gold_loss":0}],"is_beta":true,"boss_relics":[{"not_picked":["Velvet Choker","Nuclear Battery"],"picked":"Astrolabe"}],"items_purged_floors":[13,20],"is_endless":false,"potions_floor_spawned":[1,8,22],"killed_by":"Book of Stabbing","ascension_level":8}