{"gold_per_floor":[111,123,123,123,136,163,174,202,226,226,243,243,243,291,291,394,444,464,476,476,161,178,178,188,13,13,13],"floor_reached":27,"playtime":1815,"items_purged":[],"score":223,"play_id":"2932faca-2ebc-4a5d-93b4-af89f5c34981","local_time":"20190129193114","is_ascension_mode":false,"campfire_choices":[{"floor":10,"key":"REST"},{"floor":12,"key":"REST"},{"floor":15,"key":"REST"},{"floor":23,"key":"REST"}],"neow_cost":"NONE","seed_source_timestamp":73157499965344,"circlet_count":0,"master_deck":["Defend_G","Defend_G","Defend_G","Defend_G","Defend_G","Strike_G","Strike_G","Strike_G","Survivor","Neutralize","Deflect","Infinite Blades","Choke","Blade Dance+1","Infinite Blades","Sucker Punch+1","Backflip","Dagger Throw+1","Phantasmal Killer","Dash","PiercingWail+1","Outmaneuver","Flash of Steel","Caltrops","Underhanded Strike","Dagger Spray","Accuracy","Good Instincts"],"relics":["Ring of the Snake","Blood Vial","Bag of Marbles","Smiling Mask","Potion Belt","Tiny House","Omamori","Molten Egg 2"],"potions_floor_usage":[11,16,27,27],"damage_taken":[{"damage":0,"enemies":"Small Slimes","floor":1,"turns":6},{"damage":2,"enemies":"2 Louse","floor":2,"turns":3},{"damage":0,"enemies":"Cultist","floor":5,"turns":3},{"damage":21,"enemies":"Gremlin Nob","floor":6,"turns":4},{"damage":7,"enemies":"Blue Slaver","floor":7,"turns":4},{"damage":21,"enemies":"Lagavulin","floor":8,"turns":7},{"damage":18,"enemies":"Gremlin Gang","floor":11,"turns":5},{"damage":30,"enemies":"Hexaghost","floor":16,"turns":9},{"damage":39,"enemies":"3 Byrds","floor":18,"turns":6},{"damage":6,"enemies":"Chosen","floor":19,"turns":4},{"damage":4,"enemies":"Snecko","floor":22,"turns":5},{"damage":17,"enemies":"Snake Plant","floor":24,"turns":5},{"damage":51,"enemies":"Slavers","floor":27,"turns":5}],"seed_played":"-8368537794312318243","potions_obtained":[{"floor":1,"key":"Weak Potion"},{"floor":5,"key":"Explosive Potion"},{"floor":7,"key":"AttackPotion"},{"floor":16,"key":"Ancient Potion"},{"floor":17,"key":"Regen Potion"},{"floor":18,"key":"EntropicBrew"},{"floor":24,"key":"EssenceOfSteel"}],"is_trial":false,"path_per_floor":["M","M","?","?","M","E","M","E","T","R","M","R","?","T","R","B",null,"M","M","?","$","M","R","M","$","T","E"],"character_chosen":"THE_SILENT","items_purchased":["Flash of Steel","Caltrops","Omamori","Accuracy","Good Instincts"],"campfire_rested":4,"item_purchase_floors":[21,21,21,25,25],"current_hp_per_floor":[70,68,73,73,73,52,47,28,28,50,34,56,41,41,63,35,80,41,37,37,37,35,59,44,44,44,0],"gold":13,"neow_bonus":"TRANSFORM_CARD","is_prod":false,"is_daily":false,"chose_seed":false,"campfire_upgraded":0,"win_rate":0.0,"timestamp":1548811874,"path_taken":["M","M","?","?","M","E","M","E","T","R","M","R","?","?","R","BOSS","M","M","?","$","M","R","M","$","T","E"],"build_version":"2019-01-23","purchased_purges":0,"victory":false,"max_hp_per_floor":[70,70,75,75,75,75,75,75,75,75,75,75,75,75,75,75,80,80,80,80,80,80,80,80,80,80,80],"card_choices":[{"not_picked":["Accuracy","Blade Dance"],"picked":"Infinite Blades","floor":1},{"not_picked":["Distraction","Flying Knee"],"picked":"Choke","floor":2},{"not_picked":["Underhanded Strike","Well Laid Plans"],"picked":"Blade Dance","floor":5},{"not_picked":["Noxious Fumes","Underhanded Strike"],"picked":"Infinite Blades","floor":6},{"not_picked":["Blade Dance","Heel Hook"],"picked":"Sucker Punch","floor":7},{"not_picked":["Deflect","Bouncing Flask"],"picked":"Backflip","floor":8},{"not_picked":["Eviscerate","Calculated Gamble"],"picked":"Dagger Throw","floor":11},{"not_picked":["Storm of Steel","Burst"],"picked":"Phantasmal Killer","floor":16},{"not_picked":["Slice","Footwork"],"picked":"Dash","floor":17},{"not_picked":["Crippling Poison","Skewer"],"picked":"PiercingWail+1","floor":18},{"not_picked":["Acrobatics","Dagger Spray"],"picked":"Outmaneuver","floor":19},{"not_picked":["Bouncing Flask","Poisoned Stab"],"picked":"Underhanded Strike","floor":22},{"not_picked":["Backflip","Riddle With Holes"],"picked":"Dagger Spray","floor":24}],"player_experience":52893,"relics_obtained":[{"floor":6,"key":"Blood Vial"},{"floor":8,"key":"Bag of Marbles"},{"floor":9,"key":"Smiling Mask"},{"floor":14,"key":"Potion Belt"},{"floor":26,"key":"Molten Egg 2"}],"event_choices":[{"damage_healed":0,"gold_gain":0,"player_choice":"Donut","damage_taken":0,"max_hp_gain":5,"max_hp_loss":0,"event_name":"Big Fish","floor":3,"gold_loss":0},{"damage_healed":0,"gold_gain":0,"player_choice":"Ignored","damage_taken":0,"max_hp_gain":0,"max_hp_loss":0,"event_name":"Liars Game","floor":4,"gold_loss":0},{"damage_healed":0,"gold_gain":0,"player_choice":"Entered Light","damage_taken":15,"max_hp_gain":0,"max_hp_loss":0,"event_name":"Shining Light","floor":13,"gold_loss":0,"cards_upgraded":["Sucker Punch","Blade Dance"]},{"cards_removed":["Strike_G"],"damage_healed":0,"gold_gain":0,"player_choice":"Purged","damage_taken":0,"max_hp_gain":0,"max_hp_loss":0,"event_name":"Purifier","floor":20,"gold_loss":0}],"is_beta":false,"boss_relics":[{"not_picked":["Velvet Choker","Pandora\u0027s Box"],"picked":"Tiny House"}],"items_purged_floors":[],"is_endless":false,"potions_floor_spawned":[1,5,7,16,18,24],"killed_by":"Slavers","ascension_level":0}