{"gold_per_floor":[140,140,152,152,169,197,222,222,222,241,42,71,88,102,102,203,203,217,217,167,185,100,100,50,81,153,153],"floor_reached":27,"playtime":1101,"items_purged":["Strike_R","Strike_R"],"score":325,"play_id":"aef0065b-6b2d-47fe-900f-35c52924f2a7","local_time":"20190116041608","is_ascension_mode":true,"campfire_choices":[{"data":"Discovery","floor":15,"key":"SMITH"},{"data":"Feel No Pain","floor":23,"key":"SMITH"}],"neow_cost":"NONE","seed_source_timestamp":474909580176820,"circlet_count":0,"master_deck":["Strike_R+1","Strike_R+1","Defend_R","Defend_R","Defend_R+1","Defend_R","Bash","Cleave+1","Headbutt","Flex","Limit Break","Fire Breathing","Battle Trance","Feel No Pain+1","Discovery+1"],"relics":["Burning Blood","Tiny Chest","Matryoshka","Whetstone","Oddly Smooth Stone","Orichalcum","Smiling Mask","Dead Branch","PrismaticShard","Meat on the Bone","Sozu","Blue Candle","Du-Vu Doll","Bottled Lightning"],"potions_floor_usage":[6,12,16,16,18],"damage_taken":[{"damage":8,"enemies":"Cultist","floor":1,"turns":6},{"damage":2,"enemies":"Jaw Worm","floor":3,"turns":4},{"damage":5,"enemies":"2 Louse","floor":5,"turns":3},{"damage":8,"enemies":"Gremlin Nob","floor":6,"turns":3},{"damage":14,"enemies":"Gremlin Gang","floor":10,"turns":3},{"damage":13,"enemies":"Lagavulin","floor":12,"turns":5},{"damage":0,"enemies":"2 Fungi Beasts","floor":13,"turns":4},{"damage":13,"enemies":"Looter","floor":14,"turns":3},{"damage":19,"enemies":"The Guardian","floor":16,"turns":9},{"damage":7,"enemies":"3 Byrds","floor":18,"turns":5},{"damage":13,"enemies":"Chosen","floor":21,"turns":6},{"damage":42,"enemies":"Book of Stabbing","floor":25,"turns":5},{"damage":27,"enemies":"3 Cultists","floor":27,"turns":4}],"seed_played":"-8705684738568210037","potions_obtained":[{"floor":3,"key":"LiquidBronze"},{"floor":5,"key":"AttackPotion"},{"floor":10,"key":"Block Potion"},{"floor":12,"key":"AttackPotion"},{"floor":16,"key":"Energy Potion"}],"is_trial":false,"path_per_floor":["M","T","M","?","M","E","T","?","T","M","$","E","M","M","R","B",null,"M","?","$","M","?","R","$","E","T","M"],"character_chosen":"IRONCLAD","items_purchased":["PrismaticShard"],"campfire_rested":0,"item_purchase_floors":[11],"current_hp_per_floor":[70,70,74,58,59,57,57,57,57,49,49,42,48,53,53,52,73,72,56,56,49,49,49,49,25,25,0],"gold":153,"neow_bonus":"RANDOM_COMMON_RELIC","is_prod":false,"is_daily":false,"chose_seed":false,"campfire_upgraded":2,"win_rate":0,"timestamp":1547612168,"path_taken":["M","?","M","?","M","E","?","?","T","?","$","E","M","M","R","BOSS","M","?","$","M","?","R","$","E","T","M"],"build_version":"2019-01-14v2","purchased_purges":2,"victory":false,"max_hp_per_floor":[80,80,80,80,80,80,80,80,80,80,80,80,80,80,80,80,80,80,80,80,80,80,80,80,80,80,80],"card_choices":[{"not_picked":["Sword Boomerang","Rupture"],"picked":"Cleave","floor":1},{"not_picked":["Ghostly Armor","Shrug It Off"],"picked":"Headbutt","floor":3},{"not_picked":["Clash","Searing Blow"],"picked":"Flex","floor":5},{"not_picked":["Dropkick","Wild Strike"],"picked":"Limit Break","floor":6},{"not_picked":["Cleave","Armaments"],"picked":"Battle Trance","floor":10},{"not_picked":["Slice","Dagger Throw","Clash"],"picked":"SKIP","floor":12},{"not_picked":["Scrape","Sucker Punch"],"picked":"Feel No Pain","floor":13},{"not_picked":["Havoc","Poisoned Stab"],"picked":"Discovery","floor":14},{"not_picked":["Acrobatics+1","Force Field","PiercingWail"],"picked":"SKIP","floor":18},{"not_picked":["Flex","Evolve+1","Pommel Strike"],"picked":"SKIP","floor":21},{"not_picked":["Backflip","Searing Blow","Expertise"],"picked":"SKIP","floor":25}],"player_experience":417531,"relics_obtained":[{"floor":2,"key":"Matryoshka"},{"floor":6,"key":"Whetstone"},{"floor":7,"key":"Oddly Smooth Stone"},{"floor":7,"key":"Orichalcum"},{"floor":9,"key":"Smiling Mask"},{"floor":9,"key":"Dead Branch"},{"floor":12,"key":"Meat on the Bone"},{"floor":25,"key":"Du-Vu Doll"},{"floor":26,"key":"Bottled Lightning"}],"event_choices":[{"damage_healed":0,"gold_gain":0,"player_choice":"Entered Light","damage_taken":16,"max_hp_gain":0,"max_hp_loss":0,"event_name":"Shining Light","floor":4,"gold_loss":0,"cards_upgraded":["Defend_R","Cleave"]},{"damage_healed":0,"gold_gain":0,"cards_transformed":["Strike_R"],"player_choice":"Transformed","damage_taken":0,"max_hp_gain":0,"max_hp_loss":0,"event_name":"Transmorgrifier","floor":8,"gold_loss":0,"cards_obtained":["Fire Breathing"]},{"damage_healed":0,"gold_gain":0,"player_choice":"Obtained Book","damage_taken":16,"max_hp_gain":0,"max_hp_loss":0,"event_name":"Cursed Tome","floor":19,"gold_loss":0},{"damage_healed":0,"gold_gain":0,"player_choice":"Obtained Relic","damage_taken":0,"relics_obtained":["Blue Candle"],"max_hp_gain":0,"max_hp_loss":0,"event_name":"Addict","floor":22,"gold_loss":85}],"is_beta":true,"boss_relics":[{"not_picked":["Ectoplasm","Astrolabe"],"picked":"Sozu"}],"items_purged_floors":[20,24],"is_endless":false,"potions_floor_spawned":[3,5,10,12,16,21],"killed_by":"3 Cultists","ascension_level":7}