{"gold_per_floor":[117,132,307,307,319,378,378,436,460,480,480,270,270,298,298,402,402,420,345,364,196,274,274,302,302,328,328,342,372,372,28,28,128,128,142,158,171,0,19,19,19,19,19,19,53,53,63,95,95,95],"floor_reached":51,"playtime":2368,"items_purged":["Doubt","Defend_B"],"score":1089,"play_id":"072bdb5f-0a6e-4f3f-91e8-c6ac25267be5","local_time":"20190127225340","is_ascension_mode":true,"campfire_choices":[{"data":"Tempest","floor":7.0,"key":"SMITH"},{"data":"Defragment","floor":11,"key":"SMITH"},{"floor":15,"key":"REST"},{"data":"Static Discharge","floor":23,"key":"SMITH"},{"floor":27,"key":"REST"},{"data":"Coolheaded","floor":30,"key":"SMITH"},{"floor":32,"key":"REST"},{"data":"Rainbow","floor":40,"key":"SMITH"},{"floor":44,"key":"REST"},{"floor":46,"key":"REST"},{"data":"Discovery","floor":49,"key":"SMITH"}],"neow_cost":"NONE","seed_source_timestamp":0,"circlet_count":0,"master_deck":["Strike_B","Strike_B","Defend_B","Defend_B","Zap","Dualcast","Undo","Tempest+1","Go for the Eyes","Coolheaded+1","Defragment+1","FTL","Madness","Undo","Rainbow+1","Double Energy","Static Discharge+1","Loop+1","Force Field+1","White Noise","Defragment+1","Core Surge","Electrodynamics","Force Field+1","White Noise","Storm+1","Redo+1","Skim+1","Double Energy","FTL","Enlightenment","Discovery+1","Finesse","Echo Form","Hologram+1","Static Discharge+1","Meteor Strike","Chill+1"],"special_seed":0,"relics":["Cracked Core","Art of War","Tiny Chest","Blood Vial","Orichalcum","Pear","Anchor","Philosopher\u0027s Stone","Mummified Hand","Prayer Wheel","Matryoshka","Happy Flower","Potion Belt","Vajra","DollysMirror","Red Mask","Smiling Mask","Dream Catcher","Dead Branch","PreservedInsect"],"potions_floor_usage":[14,14,24,33,33,33,37,37,50,50,50,50],"damage_taken":[{"damage":1.0,"enemies":"Cultist","floor":1.0,"turns":3.0},{"damage":0.0,"enemies":"2 Louse","floor":2.0,"turns":4.0},{"damage":0.0,"enemies":"Small Slimes","floor":5.0,"turns":3.0},{"damage":12.0,"enemies":"Lagavulin","floor":6.0,"turns":5.0},{"damage":13.0,"enemies":"Gremlin Nob","floor":8.0,"turns":4.0},{"damage":3.0,"enemies":"Blue Slaver","floor":10.0,"turns":3.0},{"damage":14,"enemies":"Gremlin Nob","floor":14,"turns":4},{"damage":22,"enemies":"Hexaghost","floor":16,"turns":13},{"damage":6,"enemies":"Shell Parasite","floor":18,"turns":4},{"damage":1,"enemies":"Spheric Guardian","floor":20,"turns":3},{"damage":35,"enemies":"Slavers","floor":24,"turns":4},{"damage":2,"enemies":"Centurion and Healer","floor":28,"turns":4},{"damage":17,"enemies":"Book of Stabbing","floor":29,"turns":4},{"damage":7,"enemies":"Champ","floor":33,"turns":7},{"damage":2,"enemies":"Orb Walker","floor":35,"turns":3},{"damage":4,"enemies":"3 Shapes","floor":36,"turns":4},{"damage":11,"enemies":"Writhing Mass","floor":37,"turns":3},{"damage":18,"enemies":"Spire Growth","floor":39,"turns":5},{"damage":16,"enemies":"Reptomancer","floor":45,"turns":4},{"damage":0,"enemies":"Jaw Worm Horde","floor":47,"turns":4},{"damage":8,"enemies":"Nemesis","floor":48,"turns":5},{"damage":41,"enemies":"Awakened One","floor":50,"turns":7}],"seed_played":"4675281029524012083","potions_obtained":[{"floor":1.0,"key":"FearPotion"},{"floor":2.0,"key":"Energy Potion"},{"floor":6.0,"key":"Fire Potion"},{"floor":10,"key":"SpeedPotion"},{"floor":18,"key":"SkillPotion"},{"floor":29,"key":"EntropicBrew"},{"floor":33,"key":"PowerPotion"},{"floor":35,"key":"SkillPotion"},{"floor":47,"key":"Fire Potion"},{"floor":48,"key":"GamblersBrew"}],"is_trial":false,"path_per_floor":["M","M","?","?","M","E","R","?","T","M","R","$","T","E","R","B",null,"M","?","M","$","T","R","E","T","T","R","M","E","R","$","R","B",null,"M","M","M","?","M","R","?","?","T","R","E","R","M","E","R","B",null],"character_chosen":"DEFECT","items_purchased":["Madness","Undo","Static Discharge","DollysMirror","Core Surge"],"campfire_rested":5,"item_purchase_floors":[12,12,21,31,31],"current_hp_per_floor":[67,67,67,60,60,48,48,35,35,34,34,34,44,32,57,37,73,69,69,70,70,70,70,37,37,37,62,62,47,47,47,72,67,81,81,79,70,70,54,54,44,44,44,69,55,80,82,76,76,37],"gold":95,"neow_bonus":"REMOVE_CARD","is_prod":false,"is_daily":false,"chose_seed":false,"campfire_upgraded":6,"win_rate":0,"timestamp":1548629620,"path_taken":["M","?","?","?","M","E","R","?","T","M","R","$","?","E","R","BOSS","M","?","M","$","?","R","E","?","T","R","M","E","R","$","R","BOSS","M","M","M","?","M","R","?","?","T","R","E","R","?","E","R","BOSS"],"build_version":"2019-01-23","purchased_purges":2,"victory":true,"max_hp_per_floor":[75,75,75,75,75,75,75,75,75,75,75,75,85,85,85,85,85,85,85,85,85,85,85,85,85,85,85,85,85,85,85,85,85,85,85,85,85,85,85,85,85,85,85,85,85,85,85,85,85,85],"card_choices":[{"not_picked":["Barrage","Scrape"],"picked":"Undo","floor":1.0},{"not_picked":["Turbo","Compile Driver"],"picked":"Tempest","floor":2.0},{"not_picked":["Rip and Tear","Aggregate"],"picked":"Go for the Eyes","floor":5.0},{"not_picked":["Reinforced Body","Aggregate"],"picked":"Coolheaded","floor":6.0},{"not_picked":["Reprogram","Hologram"],"picked":"Defragment","floor":8.0},{"not_picked":["Lockon","Coolheaded"],"picked":"FTL","floor":10},{"not_picked":["Conserve Battery","Hologram","Go for the Eyes"],"picked":"SKIP","floor":14},{"not_picked":["Buffer","Hyperbeam"],"picked":"Rainbow","floor":16},{"not_picked":["Hologram","Rebound","Barrage"],"picked":"SKIP","floor":18},{"not_picked":["Auto Shields","Beam Cell"],"picked":"Double Energy","floor":20},{"not_picked":["Darkness","Scrape+1"],"picked":"Loop+1","floor":24},{"not_picked":["Sweeping Beam","Compile Driver+1"],"picked":"Force Field+1","floor":28},{"not_picked":["Rebound","Redo","Blizzard"],"picked":"SKIP","floor":28},{"not_picked":["Conserve Battery","Glacier"],"picked":"White Noise","floor":29},{"not_picked":["Core Surge","Hyperbeam"],"picked":"Electrodynamics","floor":33},{"not_picked":["Static Discharge+1","Stack"],"picked":"Force Field+1","floor":35},{"not_picked":["Self Repair+1","Turbo","Barrage+1"],"picked":"SKIP","floor":35},{"not_picked":["Compile Driver","Ball Lightning"],"picked":"White Noise","floor":36},{"not_picked":["Conserve Battery+1","Go for the Eyes+1"],"picked":"Storm+1","floor":36},{"not_picked":["Scrape","Barrage+1"],"picked":"Redo+1","floor":37},{"not_picked":["Hologram","Leap"],"picked":"Skim+1","floor":37},{"not_picked":["Barrage","Genetic Algorithm"],"picked":"Double Energy","floor":39},{"not_picked":["Steam Power","Auto Shields"],"picked":"FTL","floor":39},{"not_picked":["Dark Shackles","Jack Of All Trades"],"picked":"Enlightenment","floor":41},{"not_picked":["Bandage Up","Good Instincts"],"picked":"Discovery","floor":41},{"not_picked":["Dramatic Entrance","Good Instincts"],"picked":"Finesse","floor":41},{"not_picked":["Compile Driver","Go for the Eyes+1"],"picked":"Echo Form","floor":44},{"not_picked":["Go for the Eyes","Rip and Tear"],"picked":"Hologram+1","floor":45},{"not_picked":["Hologram+1","Genetic Algorithm"],"picked":"Static Discharge+1","floor":46},{"not_picked":["Ball Lightning+1","Go for the Eyes+1"],"picked":"Meteor Strike","floor":47},{"not_picked":["Barrage+1","BootSequence+1"],"picked":"Chill+1","floor":47},{"not_picked":["Loop+1","Cold Snap","Auto Shields+1"],"picked":"SKIP","floor":48}],"player_experience":490779,"relics_obtained":[{"floor":6.0,"key":"Tiny Chest"},{"floor":8.0,"key":"Blood Vial"},{"floor":9.0,"key":"Orichalcum"},{"floor":13,"key":"Pear"},{"floor":14,"key":"Anchor"},{"floor":22,"key":"Mummified Hand"},{"floor":24,"key":"Prayer Wheel"},{"floor":25,"key":"Matryoshka"},{"floor":26,"key":"Happy Flower"},{"floor":26,"key":"Potion Belt"},{"floor":29,"key":"Vajra"},{"floor":43,"key":"Smiling Mask"},{"floor":43,"key":"Dream Catcher"},{"floor":45,"key":"Dead Branch"},{"floor":48,"key":"PreservedInsect"}],"event_choices":[{"damage_healed":0.0,"max_hp_gain":0.0,"max_hp_loss":0.0,"gold_gain":175.0,"event_name":"Liars Game","player_choice":"AGREE","floor":3.0,"gold_loss":0.0,"damage_taken":0.0,"cards_obtained":["Doubt"]},{"damage_healed":0.0,"max_hp_gain":0.0,"max_hp_loss":0.0,"gold_gain":0.0,"event_name":"Scrap Ooze","player_choice":"Success","floor":4.0,"gold_loss":0.0,"damage_taken":7.0,"relics_obtained":["Art of War"]},{"damage_healed":0.0,"max_hp_gain":0.0,"max_hp_loss":0.0,"gold_gain":0.0,"event_name":"Dead Adventurer","player_choice":"Searched \u00271\u0027 times","floor":8.0,"gold_loss":0.0,"damage_taken":0.0},{"cards_removed":["Defend_B"],"damage_healed":0,"gold_gain":0,"player_choice":"Gave Gold","damage_taken":0,"max_hp_gain":0,"max_hp_loss":0,"event_name":"Beggar","floor":19,"gold_loss":75},{"damage_healed":0,"gold_gain":0,"player_choice":"Paid","damage_taken":0,"relics_obtained":["Red Mask"],"max_hp_gain":0,"max_hp_loss":0,"event_name":"Tomb of Lord Red Mask","floor":38,"gold_loss":171},{"damage_healed":0,"gold_gain":0,"player_choice":"Memory 3","damage_taken":10,"max_hp_gain":0,"max_hp_loss":0,"event_name":"SensoryStone","floor":41,"gold_loss":0},{"cards_removed":["Strike_B"],"damage_healed":0,"gold_gain":0,"player_choice":"Purged","damage_taken":0,"max_hp_gain":0,"max_hp_loss":0,"event_name":"Purifier","floor":42,"gold_loss":0}],"is_beta":true,"boss_relics":[{"not_picked":["Runic Pyramid","Astrolabe"],"picked":"Philosopher\u0027s Stone"},{"not_picked":["Cursed Key","Snecko Eye","Runic Dome"]}],"items_purged_floors":[12,21],"is_endless":false,"potions_floor_spawned":[1,2,6,10,18,29,33,35,36,47,48],"ascension_level":9}