{"path_per_floor":["M","?","$","M","M","R","M","R","T","M","?","$","R","M","R","B",null,"M","?","?","M","M","R"],"character_chosen":"DEFECT","items_purchased":["Finesse"],"gold_per_floor":[109,109,11,26,45,45,65,65,65,79,179,104,104,119,119,214,214,228,153,153,165,185,185,185],"floor_reached":24,"campfire_rested":2,"playtime":574,"current_hp_per_floor":[73,73,73,73,66,66,39,39,39,39,39,39,39,25,47,34,65,65,65,65,37,17,39,0],"items_purged":["Defend_B"],"gold":185,"score":235,"play_id":"647a3baf-4fe2-4ea4-b1b6-191400830606","local_time":"20180511235755","is_prod":false,"is_daily":false,"chose_seed":false,"is_ascension_mode":true,"campfire_upgraded":3,"timestamp":1526108275,"path_taken":["M","?","$","M","M","R","M","R","T","M","?","$","R","?","R","BOSS","M","?","?","M","M","R","E"],"build_version":"2018-05-10","seed_source_timestamp":175217093336630,"purchased_purges":1,"victory":false,"master_deck":["Strike_B","Strike_B","Strike_B+1","Strike_B","Defend_B","Defend_B","Zap","Dualcast","Axe Kick+1","Finesse","Streamline+1","Thunder Strike","Streamline"],"max_hp_per_floor":[75,75,75,75,75,75,75,75,75,75,75,75,75,75,75,75,75,75,75,75,75,75,75,75],"relics":["Philosopher\u0027s Stone","Shuriken","Lizard Tail"],"card_choices":[{"not_picked":["Streamline","Skim"],"picked":"Axe Kick","floor":1},{"not_picked":["Stack","Glacier"],"picked":"Streamline","floor":5},{"not_picked":["Multi-Cast","Buffer"],"picked":"Thunder Strike","floor":16},{"not_picked":["Beam Cell","Axe Kick"],"picked":"Streamline","floor":22}],"player_experience":224544,"potions_floor_usage":[7,16,21,24,24],"damage_taken":[{"damage":2,"enemies":"Jaw Worm","floor":1,"turns":4},{"damage":0,"enemies":"Cultist","floor":4,"turns":3},{"damage":7,"enemies":"2 Louse","floor":5,"turns":3},{"damage":27,"enemies":"Lots of Slimes","floor":7,"turns":3},{"damage":0,"enemies":"Looter","floor":10,"turns":2},{"damage":14,"enemies":"Exordium Wildlife","floor":14,"turns":3},{"damage":13,"enemies":"Slime Boss","floor":16,"turns":8},{"damage":0,"enemies":"Chosen","floor":18,"turns":4},{"damage":28,"enemies":"Shell Parasite","floor":21,"turns":4},{"damage":58,"enemies":"Snake Plant","floor":22,"turns":3},{"damage":40,"enemies":"Gremlin Leader","floor":24,"turns":4}],"event_choices":[{"event_name":"Match and Keep!","player_choice":"0 cards matched","floor":2,"damage_taken":0},{"event_name":"Golden Shrine","player_choice":"Pray","floor":11,"damage_taken":0},{"event_name":"Beggar","player_choice":"Gave Gold","floor":19,"damage_taken":0},{"event_name":"The Mausoleum","player_choice":"No","floor":20,"damage_taken":0}],"boss_relics":[{"not_picked":["Pandora\u0027s Box","Runic Pyramid"],"picked":"Lizard Tail"}],"potions_floor_spawned":[5,14,16,21,22],"seed_played":"2454636065934980764","killed_by":"Gremlin Leader","ascension_level":5,"is_trial":false}