{"gold_per_floor":[110,130,150,138,152,152,166,166,166,12,12,41,41,56,56,155,155,175,189,204,204,204],"floor_reached":22,"playtime":1033,"items_purged":[],"score":304,"play_id":"3c30be8f-395b-4c9a-901a-cf7d4744786c","local_time":"20181203014444","is_ascension_mode":true,"campfire_choices":[{"data":"Uppercut","floor":6,"key":"SMITH"},{"data":"Disarm","floor":8,"key":"SMITH"},{"data":"True Grit","floor":13,"key":"SMITH"},{"data":"Flame Barrier","floor":15,"key":"SMITH"}],"neow_cost":"NONE","seed_source_timestamp":9012165406536,"circlet_count":0,"master_deck":["AscendersBane","Strike_R","Strike_R","Strike_R","Strike_R","Strike_R","Defend_R","Defend_R","Defend_R","Defend_R","Bash","Forethought","Disarm+1","True Grit+1","Flame Barrier+1","Uppercut+1","Dark Embrace+1","Immolate","Whirlwind"],"relics":["Burning Blood","Letter Opener","PreservedInsect","Peace Pipe","Frozen Egg 2","Snecko Eye"],"potions_floor_usage":[16,16],"damage_taken":[{"damage":18,"enemies":"2 Louse","floor":1,"turns":4},{"damage":11,"enemies":"Cultist","floor":2,"turns":6},{"damage":8,"enemies":"Jaw Worm","floor":3,"turns":5},{"damage":6,"enemies":"Exordium Thugs","floor":4,"turns":4},{"damage":27,"enemies":"Large Slime","floor":5,"turns":11},{"damage":1,"enemies":"Blue Slaver","floor":7,"turns":6},{"damage":17,"enemies":"3 Sentries","floor":12,"turns":8},{"damage":18,"enemies":"Lots of Slimes","floor":14,"turns":4},{"damage":10,"enemies":"Hexaghost","floor":16,"turns":12},{"damage":9,"enemies":"Shell Parasite","floor":18,"turns":4},{"damage":0,"enemies":"Chosen","floor":19,"turns":3},{"damage":32,"enemies":"Shelled Parasite and Fungi","floor":20,"turns":7},{"damage":43,"enemies":"Snake Plant","floor":22,"turns":5}],"seed_played":"8908943075613509849","potions_obtained":[{"floor":4,"key":"GamblersBrew"},{"floor":12,"key":"Strength Potion"},{"floor":14,"key":"BloodPotion"},{"floor":16,"key":"Ancient Potion"},{"floor":19,"key":"SteroidPotion"}],"is_trial":false,"path_per_floor":["M","M","M","M","M","R","M","R","T","$","?","E","R","M","R","B",null,"M","M","M","?","M"],"character_chosen":"IRONCLAD","items_purchased":["PreservedInsect"],"campfire_rested":0,"item_purchase_floors":[10],"current_hp_per_floor":[60,55,53,53,32,32,37,37,37,37,37,26,26,14,14,18,65,62,68,42,42,0],"gold":204,"neow_bonus":"RANDOM_COLORLESS","is_prod":false,"is_daily":false,"chose_seed":false,"campfire_upgraded":4,"win_rate":0,"timestamp":1543830284,"path_taken":["M","M","M","M","M","R","M","R","T","$","?","E","R","M","R","BOSS","M","?","M","?","M"],"build_version":"2018-11-15","purchased_purges":0,"victory":false,"max_hp_per_floor":[80,80,80,80,80,80,80,80,80,80,80,80,80,80,80,80,80,80,80,80,80,80],"card_choices":[{"not_picked":["Cleave","Body Slam"],"picked":"Disarm","floor":1},{"not_picked":["Entrench","Sentinel","Warcry"],"picked":"SKIP","floor":2},{"not_picked":["Entrench","Clash"],"picked":"True Grit","floor":3},{"not_picked":["Heavy Blade","Rage"],"picked":"Flame Barrier","floor":4},{"not_picked":["Wild Strike","Clothesline"],"picked":"Uppercut","floor":5},{"not_picked":["Wild Strike","Cleave","Twin Strike"],"picked":"SKIP","floor":7},{"not_picked":["Headbutt","Dropkick"],"picked":"Dark Embrace","floor":12},{"not_picked":["Body Slam","Anger","Carnage"],"picked":"SKIP","floor":14},{"not_picked":["Bludgeon","Reaper"],"picked":"Immolate","floor":16},{"not_picked":["Flame Barrier","Wild Strike+1","Sword Boomerang"],"picked":"SKIP","floor":18},{"not_picked":["Headbutt","Infernal Blade"],"picked":"Whirlwind","floor":19},{"not_picked":["Pommel Strike","Thunderclap","Wild Strike"],"picked":"SKIP","floor":20}],"player_experience":384288,"relics_obtained":[{"floor":9,"key":"Letter Opener"},{"floor":12,"key":"Frozen Egg 2"}],"event_choices":[{"damage_healed":0,"gold_gain":0,"player_choice":"Gave Potion","damage_taken":0,"relics_obtained":["Peace Pipe"],"max_hp_gain":0,"max_hp_loss":0,"event_name":"WeMeetAgain","floor":11,"gold_loss":0},{"damage_healed":0,"gold_gain":0,"player_choice":"Bought 0 Potions","damage_taken":0,"max_hp_gain":0,"max_hp_loss":0,"event_name":"The Woman in Blue","floor":21,"gold_loss":0}],"is_beta":false,"boss_relics":[{"not_picked":["Runic Dome","Black Blood"],"picked":"Snecko Eye"}],"items_purged_floors":[],"is_endless":false,"potions_floor_spawned":[4,12,14,16,19,20],"killed_by":"Snake Plant","ascension_level":12}