{"gold_per_floor":[17,30,30,43,43,70,70,81,108,108,163,163,195,209,209,313,313,325,65,82,82,82,115,146,158,170,216,240,267,259,78,78,180,180,195,208,208,226,243,243],"floor_reached":40,"playtime":2321,"items_purged":["Strike_R","Strike_R"],"score":468,"play_id":"bf4e14c9-67ee-49e6-8aa1-4bc9a2a1b750","local_time":"20181219205517","is_ascension_mode":false,"campfire_choices":[{"data":"Bash","floor":7.0,"key":"SMITH"},{"data":"Pommel Strike","floor":10.0,"key":"SMITH"},{"data":"Warcry","floor":12.0,"key":"SMITH"},{"data":"Thunderclap","floor":15.0,"key":"SMITH"},{"data":"Warcry","floor":25.0,"key":"SMITH"},{"data":"Perfected Strike","floor":32.0,"key":"SMITH"}],"neow_cost":"NO_GOLD","seed_source_timestamp":0,"circlet_count":0,"master_deck":["Strike_R","Strike_R","Strike_R+1","Defend_R","Defend_R","Defend_R","Defend_R","Bash+1","Pommel Strike+1","Shrug It Off","Iron Wave+1","Warcry+1","Warcry+1","Thunderclap+1","Perfected Strike+1","Warcry+1","Pommel Strike","Warcry"],"special_seed":0,"relics":["Burning Blood","FossilizedHelix","Smiling Mask","Red Skull","Whetstone","Ornamental Fan","Mark of Pain","Potion Belt","Peace Pipe","MawBank","Frozen Egg 2","Red Mask","Vajra","Lizard Tail"],"potions_floor_usage":[],"damage_taken":[{"damage":0.0,"enemies":"Cultist","floor":1.0,"turns":3.0},{"damage":0.0,"enemies":"2 Louse","floor":2.0,"turns":2.0},{"damage":0.0,"enemies":"Small Slimes","floor":4.0,"turns":3.0},{"damage":18.0,"enemies":"Lagavulin","floor":6.0,"turns":5.0},{"damage":4.0,"enemies":"Blue Slaver","floor":8.0,"turns":3.0},{"damage":25.0,"enemies":"Lagavulin Event","floor":11.0,"turns":6.0},{"damage":0.0,"enemies":"Gremlin Nob","floor":13.0,"turns":3.0},{"damage":0.0,"enemies":"Looter","floor":14.0,"turns":4.0},{"damage":56.0,"enemies":"The Guardian","floor":16.0,"turns":11.0},{"damage":4.0,"enemies":"Spheric Guardian","floor":18.0,"turns":5.0},{"damage":0.0,"enemies":"2 Thieves","floor":20.0,"turns":3.0},{"damage":6.0,"enemies":"Slavers","floor":23.0,"turns":7.0},{"damage":11.0,"enemies":"Snake Plant","floor":24.0,"turns":4.0},{"damage":0.0,"enemies":"Masked Bandits","floor":27.0,"turns":4.0},{"damage":6.0,"enemies":"Cultist and Chosen","floor":28.0,"turns":6.0},{"damage":4.0,"enemies":"Centurion and Healer","floor":29.0,"turns":6.0},{"damage":58.0,"enemies":"Champ","floor":33.0,"turns":12.0},{"damage":0.0,"enemies":"Orb Walker","floor":35.0,"turns":3.0},{"damage":16.0,"enemies":"3 Darklings","floor":36.0,"turns":7.0},{"damage":58.0,"enemies":"Sphere and 2 Shapes","floor":38.0,"turns":11.0},{"damage":16.0,"enemies":"Spire Growth","floor":39.0,"turns":4.0},{"damage":0,"enemies":"Giant Head","floor":40,"turns":5}],"seed_played":"-3239083173708702061","potions_obtained":[{"floor":1.0,"key":"PowerPotion"},{"floor":4.0,"key":"Strength Potion"},{"floor":11.0,"key":"PowerPotion"},{"floor":13.0,"key":"Swift Potion"},{"floor":14.0,"key":"Block Potion"},{"floor":16.0,"key":"Explosive Potion"},{"floor":18.0,"key":"SkillPotion"},{"floor":20.0,"key":"Regen Potion"},{"floor":22.0,"key":"BloodPotion"},{"floor":22.0,"key":"EssenceOfSteel"},{"floor":27.0,"key":"SpeedPotion"},{"floor":29.0,"key":"Swift Potion"},{"floor":30.0,"key":"SneckoOil"},{"floor":35.0,"key":"FearPotion"}],"is_trial":false,"path_per_floor":["M","M","?","M","$","E","R","M","T","R","?","R","E","M","R","B",null,"M","$","M","?","?","E","M","R","T","?","M","M","?","$","R","B",null,"M","M","?","M","M","E"],"character_chosen":"IRONCLAD","items_purchased":["Potion Belt","Perfected Strike","Vajra"],"campfire_rested":0,"item_purchase_floors":[19,19,31],"current_hp_per_floor":[80,80,80,80,80,68,68,70,70,70,51,51,57,63,63,13,80,80,80,80,80,80,80,75,75,75,80,80,80,80,80,80,36,80,80,70,80,28,30,30],"gold":243,"neow_bonus":"ONE_RARE_RELIC","is_prod":false,"is_daily":false,"chose_seed":false,"campfire_upgraded":6,"win_rate":0,"timestamp":1545252917,"path_taken":["M","?","?","M","$","E","R","M","T","R","?","R","E","M","R","BOSS","M","$","M","?","?","E","?","R","T","?","M","M","?","$","R","BOSS","M","M","?","M","M","E"],"build_version":"2018-12-17","purchased_purges":2,"victory":false,"max_hp_per_floor":[80,80,80,80,80,80,80,80,80,80,80,80,80,80,80,80,80,80,80,80,80,80,80,80,80,80,80,80,80,80,80,80,80,80,80,80,80,80,80,80],"card_choices":[{"not_picked":["Whirlwind","Disarm","Wild Strike"],"picked":"SKIP","floor":1.0},{"not_picked":["Heavy Blade","Shrug It Off"],"picked":"Pommel Strike","floor":2.0},{"not_picked":["Headbutt","Shockwave"],"picked":"Shrug It Off","floor":4.0},{"not_picked":["Infernal Blade","Rage"],"picked":"Iron Wave","floor":6.0},{"not_picked":["Uppercut","Evolve","Hemokinesis"],"picked":"SKIP","floor":8.0},{"not_picked":["Pommel Strike","Blood for Blood"],"picked":"Warcry","floor":11.0},{"not_picked":["Blood for Blood","Disarm"],"picked":"Warcry","floor":13.0},{"not_picked":["Corruption","Combust"],"picked":"Thunderclap","floor":14.0},{"not_picked":["Armaments","Evolve","Anger"],"picked":"SKIP","floor":18.0},{"not_picked":["Wild Strike","Cleave+1"],"picked":"Warcry+1","floor":20.0},{"not_picked":["Power Through","Seeing Red+1","Anger"],"picked":"SKIP","floor":23.0},{"not_picked":["Body Slam","Heavy Blade"],"picked":"Pommel Strike","floor":24.0},{"not_picked":["Dropkick+1","Anger","Bloodletting"],"picked":"SKIP","floor":28.0},{"not_picked":["Uppercut","Blood for Blood","Cleave+1"],"picked":"SKIP","floor":29.0},{"not_picked":["Rupture+1","Disarm+1"],"picked":"Warcry","floor":35.0},{"not_picked":["Shrug It Off","Wild Strike","Havoc"],"picked":"SKIP","floor":36.0},{"not_picked":["Second Wind+1","Armaments","Ghostly Armor+1"],"picked":"SKIP","floor":38.0},{"not_picked":["Flex","Clash","Infernal Blade"],"picked":"SKIP","floor":39.0}],"player_experience":344290,"relics_obtained":[{"floor":6.0,"key":"Smiling Mask"},{"floor":9.0,"key":"Red Skull"},{"floor":11.0,"key":"Whetstone"},{"floor":13.0,"key":"Ornamental Fan"},{"floor":23.0,"key":"MawBank"},{"floor":26.0,"key":"Frozen Egg 2"},{"floor":27.0,"key":"Red Mask"}],"event_choices":[{"damage_healed":0.0,"max_hp_gain":0.0,"max_hp_loss":0.0,"gold_gain":0.0,"event_name":"The Cleric","player_choice":"Leave","floor":3.0,"gold_loss":0.0,"damage_taken":0.0},{"damage_healed":0.0,"max_hp_gain":0.0,"max_hp_loss":0.0,"gold_gain":0.0,"event_name":"Dead Adventurer","player_choice":"Searched \u00271\u0027 times","floor":11.0,"gold_loss":0.0,"damage_taken":0.0},{"damage_healed":0.0,"max_hp_gain":0.0,"max_hp_loss":0.0,"gold_gain":0.0,"event_name":"The Mausoleum","player_choice":"Opened","floor":21.0,"gold_loss":0.0,"damage_taken":0.0,"relics_obtained":["Peace Pipe"]},{"damage_healed":0.0,"max_hp_gain":0.0,"max_hp_loss":0.0,"gold_gain":0.0,"event_name":"Lab","player_choice":"Got Potions","floor":22.0,"gold_loss":0.0,"damage_taken":0.0},{"damage_healed":0.0,"max_hp_gain":0.0,"max_hp_loss":0.0,"gold_gain":0.0,"event_name":"Masked Bandits","player_choice":"Fought Bandits","floor":27.0,"gold_loss":0.0,"damage_taken":0.0},{"damage_healed":0.0,"max_hp_gain":0.0,"max_hp_loss":0.0,"gold_gain":0.0,"event_name":"The Woman in Blue","player_choice":"Bought 1 Potion","floor":30.0,"gold_loss":0.0,"damage_taken":0.0},{"damage_healed":10.0,"max_hp_gain":0.0,"max_hp_loss":0.0,"gold_gain":0.0,"event_name":"Wheel of Change","player_choice":"Full Heal","floor":37.0,"gold_loss":0.0,"damage_taken":0.0}],"is_beta":true,"boss_relics":[{"not_picked":["Pandora\u0027s Box","White Beast Statue"],"picked":"Mark of Pain"},{"not_picked":["Fusion Hammer","Calling Bell"],"picked":"Lizard Tail"}],"items_purged_floors":[19,31],"is_endless":false,"potions_floor_spawned":[1,4,11,13,14,16,18,20,27,29,35],"killed_by":"Giant Head","ascension_level":0}