{"gold_per_floor":[113,63,63,138,138,138,167,3,3,28,28,40,58,58,58,130,130,146,236,255,255,155,155,190,201,201,10,28,28,46,65,65,142,142,159,34,53,53,64,64,84,5,5,23,23],"floor_reached":45,"playtime":1776,"items_purged":["Regret","Pain","Strike_R"],"score":756,"play_id":"dbe743f6-f303-47f8-a617-35a8ee0c7a9b","local_time":"20190130233353","is_ascension_mode":true,"campfire_choices":[{"data":"Thunderclap","floor":6,"key":"SMITH"},{"data":"Thunderclap","floor":15,"key":"SMITH"},{"floor":23,"key":"REST"},{"data":"Panacea","floor":32,"key":"SMITH"},{"floor":40,"key":"REST"}],"neow_cost":"CURSE","seed_source_timestamp":1753295289936516,"circlet_count":0,"master_deck":["AscendersBane","Strike_R","Strike_R","Strike_R","Defend_R","Defend_R","Defend_R","Defend_R","Bash+1","Clumsy","Thunderclap+1","Cleave+1","Flash of Steel","Thunderclap+1","Demon Form","Discovery","Panacea+1","Flash of Steel","Leg Sweep","Berserk","Storm of Steel","Whirlwind","Slice","Berserk"],"relics":["Burning Blood","Champion Belt","Shuriken","Red Skull","Odd Mushroom","Paper Frog","FossilizedHelix","Runic Pyramid","WarpedTongs","Sundial","Pear","PrismaticShard","Eternal Feather","Gambling Chip"],"potions_floor_usage":[20,24,33,35,37],"damage_taken":[{"damage":0,"enemies":"2 Louse","floor":1,"turns":3},{"damage":29,"enemies":"The Mushroom Lair","floor":7,"turns":4},{"damage":10,"enemies":"3 Sentries","floor":10,"turns":3},{"damage":0,"enemies":"Small Slimes","floor":12,"turns":2},{"damage":0,"enemies":"Jaw Worm","floor":13,"turns":2},{"damage":17,"enemies":"The Guardian","floor":16,"turns":8},{"damage":27,"enemies":"Spheric Guardian","floor":18,"turns":5},{"damage":0,"enemies":"Chosen","floor":20,"turns":2},{"damage":0,"enemies":"Gremlin Leader","floor":24,"turns":6},{"damage":2,"enemies":"Snecko","floor":25,"turns":5},{"damage":12,"enemies":"Centurion and Healer","floor":28,"turns":6},{"damage":28,"enemies":"Shelled Parasite and Fungi","floor":30,"turns":4},{"damage":0,"enemies":"Snecko","floor":31,"turns":4},{"damage":32,"enemies":"Automaton","floor":33,"turns":8},{"damage":41,"enemies":"3 Shapes","floor":35,"turns":10},{"damage":20,"enemies":"Orb Walker","floor":37,"turns":4},{"damage":20,"enemies":"3 Darklings","floor":39,"turns":4},{"damage":16,"enemies":"Maw","floor":41,"turns":6},{"damage":36,"enemies":"Transient","floor":44,"turns":5},{"damage":8,"enemies":"4 Shapes","floor":45,"turns":3}],"seed_played":"4637585984792412612","potions_obtained":[{"floor":7,"key":"Fire Potion"},{"floor":18,"key":"Strength Potion"},{"floor":30,"key":"Fire Potion"},{"floor":31,"key":"FearPotion"},{"floor":33,"key":"PowerPotion"},{"floor":39,"key":"Strength Potion"}],"is_trial":false,"path_per_floor":["M","?","?","?","T","R","?","$","T","E","$","M","M","?","R","B",null,"M","?","M","?","$","R","E","M","T","$","M","?","M","M","R","B",null,"M","$","M","$","M","R","M","$","T","M","M"],"character_chosen":"IRONCLAD","items_purchased":["Flash of Steel","PrismaticShard","Berserk"],"campfire_rested":2,"item_purchase_floors":[8,27,42],"current_hp_per_floor":[78,78,78,67,67,67,44,44,44,40,40,46,52,36,36,25,66,45,13,19,19,19,43,49,53,63,63,57,57,35,41,41,15,71,36,36,22,22,8,47,37,37,37,7,0],"gold":23,"neow_bonus":"ONE_RARE_RELIC","is_prod":false,"is_daily":false,"chose_seed":false,"campfire_upgraded":3,"win_rate":0,"timestamp":1548891233,"path_taken":["M","?","?","?","?","R","?","$","T","E","$","M","?","?","R","BOSS","M","?","?","?","?","R","E","M","T","$","M","?","M","M","R","BOSS","M","?","M","$","?","R","M","$","T","M","M"],"build_version":"2019-01-23","purchased_purges":3,"victory":false,"max_hp_per_floor":[80,80,80,80,80,80,80,80,80,80,80,80,80,80,80,80,80,80,80,80,80,80,80,80,80,90,90,90,90,90,90,90,90,90,90,90,90,90,90,90,90,90,90,90,90],"card_choices":[{"not_picked":["Pummel","Sword Boomerang"],"picked":"Thunderclap","floor":1},{"not_picked":["Havoc","Headbutt"],"picked":"Cleave","floor":7},{"not_picked":["Havoc","Combust","Carnage"],"picked":"SKIP","floor":10},{"not_picked":["Armaments","Flame Barrier"],"picked":"Thunderclap","floor":12},{"not_picked":["Clash","Warcry"],"picked":"Demon Form","floor":13},{"not_picked":["Rupture","Perfected Strike+1","Flex"],"picked":"SKIP","floor":18},{"not_picked":["Pommel Strike","Twin Strike","Havoc"],"picked":"SKIP","floor":20},{"not_picked":["Twin Strike+1","Rampage","Reckless Charge"],"picked":"SKIP","floor":24},{"not_picked":["Warcry","Inflame","Evolve"],"picked":"SKIP","floor":25},{"not_picked":["PiercingWail","Cloak And Dagger"],"picked":"Flash of Steel","floor":28},{"not_picked":["Sword Boomerang","Metallicize"],"picked":"Leg Sweep","floor":30},{"not_picked":["Sucker Punch","Acrobatics"],"picked":"Berserk","floor":31},{"not_picked":["Brutality","Impervious"],"picked":"Storm of Steel","floor":33},{"not_picked":["Predator","Stack"],"picked":"Whirlwind","floor":35},{"not_picked":["Go for the Eyes","Warcry"],"picked":"Slice","floor":37},{"not_picked":["Clash","Go for the Eyes","Force Field"],"picked":"SKIP","floor":39},{"not_picked":["Rebound","Heavy Blade","Dagger Spray"],"picked":"SKIP","floor":41},{"not_picked":["Cold Snap","Predator","Heavy Blade"],"picked":"SKIP","floor":44}],"player_experience":534507,"relics_obtained":[{"floor":5,"key":"Red Skull"},{"floor":7,"key":"Odd Mushroom"},{"floor":9,"key":"Paper Frog"},{"floor":10,"key":"FossilizedHelix"},{"floor":24,"key":"Sundial"},{"floor":26,"key":"Pear"},{"floor":43,"key":"Gambling Chip"}],"event_choices":[{"cards_removed":["Strike_R"],"damage_healed":0,"gold_gain":0,"player_choice":"Card Removal","damage_taken":0,"max_hp_gain":0,"max_hp_loss":0,"event_name":"The Cleric","floor":2,"gold_loss":50},{"damage_healed":0,"gold_gain":0,"player_choice":"Box","damage_taken":0,"relics_obtained":["Shuriken"],"max_hp_gain":0,"max_hp_loss":0,"event_name":"Big Fish","floor":3,"gold_loss":0,"cards_obtained":["Regret"]},{"damage_healed":0,"gold_gain":75,"player_choice":"Gather Gold","damage_taken":11,"max_hp_gain":0,"max_hp_loss":0,"event_name":"World of Goop","floor":4,"gold_loss":0},{"damage_healed":0,"gold_gain":0,"player_choice":"Fought Mushrooms","damage_taken":0,"max_hp_gain":0,"max_hp_loss":0,"event_name":"Mushrooms","floor":7,"gold_loss":0},{"damage_healed":0,"gold_gain":0,"player_choice":"Entered Light","damage_taken":16,"max_hp_gain":0,"max_hp_loss":0,"event_name":"Shining Light","floor":14,"gold_loss":0,"cards_upgraded":["Cleave","Bash"]},{"damage_healed":0,"gold_gain":90,"player_choice":"CARD CARD GOLD ","damage_taken":32,"max_hp_gain":0,"max_hp_loss":0,"event_name":"Knowing Skull","floor":19,"potions_obtained":[],"gold_loss":0,"cards_obtained":["Discovery","Panacea"]},{"damage_healed":0,"gold_gain":0,"player_choice":"Rummage","damage_taken":0,"relics_obtained":["WarpedTongs"],"max_hp_gain":0,"max_hp_loss":0,"event_name":"Accursed Blacksmith","floor":21,"gold_loss":0,"cards_obtained":["Pain"]},{"damage_healed":0,"gold_gain":0,"player_choice":"0 cards matched","damage_taken":0,"max_hp_gain":0,"max_hp_loss":0,"event_name":"Match and Keep!","floor":29,"gold_loss":0,"cards_obtained":[]}],"is_beta":true,"boss_relics":[{"not_picked":["Ectoplasm","Lizard Tail"],"picked":"Runic Pyramid"},{"not_picked":["Philosopher\u0027s Stone","Snecko Eye"],"picked":"Eternal Feather"}],"items_purged_floors":[8,22,36],"is_endless":false,"potions_floor_spawned":[7,18,30,31,33,39],"killed_by":"4 Shapes","ascension_level":13}