{"path_per_floor":["M","?","M","?","M","E","R","M","T","M","T","$","?","E","R","B",null,"M","?","$","M","?","E","?","R","T","?","R","M","M","?","R","B",null,"M","?","M","M","M","R","?","?","T","R","$","M","R","?","R","B"],"character_chosen":"IRONCLAD","items_purchased":["Offering","Intimidate","Juzu Bracelet","Purity","Rupture","Shockwave","Warcry","Gremlin Horn","Kunai","Block Potion"],"gold_per_floor":[114,114,129,129,148,186,186,205,205,224,224,41,291,329,329,454,454,473,373,41,60,310,348,348,348,348,348,348,363,378,303,303,403,403,418,418,433,448,463,463,513,513,513,513,73,88,88,48,48,48],"floor_reached":51,"campfire_rested":2,"playtime":2686,"current_hp_per_floor":[72,56,54,34,34,19,43,43,49,46,52,52,58,49,78,28,129,122,122,122,121,127,95,95,95,101,101,101,85,89,89,89,82,147,147,147,147,147,144,144,145,135,141,141,141,153,153,153,153,84],"items_purged":[],"gold":48,"score":1023,"play_id":"71aa451b-37d0-4830-97ff-a789988b59ac","local_time":"20180330195851","daily_mods":["Diverse","Cursed Run","Binary"],"is_prod":false,"is_daily":true,"is_ascension_mode":false,"campfire_upgraded":0,"timestamp":1522436331,"path_taken":["M","?","M","?","?","E","R","M","T","M","?","?","?","E","R","BOSS","M","?","$","M","?","E","?","R","T","?","R","M","M","?","R","BOSS","M","?","M","M","M","R","?","?","T","R","$","M","R","?","R","BOSS"],"build_version":"2018-03-29","purchased_purges":0,"victory":true,"master_deck":["Strike_R+1","Strike_R+1","Strike_R+1","Strike_R+1","Strike_R+1","Defend_R+1","Defend_R+1","Defend_R+1","Defend_R+1","Bash","Acrobatics+1","Corruption","True Grit","Pommel Strike","Flex","Entrench","Pain","Armaments","Injury","Offering","Intimidate","Regret","Decay","Barricade","Regret","Normality","Normality","Cleave","J.A.X.","Purity","Rupture","Shockwave","Warcry","Heavy Blade+1","Regret","Pain","Pummel+1","Rupture+1","Parasite","Reaper+1","Warcry","Pummel+1","Warcry","Brutality+1","Trip","Jack Of All Trades","Apotheosis","Doubt","Twin Strike+1"],"max_hp_per_floor":[80,80,80,80,80,80,80,80,86,86,92,92,98,98,98,104,129,129,129,129,129,135,135,135,135,141,141,141,141,141,141,141,147,147,147,147,147,147,147,147,147,147,153,153,153,153,153,153,153,153],"relics":["Cursed Key","Darkstone Periapt","Du-Vu Doll","Bloody Idol","The Courier","Art of War","Anchor","Question Card","Calling Bell","Blue Candle","Strawberry","Shovel","Juzu Bracelet","Gambling Chip","Molten Egg 2","Bag of Preparation","Frozen Egg 2","Dream Catcher","Philosopher\u0027s Stone","Mercury Hourglass","Red Skull","Thread and Needle","Self Forming Clay","Gremlin Horn","Kunai","Regal Pillow","Omamori"],"card_choices":[{"not_picked":["True Grit"],"picked":"Corruption","floor":1},{"not_picked":["Combust"],"picked":"True Grit","floor":3},{"not_picked":["Iron Wave"],"picked":"Pommel Strike","floor":5},{"not_picked":["Rage"],"picked":"Flex","floor":6},{"not_picked":["Wild Strike"],"picked":"Entrench","floor":8},{"not_picked":["Havoc"],"picked":"Armaments","floor":10},{"not_picked":["Demon Form","Bludgeon"],"picked":"Barricade","floor":16},{"not_picked":["Wild Strike","Corruption"],"picked":"Cleave","floor":18},{"not_picked":["Evolve","Perfected Strike"],"picked":"Heavy Blade","floor":21},{"not_picked":["Inflame","Shrug It Off"],"picked":"Entrench","floor":23},{"not_picked":["Seeing Red","Heavy Blade"],"picked":"Pummel","floor":29},{"not_picked":["Wild Strike","Flex"],"picked":"Rupture","floor":30},{"not_picked":["Offering","Barricade"],"picked":"Reaper","floor":33},{"not_picked":["Body Slam","Rage"],"picked":"Warcry","floor":35},{"not_picked":["Heavy Blade","Inflame"],"picked":"Pummel","floor":37},{"not_picked":["Pommel Strike","Wild Strike"],"picked":"Warcry","floor":38},{"not_picked":["Clothesline","Anger"],"picked":"Brutality","floor":39},{"not_picked":["Flash of Steel","Burning Pact"],"picked":"Trip","floor":42},{"not_picked":["Good Instincts","Madness"],"picked":"Jack Of All Trades","floor":42},{"not_picked":["Jack Of All Trades","Flash of Steel"],"picked":"Apotheosis","floor":42},{"not_picked":["Clash","Inflame"],"picked":"Twin Strike","floor":46}],"player_experience":46807,"potions_floor_usage":[6,14,18,33,50,50,50],"damage_taken":[{"damage":8,"enemies":"Small Slimes","floor":1,"turns":3},{"damage":2,"enemies":"2 Louse","floor":3,"turns":3},{"damage":0,"enemies":"Cultist","floor":5,"turns":3},{"damage":15,"enemies":"Lagavulin","floor":6,"turns":5},{"damage":0,"enemies":"Gremlin Gang","floor":8,"turns":4},{"damage":3,"enemies":"Exordium Wildlife","floor":10,"turns":3},{"damage":9,"enemies":"Gremlin Nob","floor":14,"turns":3},{"damage":56,"enemies":"The Guardian","floor":16,"turns":12},{"damage":7,"enemies":"2 Thieves","floor":18,"turns":4},{"damage":1,"enemies":"Chosen","floor":21,"turns":3},{"damage":32,"enemies":"Gremlin Leader","floor":23,"turns":5},{"damage":21,"enemies":"Slaver and Parasite","floor":29,"turns":4},{"damage":1,"enemies":"Snake Plant","floor":30,"turns":2},{"damage":18,"enemies":"Collector","floor":33,"turns":7},{"damage":9,"enemies":"3 Darklings","floor":35,"turns":2},{"damage":0,"enemies":"Orb Walker","floor":37,"turns":1},{"damage":0,"enemies":"Flame Bruiser 2 Orb","floor":38,"turns":1},{"damage":8,"enemies":"3 Darklings","floor":39,"turns":2},{"damage":4,"enemies":"Mysterious Sphere","floor":41,"turns":2},{"damage":1,"enemies":"4 Shapes","floor":46,"turns":2},{"damage":81,"enemies":"Awakened One","floor":50,"turns":6}],"event_choices":[{"event_name":"Shining Light","player_choice":"Entered Light","floor":2,"damage_taken":0},{"event_name":"Golden Idol","player_choice":"Take Damage","floor":4,"damage_taken":0},{"event_name":"Golden Shrine","player_choice":"Desecrate","floor":13,"damage_taken":0},{"event_name":"Drug Dealer","player_choice":"Got JAXXED","floor":19,"damage_taken":0},{"event_name":"Golden Shrine","player_choice":"Desecrate","floor":22,"damage_taken":0},{"event_name":"Forgotten Altar","player_choice":"Gave Idol","floor":24,"damage_taken":0},{"event_name":"Back to Basics","player_choice":"Simplicity","floor":27,"damage_taken":0},{"event_name":"Beggar","player_choice":"Gave Gold","floor":31,"damage_taken":0},{"event_name":"Mysterious Sphere","player_choice":"Fight","floor":41,"damage_taken":0},{"event_name":"SensoryStone","player_choice":"Memory 3","floor":42,"damage_taken":0},{"event_name":"The Woman in Blue","player_choice":"Bought 3 Potions","floor":48,"damage_taken":0}],"boss_relics":[{"not_picked":["Sozu","Ectoplasm"],"picked":"Calling Bell"},{"not_picked":["Astrolabe","Mark of Pain"],"picked":"Philosopher\u0027s Stone"}],"potions_floor_spawned":[1,6,16,29,33,37,46],"seed_played":"3601670706456494234","ascension_level":0,"is_trial":false}