{"gold_per_floor":[18,18,18,36,104,104,136,136,136,136,161,180,180,198,198,198],"floor_reached":16,"playtime":798,"items_purged":[],"score":138,"play_id":"f43c9f0c-f0fd-45cd-bdef-6e12ceb32849","local_time":"20190209195740","is_ascension_mode":true,"campfire_choices":[{"data":"Deadly Poison","floor":6,"key":"SMITH"},{"data":"Bane","floor":8,"key":"SMITH"},{"floor":10,"key":"REST"},{"data":"Distraction","floor":13,"key":"SMITH"},{"floor":15,"key":"REST"}],"neow_cost":"NO_GOLD","seed_source_timestamp":14757767795376,"circlet_count":0,"master_deck":["Defend_G","Defend_G","Defend_G","Defend_G","Strike_G","Strike_G","Strike_G","Strike_G","Survivor","Neutralize","Acrobatics","Deadly Poison+1","Bane+1","Blur","Distraction+1","Blur","Cloak And Dagger"],"relics":["Ring of the Snake","SsserpentHead","Calipers","Mummified Hand","Centennial Puzzle"],"potions_floor_usage":[16,16],"damage_taken":[{"damage":0,"enemies":"2 Louse","floor":1,"turns":2},{"damage":0,"enemies":"Cultist","floor":4,"turns":5},{"damage":0,"enemies":"Small Slimes","floor":5,"turns":3},{"damage":33,"enemies":"3 Sentries","floor":7,"turns":12},{"damage":25,"enemies":"Gremlin Nob","floor":11,"turns":4},{"damage":6,"enemies":"Looter","floor":12,"turns":2},{"damage":9,"enemies":"Large Slime","floor":14,"turns":10},{"damage":43,"enemies":"Slime Boss","floor":16,"turns":9}],"seed_played":"5025411065331673169","potions_obtained":[{"floor":11,"key":"Poison Potion"},{"floor":12,"key":"Energy Potion"},{"floor":14,"key":"Fire Potion"}],"is_trial":false,"path_per_floor":["M","?","$","M","M","R","E","R","T","R","E","M","R","M","R","B"],"character_chosen":"THE_SILENT","items_purchased":[],"campfire_rested":2,"item_purchase_floors":[],"current_hp_per_floor":[70,70,70,70,70,70,37,37,37,58,33,27,27,18,39,0],"gold":198,"neow_bonus":"REMOVE_TWO","is_prod":false,"is_daily":false,"chose_seed":false,"campfire_upgraded":3,"win_rate":0,"timestamp":1549738660,"path_taken":["M","?","$","M","?","R","E","R","T","R","E","M","R","M","R","BOSS"],"build_version":"2019-01-23","purchased_purges":0,"victory":false,"max_hp_per_floor":[70,70,70,70,70,70,70,70,70,70,70,70,70,70,70,70],"card_choices":[{"not_picked":["Slice","Flying Knee"],"picked":"Acrobatics","floor":1},{"not_picked":["Finisher","Acrobatics"],"picked":"Deadly Poison","floor":4},{"not_picked":["Endless Agony","Slice"],"picked":"Bane","floor":5},{"not_picked":["Distraction","Underhanded Strike"],"picked":"Blur","floor":7},{"not_picked":["Unload","Quick Slash"],"picked":"Distraction","floor":11},{"not_picked":["Bane","Backstab"],"picked":"Blur","floor":12},{"not_picked":["Deadly Poison","Outmaneuver"],"picked":"Cloak And Dagger","floor":14}],"player_experience":261360,"relics_obtained":[{"floor":7,"key":"Calipers"},{"floor":9,"key":"Mummified Hand"},{"floor":11,"key":"Centennial Puzzle"}],"event_choices":[{"damage_healed":0,"gold_gain":0,"player_choice":"Trade","damage_taken":0,"relics_obtained":["SsserpentHead"],"max_hp_gain":0,"max_hp_loss":0,"event_name":"FaceTrader","floor":2,"gold_loss":0}],"is_beta":false,"boss_relics":[],"items_purged_floors":[],"is_endless":false,"potions_floor_spawned":[11,12,14],"killed_by":"Slime Boss","ascension_level":5}