{"gold_per_floor":[114,130,305,325,336,365,365,290,290,306,333,13,13,43,43,146,446,460,375,21,41,41,41,53,0,26,26,37,37,71,85,85,185,185,204,215,232,82,82,82,82,92,116,116,135,154,154],"floor_reached":47,"playtime":5099,"items_purged":["Doubt","Strike_R","Normality"],"score":557,"play_id":"9dec428b-c61c-41cd-b7ce-58d5e19e0a47","local_time":"20190121221150","is_ascension_mode":false,"campfire_choices":[{"data":"Armaments","floor":7.0,"key":"SMITH"},{"floor":13.0,"key":"REST"},{"data":"Bloodletting","floor":15.0,"key":"SMITH"},{"data":"Flame Barrier","floor":23.0,"key":"SMITH"},{"data":"J.A.X.","floor":27.0,"key":"SMITH"},{"data":"Searing Blow+1","floor":29.0,"key":"SMITH"},{"floor":32.0,"key":"REST"},{"floor":40,"key":"REST"},{"data":"Searing Blow+3","floor":44,"key":"SMITH"}],"neow_cost":"NONE","seed_source_timestamp":0,"circlet_count":0,"master_deck":["Strike_R+1","Strike_R+1","Strike_R+1","Strike_R+1","Defend_R+1","Defend_R+1","Defend_R+1","Defend_R+1","Bash+1","Iron Wave+1","Flame Barrier+1","Clothesline+1","Armaments+1","Pommel Strike+1","Whirlwind+1","Blood for Blood+1","Bloodletting+1","Reaper+1","Immolate+1","Parasite","Injury","Shockwave+1","Dropkick+1","Swift Strike+1","Twin Strike+1","Inflame+1","J.A.X.+1","True Grit+1","Searing Blow+4","Flex+1","Anger+1","Impervious+1","Seeing Red+1","Twin Strike+1","Cleave+1","Twin Strike+1","Doubt","Parasite","Shrug It Off+1","Rage+1"],"special_seed":0,"relics":["Burning Blood","Pear","Molten Egg 2","Odd Mushroom","Orichalcum","Meat on the Bone","Calling Bell","Darkstone Periapt","Old Coin","Art of War","War Paint","Strawberry","Bottled Flame","Cursed Key","Regal Pillow","Mark of the Bloom","Potion Belt"],"potions_floor_usage":[37,46,47,47],"damage_taken":[{"damage":10.0,"enemies":"Cultist","floor":1.0,"turns":4.0},{"damage":6.0,"enemies":"Jaw Worm","floor":2.0,"turns":2.0},{"damage":0.0,"enemies":"Small Slimes","floor":4.0,"turns":3.0},{"damage":9.0,"enemies":"Blue Slaver","floor":5.0,"turns":4.0},{"damage":53.0,"enemies":"Gremlin Nob","floor":6.0,"turns":7.0},{"damage":0.0,"enemies":"Looter","floor":10.0,"turns":4.0},{"damage":0.0,"enemies":"The Mushroom Lair","floor":11.0,"turns":2.0},{"damage":9.0,"enemies":"Lagavulin","floor":14.0,"turns":5.0},{"damage":55.0,"enemies":"The Guardian","floor":16.0,"turns":11.0},{"damage":17.0,"enemies":"2 Thieves","floor":18.0,"turns":3.0},{"damage":17.0,"enemies":"Spheric Guardian","floor":21.0,"turns":4.0},{"damage":37.0,"enemies":"Shelled Parasite and Fungi","floor":24.0,"turns":5.0},{"damage":26.0,"enemies":"Centurion and Healer","floor":28.0,"turns":7.0},{"damage":50.0,"enemies":"Gremlin Leader","floor":30.0,"turns":5.0},{"damage":20.0,"enemies":"Snecko","floor":31.0,"turns":5.0},{"damage":82.0,"enemies":"Collector","floor":33.0,"turns":11.0},{"damage":13.0,"enemies":"3 Darklings","floor":35.0,"turns":4.0},{"damage":8,"enemies":"Orb Walker","floor":36,"turns":3},{"damage":76,"enemies":"Maw","floor":37,"turns":9},{"damage":16,"enemies":"Spire Growth","floor":42,"turns":3},{"damage":37,"enemies":"Writhing Mass","floor":45,"turns":6},{"damage":6,"enemies":"Jaw Worm Horde","floor":46,"turns":2},{"damage":28,"enemies":"Maw","floor":47,"turns":4}],"seed_played":"4276406404238654461","potions_obtained":[{"floor":4.0,"key":"SteroidPotion"},{"floor":5.0,"key":"Energy Potion"},{"floor":11.0,"key":"Strength Potion"},{"floor":21.0,"key":"Energy Potion"},{"floor":33.0,"key":"AttackPotion"},{"floor":36,"key":"Energy Potion"},{"floor":42,"key":"Fire Potion"},{"floor":45,"key":"SkillPotion"}],"is_trial":false,"path_per_floor":["M","M","?","M","M","E","R","$","T","M","?","$","R","E","R","B",null,"M","?","$","M","?","R","M","?","T","R","M","R","E","M","R","B",null,"M","M","M","$","?","R","?","M","T","R","M","M","M"],"character_chosen":"IRONCLAD","items_purchased":["Orichalcum","Bloodletting","Dropkick+1","Swift Strike+1","Twin Strike+1","Weak Potion","Regal Pillow"],"campfire_rested":3,"item_purchase_floors":[12,12,20,20,20,20,38],"current_hp_per_floor":[84,84,84,88,85,48,48,48,48,54,60,60,89,86,86,54,98,87,87,87,76,76,76,67,67,74,74,74,74,66,60,91,27,105,98,96,38,38,38,83,83,67,67,67,30,24,0],"gold":154,"neow_bonus":"TEN_PERCENT_HP_BONUS","is_prod":false,"is_daily":false,"chose_seed":false,"campfire_upgraded":6,"win_rate":0,"timestamp":1548126710,"path_taken":["M","M","?","M","M","E","R","?","T","M","?","$","R","E","R","BOSS","M","?","$","M","?","R","M","?","T","R","M","R","E","M","R","BOSS","M","M","M","$","?","R","?","?","T","R","M","M","M"],"build_version":"2019-01-17v2","purchased_purges":3,"victory":false,"max_hp_per_floor":[88,88,88,88,88,98,98,98,98,98,98,98,98,98,98,98,98,98,98,98,98,98,98,98,98,105,105,105,105,105,105,105,105,105,105,105,105,105,100,100,100,100,106,106,112,112,112],"card_choices":[{"not_picked":["Warcry","Reckless Charge"],"picked":"Iron Wave","floor":1.0},{"not_picked":["Clash","Thunderclap"],"picked":"Flame Barrier","floor":2.0},{"not_picked":["True Grit","Reckless Charge"],"picked":"Clothesline","floor":4.0},{"not_picked":["Hemokinesis","Rupture"],"picked":"Armaments","floor":5.0},{"not_picked":["Sword Boomerang","Headbutt"],"picked":"Pommel Strike","floor":6.0},{"not_picked":["Pommel Strike+1","Anger+1"],"picked":"Whirlwind+1","floor":10.0},{"not_picked":["Sentinel","Pommel Strike+1"],"picked":"Blood for Blood+1","floor":11.0},{"not_picked":["Second Wind","Entrench"],"picked":"Reaper+1","floor":14.0},{"not_picked":["Demon Form","Dark Embrace"],"picked":"Immolate+1","floor":16.0},{"not_picked":["Battle Trance","Thunderclap+1"],"picked":"Shockwave+1","floor":18.0},{"not_picked":["Twin Strike+1","Clash+1"],"picked":"Inflame+1","floor":21.0},{"not_picked":["Thunderclap+1","Corruption"],"picked":"True Grit+1","floor":24.0},{"not_picked":["Barricade","Flame Barrier"],"picked":"Searing Blow+1","floor":28.0},{"not_picked":["Disarm","Ghostly Armor"],"picked":"Flex","floor":30.0},{"not_picked":["Battle Trance","Armaments"],"picked":"Anger+1","floor":31.0},{"not_picked":["Reaper+1","Brutality"],"picked":"Impervious","floor":33.0},{"not_picked":["Anger+1","Warcry"],"picked":"Seeing Red","floor":35},{"not_picked":["Rage","Sentinel+1"],"picked":"Twin Strike+1","floor":36},{"not_picked":["Perfected Strike+1","Clash+1"],"picked":"Cleave+1","floor":37},{"not_picked":["Headbutt+1","Havoc+1"],"picked":"Twin Strike+1","floor":42},{"not_picked":["Berserk","Clash+1"],"picked":"Shrug It Off+1","floor":45},{"not_picked":["Twin Strike+1","Power Through+1"],"picked":"Rage+1","floor":46}],"player_experience":92963,"relics_obtained":[{"floor":6.0,"key":"Pear"},{"floor":9.0,"key":"Molten Egg 2"},{"floor":11.0,"key":"Odd Mushroom"},{"floor":14.0,"key":"Meat on the Bone"},{"floor":17.0,"key":"Darkstone Periapt"},{"floor":17.0,"key":"Old Coin"},{"floor":17.0,"key":"Art of War"},{"floor":26.0,"key":"Strawberry"},{"floor":30.0,"key":"Bottled Flame"},{"floor":43,"key":"Potion Belt"}],"event_choices":[{"damage_healed":0.0,"max_hp_gain":0.0,"max_hp_loss":0.0,"gold_gain":175.0,"event_name":"Liars Game","player_choice":"AGREE","floor":3.0,"gold_loss":0.0,"damage_taken":0.0,"cards_obtained":["Doubt"]},{"damage_healed":0.0,"max_hp_gain":0.0,"max_hp_loss":0.0,"gold_gain":0.0,"event_name":"Mushrooms","player_choice":"Fought Mushrooms","floor":11.0,"gold_loss":0.0,"damage_taken":0.0},{"damage_healed":0.0,"max_hp_gain":0.0,"max_hp_loss":0.0,"gold_gain":0.0,"event_name":"Addict","player_choice":"Obtained Relic","floor":19.0,"gold_loss":85.0,"damage_taken":0.0,"relics_obtained":["War Paint"]},{"damage_healed":0.0,"max_hp_gain":0.0,"max_hp_loss":0.0,"gold_gain":0.0,"event_name":"Drug Dealer","player_choice":"Obtain J.A.X.","floor":22.0,"gold_loss":0.0,"damage_taken":0.0,"cards_obtained":["J.A.X."]},{"damage_healed":0.0,"max_hp_gain":0.0,"max_hp_loss":0.0,"gold_gain":0.0,"event_name":"Masked Bandits","player_choice":"Paid Fearfully","floor":25.0,"gold_loss":53.0,"damage_taken":0.0},{"damage_healed":0,"gold_gain":0,"player_choice":"Max HP","damage_taken":0,"max_hp_gain":0,"max_hp_loss":5,"event_name":"Winding Halls","floor":39,"gold_loss":0},{"damage_healed":0,"gold_gain":0,"player_choice":"Upgrade","damage_taken":0,"relics_obtained":["Mark of the Bloom"],"max_hp_gain":0,"max_hp_loss":0,"event_name":"MindBloom","floor":41,"gold_loss":0,"cards_upgraded":["Strike_R","Strike_R","Strike_R","Strike_R","Defend_R","Defend_R","Bash","Iron Wave","Clothesline","Pommel Strike","Searing Blow","Flex","Impervious","Seeing Red"]}],"is_beta":false,"boss_relics":[{"not_picked":["Philosopher\u0027s Stone","Eternal Feather"],"picked":"Calling Bell"},{"not_picked":["Black Blood","Mark of Pain"],"picked":"Cursed Key"}],"items_purged_floors":[8,12,20],"is_endless":false,"potions_floor_spawned":[4,5,11,21,33,36,42,45],"killed_by":"Maw","ascension_level":0}