{"path_per_floor":["M","M","?","M","M","R","E","$","T","E","R","$","M","E","R","B",null,"M","?","?","M","$","R","M","R","T","?","M","R","$","M","R","B",null,"M","M","$","?","?","R","E","?","T"],"character_chosen":"DEFECT","items_purchased":["Defragment","Gash","Trip"],"gold_per_floor":[117,137,137,157,170,170,203,57,57,88,88,12,26,54,54,149,149,160,160,160,173,73,73,89,89,89,89,106,106,18,38,38,138,138,151,162,37,87,87,87,117,117,142,142],"floor_reached":44,"campfire_rested":0,"playtime":2418,"item_purchase_floors":[],"current_hp_per_floor":[88,79,79,79,70,70,65,65,65,66,66,66,60,63,63,28,89,89,89,89,72,72,72,79,79,79,79,74,74,74,88,88,36,89,81,73,73,49,49,59,36,36,36,0],"items_purged":["Strike_B","Strike_B","Defend_B"],"gold":142,"score":499,"play_id":"439855fe-5c3d-47b6-b2c8-14f15e04ddff","local_time":"20180524222826","is_prod":false,"is_daily":false,"chose_seed":false,"is_ascension_mode":true,"campfire_upgraded":8,"win_rate":0,"timestamp":1527197306,"campfire_choices":[{"data":"Sunder","floor":6.0,"key":"SMITH"},{"data":"Defragment","floor":11.0,"key":"SMITH"},{"data":"Dualcast","floor":15.0,"key":"SMITH"},{"data":"Gash","floor":23.0,"key":"SMITH"},{"data":"Gash","floor":25.0,"key":"SMITH"},{"data":"Hologram","floor":29.0,"key":"SMITH"},{"data":"Trip","floor":32.0,"key":"SMITH"},{"data":"Seek","floor":40.0,"key":"SMITH"}],"path_taken":["M","?","?","M","M","R","E","?","T","E","R","$","M","E","R","BOSS","M","?","?","M","$","R","?","R","T","?","M","R","$","M","R","BOSS","M","M","?","?","?","R","E","?","T","E"],"build_version":"2018-05-23v2","seed_source_timestamp":0,"purchased_purges":3,"victory":false,"master_deck":["Strike_B+1","Defend_B","Defend_B","Defend_B","Zap","Dualcast+1","Sunder+1","Self Repair","Reinforced Body","Streamline+1","Defragment+1","Rainbow","Gash+1","Undo","FTL","All For One","Redo+1","Gash+1","White Noise","Hologram+1","FTL+1","Trip+1","Reprogram+1","Seek+1","White Noise+1","Thinking Ahead"],"max_hp_per_floor":[89,89,89,89,89,89,89,89,89,89,89,89,89,89,89,89,89,89,89,89,89,89,89,89,89,89,89,89,89,89,89,89,89,89,89,89,89,89,89,89,89,89,89,89],"relics":["Cracked Core","Matryoshka","Whetstone","Kunai","Omamori","Prayer Wheel","Nuclear Battery","Darkstone Periapt","Shuriken","Eternal Feather","Shovel","Orichalcum","Oddly Smooth Stone"],"card_choices":[{"not_picked":["Hologram","Axe Kick"],"picked":"Sunder","floor":1.0},{"not_picked":["Rebound","Redo","Steam"],"picked":"SKIP","floor":2.0},{"not_picked":["Aggregate","Streamline"],"picked":"Self Repair","floor":4.0},{"not_picked":["Storm","Cold Snap"],"picked":"Reinforced Body","floor":5.0},{"not_picked":["Sweeping Beam","Lockon"],"picked":"Streamline","floor":7.0},{"not_picked":["Steam","Go for the Eyes"],"picked":"Rainbow","floor":10.0},{"not_picked":["Turbo","Steam"],"picked":"Undo","floor":13.0},{"not_picked":["Sweeping Beam","Capacitor"],"picked":"FTL","floor":14.0},{"not_picked":["Biased Cognition","Hyperbeam"],"picked":"All For One","floor":16.0},{"not_picked":["Beam Cell","Stack"],"picked":"Redo+1","floor":18.0},{"not_picked":["Streamline+1","Force Field","Heatsinks"],"picked":"SKIP","floor":18.0},{"not_picked":["Go for the Eyes+1","Coolheaded","Cold Snap+1"],"picked":"SKIP","floor":21.0},{"not_picked":["Scrape","Rip and Tear","Coolheaded"],"picked":"SKIP","floor":21.0},{"not_picked":["Sunder","Leap"],"picked":"White Noise","floor":24.0},{"not_picked":["Chaos","Darkness","Cold Snap"],"picked":"SKIP","floor":24.0},{"not_picked":["Skim","Ball Lightning"],"picked":"FTL+1","floor":28.0},{"not_picked":["Hologram","Scrape+1","Coolheaded"],"picked":"SKIP","floor":28.0},{"not_picked":["Chaos","Sweeping Beam+1"],"picked":"Reprogram+1","floor":31.0},{"not_picked":["Recycle+1","Go for the Eyes","Rebound"],"picked":"SKIP","floor":31.0},{"not_picked":["Thunder Strike","Core Surge"],"picked":"Seek","floor":33.0},{"not_picked":["Steam","Hologram+1","Ball Lightning"],"picked":"SKIP","floor":35.0},{"not_picked":["Barrage","Beam Cell+1","Coolheaded+1"],"picked":"SKIP","floor":35.0},{"not_picked":["Amplify","Reprogram+1"],"picked":"White Noise+1","floor":36.0},{"not_picked":["Reinforced Body","Blizzard+1","Glacier"],"picked":"SKIP","floor":36.0},{"not_picked":["Force Field","Consume+1","Redo"],"picked":"SKIP","floor":41.0},{"not_picked":["Transmutation","Mind Blast"],"picked":"Thinking Ahead","floor":42.0}],"player_experience":182333,"potions_floor_usage":[44],"damage_taken":[{"damage":1.0,"enemies":"Cultist","floor":1.0,"turns":3.0},{"damage":9.0,"enemies":"Jaw Worm","floor":2.0,"turns":3.0},{"damage":0.0,"enemies":"Small Slimes","floor":4.0,"turns":2.0},{"damage":16.0,"enemies":"Red Slaver","floor":5.0,"turns":4.0},{"damage":12.0,"enemies":"3 Sentries","floor":7.0,"turns":7.0},{"damage":6.0,"enemies":"Gremlin Nob","floor":10.0,"turns":3.0},{"damage":6.0,"enemies":"Looter","floor":13.0,"turns":2.0},{"damage":4.0,"enemies":"Lagavulin","floor":14.0,"turns":7.0},{"damage":42.0,"enemies":"Slime Boss","floor":16.0,"turns":11.0},{"damage":0.0,"enemies":"Chosen","floor":18.0,"turns":5.0},{"damage":17.0,"enemies":"2 Thieves","floor":21.0,"turns":4.0},{"damage":0.0,"enemies":"Sentry and Sphere","floor":24.0,"turns":4.0},{"damage":12.0,"enemies":"Snake Plant","floor":28.0,"turns":4.0},{"damage":0.0,"enemies":"Snecko","floor":31.0,"turns":4.0},{"damage":59.0,"enemies":"Automaton","floor":33.0,"turns":9.0},{"damage":15.0,"enemies":"3 Shapes","floor":35.0,"turns":5.0},{"damage":15.0,"enemies":"Flame Bruiser 1 Orb","floor":36.0,"turns":4.0},{"damage":31.0,"enemies":"Mysterious Sphere","floor":38.0,"turns":7.0},{"damage":30.0,"enemies":"Giant Head","floor":41.0,"turns":6.0},{"damage":50,"enemies":"2 Orb Walkers","floor":44,"turns":3}],"relics_obtained":[{"floor":7.0,"key":"Matryoshka"},{"floor":9.0,"key":"Whetstone"},{"floor":9.0,"key":"Kunai"},{"floor":10.0,"key":"Omamori"},{"floor":14.0,"key":"Prayer Wheel"},{"floor":26.0,"key":"Darkstone Periapt"},{"floor":26.0,"key":"Shuriken"},{"floor":38.0,"key":"Shovel"},{"floor":41.0,"key":"Orichalcum"},{"floor":43.0,"key":"Oddly Smooth Stone"}],"event_choices":[{"event_name":"Purifier","player_choice":"One Purge","floor":3.0,"damage_taken":0.0},{"event_name":"Duplicator","player_choice":"One dupe","floor":19.0,"damage_taken":0.0},{"event_name":"Back to Basics","player_choice":"Elegance","floor":20.0,"damage_taken":0.0},{"event_name":"The Library","player_choice":"Read","floor":27.0,"damage_taken":0.0},{"event_name":"Mysterious Sphere","player_choice":"Fight","floor":38.0,"damage_taken":0.0},{"event_name":"The Lab","player_choice":"Got Potions","floor":39.0,"damage_taken":0.0},{"event_name":"SensoryStone","player_choice":"Memory 1","floor":42.0,"damage_taken":0.0}],"boss_relics":[],"items_purged_floors":[],"potions_floor_spawned":[1,5,10,13,18,21,31,35,36],"seed_played":"7384652235376982470","killed_by":"2 Orb Walkers","ascension_level":2,"potions_obtained":[{"floor":1.0,"key":"EssenceOfSteel"},{"floor":5.0,"key":"Regen Potion"},{"floor":10.0,"key":"Weak Potion"},{"floor":13.0,"key":"Dexterity Potion"},{"floor":18.0,"key":"Ancient Potion"},{"floor":21.0,"key":"FocusPotion"},{"floor":31.0,"key":"Swift Potion"},{"floor":35.0,"key":"AttackPotion"},{"floor":36.0,"key":"FearPotion"},{"floor":39.0,"key":"Swift Potion"}],"is_trial":false}