{"gold_per_floor":[117,127,52,52,71,71,101,113,136,136,61,88,88,98,98,174,174,186,198,213,213,213,213,173,173,173,173],"floor_reached":27,"playtime":1451,"items_purged":["Strike_B"],"score":387,"play_id":"23d710c2-96af-4f36-a7b1-6db2bacfffda","local_time":"20190212022452","is_ascension_mode":true,"campfire_choices":[{"data":"Zap","floor":6,"key":"SMITH"},{"floor":10,"key":"REST"},{"data":"Biased Cognition","floor":13,"key":"SMITH"},{"data":"Hologram","floor":15,"key":"SMITH"},{"floor":23,"key":"REST"},{"floor":25,"key":"REST"}],"neow_cost":"NONE","seed_source_timestamp":1742617833149392,"circlet_count":0,"master_deck":["AscendersBane","Strike_B","Strike_B","Defend_B","Defend_B+1","Defend_B","Defend_B","Zap+1","Dualcast","Conserve Battery+1","Cold Snap","Ball Lightning","Biased Cognition+1","Hologram+1","Conserve Battery","Compile Driver","Thunder Strike","Redo","Redo+1","Doom and Gloom"],"relics":["Cracked Core","Oddly Smooth Stone","Orichalcum","Blood Vial","War Paint","Sozu","Nilry\u0027s Codex","Art of War"],"potions_floor_usage":[16,27],"damage_taken":[{"damage":4,"enemies":"Jaw Worm","floor":1,"turns":3},{"damage":7,"enemies":"Small Slimes","floor":2,"turns":4},{"damage":8,"enemies":"2 Louse","floor":5,"turns":4},{"damage":36,"enemies":"Gremlin Nob","floor":7,"turns":4},{"damage":0,"enemies":"Red Slaver","floor":8,"turns":3},{"damage":8,"enemies":"Lagavulin","floor":12,"turns":4},{"damage":2,"enemies":"Blue Slaver","floor":14,"turns":2},{"damage":8,"enemies":"Hexaghost","floor":16,"turns":9},{"damage":0,"enemies":"Chosen","floor":18,"turns":4},{"damage":1,"enemies":"Shell Parasite","floor":19,"turns":5},{"damage":26,"enemies":"Centurion and Healer","floor":20,"turns":8},{"damage":8,"enemies":"Colosseum Slavers","floor":22,"turns":4},{"damage":75,"enemies":"Gremlin Leader","floor":27,"turns":8}],"seed_played":"-5818107273878001097","potions_obtained":[{"floor":7,"key":"Explosive Potion"},{"floor":8,"key":"Explosive Potion"},{"floor":14,"key":"Fire Potion"}],"is_trial":false,"path_per_floor":["M","M","?","?","M","R","E","M","T","R","$","E","R","M","R","B",null,"M","M","M","?","?","R","$","R","T","E"],"character_chosen":"DEFECT","items_purchased":["Doom and Gloom"],"campfire_rested":3,"item_purchase_floors":[24],"current_hp_per_floor":[67,60,60,55,47,47,11,11,11,34,34,28,28,28,28,22,64,66,67,43,22,16,39,39,62,62,0],"gold":173,"neow_bonus":"TEN_PERCENT_HP_BONUS","is_prod":false,"is_daily":false,"chose_seed":false,"campfire_upgraded":3,"win_rate":0,"timestamp":1549905892,"path_taken":["M","M","?","?","M","R","E","M","T","R","?","E","R","M","R","BOSS","M","M","M","?","?","R","$","R","T","E"],"build_version":"2019-01-23","purchased_purges":1,"victory":false,"max_hp_per_floor":[78,78,78,78,78,78,78,78,78,78,78,78,78,78,78,78,78,78,78,78,78,78,78,78,78,78,78],"card_choices":[{"not_picked":["Beam Cell","Compile Driver"],"picked":"Conserve Battery","floor":1},{"not_picked":["Reinforced Body","Sunder"],"picked":"Cold Snap","floor":2},{"not_picked":["Rip and Tear","Aggregate"],"picked":"Ball Lightning","floor":5},{"not_picked":["Ball Lightning","Double Energy"],"picked":"Biased Cognition","floor":7},{"not_picked":["Conserve Battery","Rip and Tear"],"picked":"Hologram","floor":8},{"not_picked":["Rebound","Beam Cell"],"picked":"Conserve Battery","floor":12},{"not_picked":["Leap","Hello World"],"picked":"Compile Driver","floor":14},{"not_picked":["Buffer","Meteor Strike"],"picked":"Thunder Strike","floor":16},{"not_picked":["Sunder","Stack"],"picked":"Redo","floor":18},{"not_picked":["Streamline","Scrape","Redo"],"picked":"SKIP","floor":19},{"not_picked":["Gash","Steam"],"picked":"Redo+1","floor":20}],"player_experience":972359,"relics_obtained":[{"floor":7,"key":"Orichalcum"},{"floor":9,"key":"Blood Vial"},{"floor":12,"key":"War Paint"},{"floor":21,"key":"Nilry\u0027s Codex"},{"floor":26,"key":"Art of War"}],"event_choices":[{"cards_removed":["Strike_B"],"damage_healed":0,"gold_gain":0,"player_choice":"Card Removal","damage_taken":0,"max_hp_gain":0,"max_hp_loss":0,"event_name":"The Cleric","floor":3,"gold_loss":75},{"damage_healed":0,"gold_gain":0,"player_choice":"Success","damage_taken":5,"relics_obtained":["Oddly Smooth Stone"],"max_hp_gain":0,"max_hp_loss":0,"event_name":"Scrap Ooze","floor":4,"gold_loss":0},{"damage_healed":0,"gold_gain":0,"player_choice":"Obtained Book","damage_taken":21,"max_hp_gain":0,"max_hp_loss":0,"event_name":"Cursed Tome","floor":21,"gold_loss":0},{"damage_healed":0,"gold_gain":0,"player_choice":"Fight","damage_taken":0,"max_hp_gain":0,"max_hp_loss":0,"event_name":"Colosseum","floor":22,"gold_loss":0},{"damage_healed":0,"gold_gain":0,"player_choice":"Fled From Nobs","damage_taken":0,"max_hp_gain":0,"max_hp_loss":0,"event_name":"Colosseum","floor":22,"gold_loss":0}],"is_beta":false,"boss_relics":[{"not_picked":["Runic Dome","Snecko Eye"],"picked":"Sozu"}],"items_purged_floors":[11],"is_endless":false,"potions_floor_spawned":[7,8,14,19,20,22],"killed_by":"Gremlin Leader","ascension_level":15}