{"gold_per_floor":[118,130,140,140,155,155,190,190,190,210,210,62,62,77,77,180,180,190,208,208,208,222,222],"floor_reached":23,"playtime":1088,"items_purged":["Strike_R"],"score":232,"play_id":"52ab759f-cb36-4689-81b9-574c2a89fc0c","local_time":"20190209230053","is_ascension_mode":true,"campfire_choices":[{"data":"Twin Strike","floor":6,"key":"SMITH"},{"data":"Metallicize","floor":8,"key":"SMITH"},{"data":"Rage","floor":11,"key":"SMITH"},{"data":"Dual Wield","floor":15,"key":"SMITH"}],"neow_cost":"NONE","seed_source_timestamp":25460724635981,"circlet_count":0,"master_deck":["Strike_R","Strike_R","Strike_R","Defend_R","Defend_R","Defend_R","Defend_R","Bash","Rage+1","Whirlwind+1","Dual Wield+1","Twin Strike+1","Metallicize+1","Metallicize","Regret","Shrug It Off+1","Fire Breathing","J.A.X.","Twin Strike+1"],"relics":["Burning Blood","Singing Bowl","Blue Candle","Meat on the Bone","Mark of Pain"],"potions_floor_usage":[7,23,23],"damage_taken":[{"damage":6,"enemies":"Cultist","floor":1,"turns":3},{"damage":6,"enemies":"Jaw Worm","floor":2,"turns":3},{"damage":5,"enemies":"Small Slimes","floor":3,"turns":3},{"damage":15,"enemies":"Blue Slaver","floor":5,"turns":4},{"damage":26,"enemies":"Lagavulin","floor":7,"turns":6},{"damage":0,"enemies":"Large Slime","floor":10,"turns":6},{"damage":8,"enemies":"3 Louse","floor":14,"turns":2},{"damage":36,"enemies":"Slime Boss","floor":16,"turns":12},{"damage":25,"enemies":"Spheric Guardian","floor":18,"turns":8},{"damage":1,"enemies":"3 Byrds","floor":19,"turns":4},{"damage":7,"enemies":"Snake Plant","floor":22,"turns":7},{"damage":66,"enemies":"Gremlin Leader","floor":23,"turns":9}],"seed_played":"-9199884899257277186","potions_obtained":[{"floor":1,"key":"FearPotion"},{"floor":10,"key":"Poison Potion"},{"floor":14,"key":"LiquidBronze"},{"floor":16,"key":"Swift Potion"}],"is_trial":false,"path_per_floor":["M","M","M","?","M","R","E","R","T","M","R","$","?","M","R","B",null,"M","M","?","?","M","E"],"character_chosen":"IRONCLAD","items_purchased":["Metallicize"],"campfire_rested":0,"item_purchase_floors":[12],"current_hp_per_floor":[80,80,80,80,71,71,51,51,51,59,59,59,59,59,59,43,86,67,72,72,55,54,0],"gold":222,"neow_bonus":"TRANSFORM_CARD","is_prod":false,"is_daily":false,"chose_seed":false,"campfire_upgraded":4,"win_rate":0,"timestamp":1549749653,"path_taken":["M","?","M","?","M","R","E","R","T","M","R","?","?","M","R","BOSS","M","M","?","?","M","E"],"build_version":"2019-01-23","purchased_purges":1,"victory":false,"max_hp_per_floor":[80,80,80,80,80,80,80,80,80,82,82,82,82,84,84,86,86,86,86,86,91,91,91],"card_choices":[{"not_picked":["Clash","Armaments"],"picked":"Whirlwind","floor":1},{"not_picked":["Entrench","Clash","Flex"],"picked":"SKIP","floor":2},{"not_picked":["Anger","Wild Strike"],"picked":"Dual Wield","floor":3},{"not_picked":["Carnage","Flex"],"picked":"Twin Strike","floor":5},{"not_picked":["Rage","Anger"],"picked":"Metallicize","floor":7},{"not_picked":["Thunderclap","Headbutt","Second Wind"],"picked":"Singing Bowl","floor":10},{"not_picked":["Clothesline","Battle Trance","Bloodletting"],"picked":"Singing Bowl","floor":14},{"not_picked":["Exhume","Dark Embrace","Brutality"],"picked":"Singing Bowl","floor":16},{"not_picked":["Warcry","Headbutt"],"picked":"Shrug It Off+1","floor":18},{"not_picked":["True Grit","Hemokinesis"],"picked":"Fire Breathing","floor":19},{"not_picked":["Clash","Sword Boomerang"],"picked":"Twin Strike+1","floor":22}],"player_experience":271799,"relics_obtained":[{"floor":7,"key":"Singing Bowl"},{"floor":9,"key":"Blue Candle"}],"event_choices":[{"damage_healed":0,"gold_gain":0,"player_choice":"Upgraded","damage_taken":0,"max_hp_gain":0,"max_hp_loss":0,"event_name":"Upgrade Shrine","floor":4,"gold_loss":0,"cards_upgraded":["Whirlwind"]},{"damage_healed":0,"gold_gain":0,"player_choice":"Box","damage_taken":0,"relics_obtained":["Meat on the Bone"],"max_hp_gain":0,"max_hp_loss":0,"event_name":"Big Fish","floor":13,"gold_loss":0,"cards_obtained":["Regret"]},{"damage_healed":0,"gold_gain":0,"player_choice":"Obtain J.A.X.","damage_taken":0,"max_hp_gain":0,"max_hp_loss":0,"event_name":"Drug Dealer","floor":20,"gold_loss":0,"cards_obtained":["J.A.X."]},{"damage_healed":0,"gold_gain":0,"player_choice":"Shed Blood","damage_taken":22,"max_hp_gain":5,"max_hp_loss":0,"event_name":"Forgotten Altar","floor":21,"gold_loss":0}],"is_beta":false,"boss_relics":[{"not_picked":["Astrolabe","Philosopher\u0027s Stone"],"picked":"Mark of Pain"}],"items_purged_floors":[12],"is_endless":false,"potions_floor_spawned":[1,10,14,16,19],"killed_by":"Gremlin Leader","ascension_level":4}