{"path_per_floor":["M","$","M","?","M","E","R","M","T","?","E","$","?","M","R","B",null,"M","M","?","$","M","R","M","E","T","$","R","M","E","T","R","B",null,"M","$","?","M","?","E","M","R","T","$","M","?","M","M","R","B"],"character_chosen":"IRONCLAD","items_purchased":["Toxic Egg 2","Flex","True Grit+1","Bandage Up+1","Limit Break+1","Havoc+1","Jack Of All Trades+1","Double Tap+1","Warcry+1"],"gold_per_floor":[10,10,26,26,40,73,73,87,164,339,371,18,18,36,36,141,141,159,170,170,22,40,40,56,87,110,38,38,48,103,103,103,208,208,228,15,115,131,131,157,171,171,223,94,106,152,172,191,191,191],"floor_reached":51,"campfire_rested":1,"playtime":3062,"item_purchase_floors":[],"current_hp_per_floor":[79,79,80,80,80,44,44,33,33,33,17,17,17,23,47,24,80,55,34,34,34,31,31,39,50,50,50,50,58,66,66,66,48,85,85,85,85,61,61,88,88,88,88,88,91,77,87,91,91,91],"items_purged":["Regret","Strike_R+1"],"gold":191,"score":994,"play_id":"222ca655-2715-4b75-869a-34003c0db42f","local_time":"20180528221647","is_prod":false,"is_daily":false,"chose_seed":false,"is_ascension_mode":true,"campfire_upgraded":6,"win_rate":0,"timestamp":1527542207,"campfire_choices":[{"data":"Burning Pact","floor":7.0,"key":"SMITH"},{"floor":15.0,"key":"REST"},{"data":"Metallicize","floor":23.0,"key":"SMITH"},{"data":"Metallicize","floor":28.0,"key":"SMITH"},{"data":"Offering","floor":32.0,"key":"SMITH"},{"data":"Corruption","floor":42,"key":"SMITH"},{"data":"Immolate","floor":49,"key":"SMITH"}],"path_taken":["M","$","M","?","M","E","R","M","T","?","E","$","?","M","R","BOSS","M","M","?","?","M","R","M","E","T","$","R","M","E","?","R","BOSS","M","$","?","?","?","E","M","R","T","$","M","?","M","?","R","BOSS"],"build_version":"2018-05-27","seed_source_timestamp":0,"purchased_purges":2,"victory":true,"master_deck":["Strike_R+1","Strike_R+1","Strike_R+1","Defend_R+1","Defend_R+1","Defend_R+1","Bash","Inflame","Wild Strike","Spot Weakness","Burning Pact+1","Sword Boomerang","Offering+1","Blood for Blood","Metallicize+1","Flex+1","Entrench+1","Immolate+1","Havoc+1","Warcry+1","True Grit+1","Bandage Up+1","Metallicize+1","Carnage+1","Dual Wield+1","Limit Break+1","Armaments+1","Pummel","Exhume+1","Havoc+1","Jack Of All Trades+1","Feel No Pain","Havoc+1","Corruption+1","Double Tap+1","Warcry+1","Feel No Pain+1","Havoc+1","Havoc+1"],"max_hp_per_floor":[80,80,80,80,80,80,80,80,80,80,80,80,80,80,80,80,80,80,80,80,80,80,80,80,85,85,85,85,85,85,85,85,85,85,85,85,85,88,88,88,88,88,88,88,91,91,91,91,91,91],"relics":["Burning Blood","Dead Branch","Art of War","Question Card","Mummified Hand","Toxic Egg 2","Mark of Pain","Anchor","Omamori","Tiny Chest","Paper Frog","Black Star","Vajra","Boot","Blood Vial","Thread and Needle"],"card_choices":[{"not_picked":["Clash","Headbutt"],"picked":"Spot Weakness","floor":1.0},{"not_picked":["Flex","Hemokinesis"],"picked":"Burning Pact","floor":3.0},{"not_picked":["Body Slam","Rampage"],"picked":"Sword Boomerang","floor":5.0},{"not_picked":["Sword Boomerang","Dual Wield"],"picked":"Offering","floor":6.0},{"not_picked":["Pommel Strike","Searing Blow"],"picked":"Blood for Blood","floor":8.0},{"not_picked":["Impervious","Blood for Blood","Pommel Strike"],"picked":"Metallicize","floor":11.0},{"not_picked":["Dropkick","Thunderclap","Body Slam"],"picked":"Entrench+1","floor":14.0},{"not_picked":["Barricade","Fiend Fire","Dark Embrace"],"picked":"Immolate","floor":16.0},{"not_picked":["Disarm+1","Anger","Cleave"],"picked":"Havoc+1","floor":18.0},{"not_picked":["Sever Soul+1","Bloodletting+1","Intimidate+1"],"picked":"Warcry+1","floor":19.0},{"not_picked":["Cleave","Clothesline","Sword Boomerang"],"picked":"Metallicize","floor":22.0},{"not_picked":["Heavy Blade","Bloodletting+1","Battle Trance+1"],"picked":"Carnage+1","floor":24.0},{"not_picked":["Feed","Sword Boomerang","Wild Strike"],"picked":"Dual Wield+1","floor":25.0},{"not_picked":["Pommel Strike","Shrug It Off+1","Wild Strike+1"],"picked":"Armaments+1","floor":29.0},{"not_picked":["Whirlwind","Dark Embrace","Rage+1"],"picked":"Pummel","floor":30.0},{"not_picked":["Limit Break+1","Feed","Berserk"],"picked":"Exhume+1","floor":33.0},{"not_picked":["Heavy Blade","Thunderclap+1","Sentinel+1","Anger+1"],"picked":"SKIP","floor":35.0},{"not_picked":["Whirlwind+1","Clothesline+1","Warcry+1"],"picked":"Feel No Pain","floor":38},{"not_picked":["Anger+1","Entrench+1","Clash","Flex+1"],"picked":"SKIP","floor":40},{"not_picked":["Spot Weakness+1","Warcry+1","Cleave"],"picked":"Corruption","floor":41},{"not_picked":["Dropkick+1","Spot Weakness+1","Thunderclap"],"picked":"Feel No Pain+1","floor":45},{"not_picked":["Bloodletting+1","Burning Pact+1","Anger"],"picked":"Havoc+1","floor":46},{"not_picked":["Clothesline","Combust","Iron Wave+1","Flex+1"],"picked":"SKIP","floor":47},{"not_picked":["Shrug It Off+1","Perfected Strike","Second Wind+1"],"picked":"Havoc+1","floor":48}],"player_experience":206866,"potions_floor_usage":[50],"damage_taken":[{"damage":7.0,"enemies":"Jaw Worm","floor":1.0,"turns":3.0},{"damage":5.0,"enemies":"Small Slimes","floor":3.0,"turns":3.0},{"damage":6.0,"enemies":"2 Louse","floor":5.0,"turns":3.0},{"damage":50.0,"enemies":"Gremlin Nob","floor":6.0,"turns":5.0},{"damage":17.0,"enemies":"Exordium Wildlife","floor":8.0,"turns":2.0},{"damage":22.0,"enemies":"3 Sentries","floor":11.0,"turns":5.0},{"damage":0.0,"enemies":"3 Louse","floor":14.0,"turns":1.0},{"damage":29.0,"enemies":"Slime Boss","floor":16.0,"turns":5.0},{"damage":31.0,"enemies":"Chosen","floor":18.0,"turns":4.0},{"damage":27.0,"enemies":"2 Thieves","floor":19.0,"turns":3.0},{"damage":15.0,"enemies":"Snecko","floor":22.0,"turns":5.0},{"damage":4.0,"enemies":"3 Cultists","floor":24.0,"turns":2.0},{"damage":15.0,"enemies":"Book of Stabbing","floor":25.0,"turns":3.0},{"damage":4.0,"enemies":"Centurion and Healer","floor":29.0,"turns":4.0},{"damage":4.0,"enemies":"Slavers","floor":30.0,"turns":4.0},{"damage":30.0,"enemies":"Automaton","floor":33.0,"turns":5.0},{"damage":8.0,"enemies":"3 Darklings","floor":35.0,"turns":5.0},{"damage":33,"enemies":"3 Shapes","floor":38,"turns":5},{"damage":8,"enemies":"Giant Head","floor":40,"turns":3},{"damage":4,"enemies":"Flame Bruiser 2 Orb","floor":41,"turns":3},{"damage":4,"enemies":"Sphere and 2 Shapes","floor":45,"turns":3},{"damage":32,"enemies":"Mysterious Sphere","floor":46,"turns":5},{"damage":4,"enemies":"Spire Growth","floor":47,"turns":4},{"damage":0,"enemies":"3 Darklings","floor":48,"turns":2},{"damage":25,"enemies":"Time Eater","floor":50,"turns":7}],"relics_obtained":[{"floor":6.0,"key":"Art of War"},{"floor":9.0,"key":"Question Card"},{"floor":11.0,"key":"Mummified Hand"},{"floor":25.0,"key":"Anchor"},{"floor":26.0,"key":"Omamori"},{"floor":30.0,"key":"Tiny Chest"},{"floor":31.0,"key":"Paper Frog"},{"floor":40,"key":"Vajra"},{"floor":40,"key":"Boot"},{"floor":43,"key":"Blood Vial"},{"floor":46,"key":"Thread and Needle"}],"event_choices":[{"event_name":"Big Fish","player_choice":"Box","floor":4.0,"damage_taken":0.0},{"event_name":"Liars Game","player_choice":"agreed","floor":10.0,"damage_taken":0.0},{"event_name":"Living Wall","player_choice":"Forget","floor":13.0,"damage_taken":0.0},{"event_name":"Back to Basics","player_choice":"Simplicity","floor":20.0,"damage_taken":0.0},{"event_name":"Golden Shrine","player_choice":"Pray","floor":37,"damage_taken":0},{"event_name":"Duplicator","player_choice":"One dupe","floor":39,"damage_taken":0},{"event_name":"Mysterious Sphere","player_choice":"Fight","floor":46,"damage_taken":0}],"boss_relics":[],"items_purged_floors":[],"potions_floor_spawned":[1,5,11,14,16,19,24,30,33,38,40,46,47],"seed_played":"4831747397308866250","ascension_level":3,"potions_obtained":[{"floor":1.0,"key":"Ancient Potion"},{"floor":5.0,"key":"BloodPotion"},{"floor":11.0,"key":"Explosive Potion"},{"floor":14.0,"key":"GamblersBrew"},{"floor":16.0,"key":"AttackPotion"},{"floor":19.0,"key":"Poison Potion"},{"floor":24.0,"key":"Fruit Juice"},{"floor":30.0,"key":"GamblersBrew"},{"floor":33.0,"key":"Regen Potion"},{"floor":38,"key":"Ancient Potion"},{"floor":40,"key":"PowerPotion"},{"floor":46,"key":"Regen Potion"}],"is_trial":false}