{"gold_per_floor":[118,1,16,16,16,16,56,71,71,71,114,138,138,177,177,276,276,299,299,299,6,25,25,64,64,137,137,173,173,173,198,198,292,292,315,334,284,115,168,168,2,16,41,55,98,98,98,116,116,116],"floor_reached":50,"playtime":1968,"items_purged":["Writhe","Strike_G","Strike_G"],"score":1073,"play_id":"d8f85f57-ee44-4591-9855-2000b0251a6c","local_time":"20190202000257","is_ascension_mode":true,"campfire_choices":[{"data":"Neutralize","floor":6.0,"key":"SMITH"},{"data":"Blade Dance","floor":10.0,"key":"SMITH"},{"data":"Malaise","floor":13.0,"key":"SMITH"},{"data":"Finisher","floor":15.0,"key":"SMITH"},{"data":"Cloak And Dagger","floor":23.0,"key":"SMITH"},{"data":"After Image","floor":27.0,"key":"SMITH"},{"data":"Infinite Blades","floor":30.0,"key":"SMITH"},{"floor":32.0,"key":"REST"},{"data":"Strike_G","floor":40.0,"key":"PURGE"},{"floor":47.0,"key":"REST"},{"floor":49.0,"key":"REST"}],"neow_cost":"CURSE","seed_source_timestamp":13756872243994,"circlet_count":0,"master_deck":["AscendersBane","Defend_G","Defend_G","Defend_G","Defend_G","Strike_G","Survivor","Neutralize+1","After Image+1","Blade Dance+1","Infinite Blades+1","Endless Agony","Choke","Malaise+1","Dagger Spray","Finisher+1","Slice","All Out Attack","Corpse Explosion","PiercingWail","Deflect","Cloak And Dagger+1","Sucker Punch+1","Predator+1","Well Laid Plans","Burst","Cloak And Dagger+1","PiercingWail","Cloak And Dagger+1","Footwork","Backstab+1","Backflip+1","Blade Dance+1"],"special_seed":0,"relics":["Ring of the Snake","Golden Idol","Peace Pipe","Gremlin Horn","Omamori","Strawberry","Sozu","Prayer Wheel","PreservedInsect","Mango","Ginger","Mercury Hourglass","Happy Flower","NlothsMask","Fusion Hammer","Bronze Scales","Lantern","Ancient Tea Set"],"potions_floor_usage":[],"damage_taken":[{"damage":1.0,"enemies":"Jaw Worm","floor":1.0,"turns":7.0},{"damage":2.0,"enemies":"Small Slimes","floor":3.0,"turns":4.0},{"damage":17.0,"enemies":"3 Sentries","floor":7.0,"turns":10.0},{"damage":0.0,"enemies":"Cultist","floor":8.0,"turns":2.0},{"damage":18.0,"enemies":"Gremlin Nob","floor":11.0,"turns":5.0},{"damage":0.0,"enemies":"Large Slime","floor":12.0,"turns":4.0},{"damage":12.0,"enemies":"Lagavulin","floor":14.0,"turns":10.0},{"damage":15.0,"enemies":"The Guardian","floor":16.0,"turns":13.0},{"damage":13.0,"enemies":"Shell Parasite","floor":18.0,"turns":6.0},{"damage":10.0,"enemies":"2 Thieves","floor":22.0,"turns":4.0},{"damage":7.0,"enemies":"Book of Stabbing","floor":24.0,"turns":7.0},{"damage":4.0,"enemies":"Gremlin Leader","floor":28.0,"turns":5.0},{"damage":0.0,"enemies":"Snecko","floor":31.0,"turns":4.0},{"damage":54.0,"enemies":"Automaton","floor":33.0,"turns":12.0},{"damage":0.0,"enemies":"Orb Walker","floor":35.0,"turns":2.0},{"damage":14.0,"enemies":"3 Darklings","floor":36.0,"turns":2.0},{"damage":7.0,"enemies":"Sphere and 2 Shapes","floor":42.0,"turns":4.0},{"damage":11.0,"enemies":"Jaw Worm Horde","floor":44.0,"turns":3.0},{"damage":17.0,"enemies":"Reptomancer","floor":45.0,"turns":6.0},{"damage":0.0,"enemies":"4 Shapes","floor":48.0,"turns":4.0},{"damage":72,"enemies":"Time Eater","floor":50,"turns":14}],"seed_played":"7142895460127370516","potions_obtained":[{"floor":3.0,"key":"Block Potion"},{"floor":7.0,"key":"Fruit Juice"},{"floor":12.0,"key":"Strength Potion"},{"floor":16.0,"key":"Explosive Potion"}],"is_trial":false,"path_per_floor":["M","$","M","?","?","R","E","M","T","R","E","M","R","E","R","B",null,"M","?","?","$","M","R","E","T","T","R","E","?","R","M","R","B",null,"M","M","?","$","T","R","$","M","T","M","E","?","R","M","R","B"],"character_chosen":"THE_SILENT","items_purchased":["Infinite Blades","PreservedInsect","Deflect","Footwork","Bronze Scales"],"campfire_rested":3,"item_purchase_floors":[2,21,21,38,41],"current_hp_per_floor":[58,58,56,56,56,56,39,39,39,39,26,26,26,21,21,6,56,43,43,43,43,33,33,40,40,40,40,36,36,36,36,61,7,66,66,52,52,52,52,52,52,45,45,34,17,17,42,42,67,0],"gold":116,"neow_bonus":"THREE_RARE_CARDS","is_prod":false,"is_daily":false,"chose_seed":false,"campfire_upgraded":7,"win_rate":0,"timestamp":1549094577,"path_taken":["M","$","M","?","?","R","E","M","T","R","E","?","R","E","R","BOSS","M","?","?","$","M","R","E","?","T","R","E","?","R","?","R","BOSS","M","M","?","$","?","R","$","M","T","?","E","?","R","?","R","BOSS"],"build_version":"2019-01-23","purchased_purges":3,"victory":false,"max_hp_per_floor":[66,66,66,60,60,60,60,60,60,60,65,65,65,72,72,72,72,72,72,72,72,72,72,86,86,86,86,86,86,86,86,86,86,86,86,86,86,86,86,86,86,86,86,86,86,86,86,86,86,86],"card_choices":[{"not_picked":["Venomology","Grand Finale"],"picked":"After Image","floor":0.0},{"not_picked":["Backflip","Escape Plan"],"picked":"Blade Dance","floor":1.0},{"not_picked":["Deadly Poison","Flechettes"],"picked":"Endless Agony","floor":3.0},{"not_picked":["Eviscerate","Choke"],"picked":"Malaise","floor":7.0},{"not_picked":["Dodge and Roll","Sucker Punch"],"picked":"Dagger Spray","floor":8.0},{"not_picked":["Dagger Throw","Heel Hook"],"picked":"Finisher","floor":11.0},{"not_picked":["Poisoned Stab","Dodge and Roll"],"picked":"Slice","floor":12.0},{"not_picked":["Caltrops","Dodge and Roll"],"picked":"All Out Attack","floor":14.0},{"not_picked":["Storm of Steel","Doppelganger"],"picked":"Corpse Explosion","floor":16.0},{"not_picked":["Riddle With Holes","Expertise"],"picked":"PiercingWail","floor":18.0},{"not_picked":["Riddle With Holes+1","Prepared"],"picked":"Cloak And Dagger","floor":22.0},{"not_picked":["Quick Slash","Flying Knee","Dodge and Roll"],"picked":"SKIP","floor":22.0},{"not_picked":["Noxious Fumes","Wraith Form v2"],"picked":"Sucker Punch+1","floor":24.0},{"not_picked":["Reflex","Deadly Poison","Sucker Punch"],"picked":"SKIP","floor":28.0},{"not_picked":["Blade Dance","Deflect"],"picked":"Predator+1","floor":31.0},{"not_picked":["Reflex","Concentrate"],"picked":"Well Laid Plans","floor":31.0},{"not_picked":["Wraith Form v2","Phantasmal Killer"],"picked":"Burst","floor":33.0},{"not_picked":["Prepared","Blade Dance"],"picked":"Cloak And Dagger","floor":35.0},{"not_picked":["Deadly Poison+1","Heel Hook"],"picked":"PiercingWail","floor":35.0},{"not_picked":["Heel Hook","Underhanded Strike"],"picked":"Cloak And Dagger+1","floor":36.0},{"not_picked":["Setup+1","Tactician","Sucker Punch+1"],"picked":"SKIP","floor":36.0},{"not_picked":["Quick Slash","Blade Dance"],"picked":"Backstab+1","floor":42.0},{"not_picked":["Well Laid Plans","Escape Plan","PiercingWail"],"picked":"SKIP","floor":42.0},{"not_picked":["Crippling Poison","Bouncing Flask"],"picked":"Backflip+1","floor":44.0},{"not_picked":["Acrobatics","Backstab"],"picked":"Blade Dance+1","floor":44.0},{"not_picked":["Quick Slash","Deadly Poison","Dagger Spray"],"picked":"SKIP","floor":48.0},{"not_picked":["Deadly Poison+1","Dagger Spray+1","Well Laid Plans"],"picked":"SKIP","floor":48.0}],"player_experience":1085167,"relics_obtained":[{"floor":7.0,"key":"Peace Pipe"},{"floor":9.0,"key":"Gremlin Horn"},{"floor":11.0,"key":"Omamori"},{"floor":14.0,"key":"Strawberry"},{"floor":24.0,"key":"Mango"},{"floor":25.0,"key":"Ginger"},{"floor":26.0,"key":"Mercury Hourglass"},{"floor":28.0,"key":"Happy Flower"},{"floor":43.0,"key":"Lantern"},{"floor":45.0,"key":"Ancient Tea Set"}],"event_choices":[{"damage_healed":0.0,"max_hp_gain":0.0,"max_hp_loss":6.0,"gold_gain":0.0,"event_name":"Golden Idol","player_choice":"Lose Max HP","floor":4.0,"gold_loss":0.0,"damage_taken":0.0,"relics_obtained":["Golden Idol"]},{"damage_healed":0.0,"max_hp_gain":0.0,"max_hp_loss":0.0,"gold_gain":0.0,"cards_transformed":["Defend_G"],"event_name":"Transmorgrifier","player_choice":"Transformed","floor":5.0,"gold_loss":0.0,"damage_taken":0.0,"cards_obtained":["Choke"]},{"damage_healed":0.0,"max_hp_gain":0.0,"max_hp_loss":0.0,"gold_gain":0.0,"event_name":"Ghosts","player_choice":"Ignored","floor":19.0,"gold_loss":0.0,"damage_taken":0.0},{"damage_healed":0.0,"max_hp_gain":0.0,"max_hp_loss":0.0,"gold_gain":0.0,"event_name":"Addict","player_choice":"Stole Relic","floor":20.0,"gold_loss":0.0,"damage_taken":0.0,"relics_obtained":["Prayer Wheel"],"cards_obtained":["Shame"]},{"damage_healed":0.0,"max_hp_gain":0.0,"max_hp_loss":0.0,"gold_gain":0.0,"event_name":"FaceTrader","player_choice":"Trade","floor":29.0,"gold_loss":0.0,"damage_taken":0.0,"relics_obtained":["NlothsMask"]},{"damage_healed":0.0,"max_hp_gain":0.0,"max_hp_loss":0.0,"gold_gain":0.0,"event_name":"Designer","player_choice":"Upgrade","floor":37.0,"gold_loss":50.0,"damage_taken":0.0,"cards_upgraded":["Cloak And Dagger"]},{"cards_removed":["Strike_G"],"damage_healed":0.0,"max_hp_gain":0.0,"max_hp_loss":0.0,"gold_gain":0.0,"event_name":"Purifier","player_choice":"Purged","floor":46.0,"gold_loss":0.0,"damage_taken":0.0}],"is_beta":true,"boss_relics":[{"not_picked":["Runic Dome","Snecko Eye"],"picked":"Sozu"},{"not_picked":["Pandora\u0027s Box","Runic Pyramid"],"picked":"Fusion Hammer"}],"items_purged_floors":[2,21,38],"is_endless":false,"potions_floor_spawned":[3,7,12,16,31,33,44,45,48],"killed_by":"Time Eater","ascension_level":20}