{"gold_per_floor":[117,117,117,137,212,242,242,253,253,403,403],"floor_reached":11,"playtime":159,"items_purged":[],"score":192,"play_id":"b1f8c277-e876-429a-b30c-79340203d392","local_time":"20190213040030","is_ascension_mode":true,"campfire_choices":[{"data":"Uppercut","floor":7,"key":"SMITH"}],"neow_cost":"NONE","seed_source_timestamp":40004307240000,"circlet_count":0,"master_deck":["AscendersBane","Strike_R","Strike_R","Strike_R","Strike_R","Strike_R","Defend_R","Defend_R","Defend_R","Defend_R","Bash","Uppercut+1","Flame Barrier","Doubt"],"relics":["Burning Blood","NeowsBlessing","Pear","Mummified Hand","Calipers"],"potions_floor_usage":[11],"damage_taken":[{"damage":0,"enemies":"Jaw Worm","floor":1,"turns":1},{"damage":0,"enemies":"2 Louse","floor":4,"turns":1},{"damage":0,"enemies":"Gremlin Nob","floor":6,"turns":1},{"damage":4,"enemies":"Cultist","floor":8,"turns":4},{"damage":69,"enemies":"Lagavulin","floor":11,"turns":9}],"seed_played":"-8301801664211893642","potions_obtained":[{"floor":1,"key":"SkillPotion"}],"is_trial":false,"path_per_floor":["M","?","?","M","?","E","R","M","T","?","E"],"character_chosen":"IRONCLAD","items_purchased":[],"campfire_rested":0,"item_purchase_floors":[],"current_hp_per_floor":[74,49,54,60,49,55,55,57,57,57,0],"gold":403,"neow_bonus":"THREE_ENEMY_KILL","is_prod":false,"is_daily":false,"chose_seed":false,"campfire_upgraded":1,"win_rate":0,"timestamp":1550023230,"path_taken":["M","?","?","M","?","E","R","M","T","?","E"],"build_version":"2019-01-23","purchased_purges":0,"victory":false,"max_hp_per_floor":[75,85,90,90,90,90,90,90,90,90,90],"card_choices":[{"not_picked":["Rupture","Wild Strike"],"picked":"Uppercut","floor":1},{"not_picked":["Armaments","Bloodletting"],"picked":"Flame Barrier","floor":4},{"not_picked":["Reckless Charge","Feel No Pain","Thunderclap"],"picked":"SKIP","floor":6},{"not_picked":["Perfected Strike","Corruption","Dual Wield"],"picked":"SKIP","floor":8}],"player_experience":736491,"relics_obtained":[{"floor":6,"key":"Mummified Hand"},{"floor":9,"key":"Calipers"}],"event_choices":[{"damage_healed":0,"gold_gain":0,"player_choice":"Success","damage_taken":35,"relics_obtained":["Pear"],"max_hp_gain":0,"max_hp_loss":0,"event_name":"Scrap Ooze","floor":2,"gold_loss":0},{"damage_healed":0,"gold_gain":0,"player_choice":"Donut","damage_taken":0,"max_hp_gain":5,"max_hp_loss":0,"event_name":"Big Fish","floor":3,"gold_loss":0},{"damage_healed":0,"gold_gain":75,"player_choice":"Gather Gold","damage_taken":11,"max_hp_gain":0,"max_hp_loss":0,"event_name":"World of Goop","floor":5,"gold_loss":0},{"damage_healed":0,"gold_gain":150,"player_choice":"AGREE","damage_taken":0,"max_hp_gain":0,"max_hp_loss":0,"event_name":"Liars Game","floor":10,"gold_loss":0,"cards_obtained":["Doubt"]}],"is_beta":false,"boss_relics":[],"items_purged_floors":[],"is_endless":false,"potions_floor_spawned":[1],"killed_by":"Lagavulin","ascension_level":20}