{"path_per_floor":["M","?","?","?","M","R","$","M","T","E","R","E","M","M","R","B",null,"M","?","?","?","?","R","M"],"character_chosen":"THE_SILENT","items_purchased":["Slice"],"gold_per_floor":[99,49,49,49,49,49,0,0,0,0,0,0,0,0,0,0,0,0,0,0,0,0,0,0,0],"floor_reached":25,"campfire_rested":1,"playtime":1463,"current_hp_per_floor":[70,70,70,70,70,70,70,63,63,46,46,43,42,36,70,47,75,65,65,51,51,51,51,40,0],"items_purged":[],"gold":0,"score":219,"play_id":"36d90e48-31e3-41dc-be63-8938777f885d","local_time":"20180417173601","is_prod":false,"is_daily":false,"chose_seed":false,"is_ascension_mode":true,"campfire_upgraded":3,"timestamp":1523982961,"path_taken":["M","?","?","?","?","R","?","M","T","E","R","E","M","M","R","BOSS","M","?","?","?","?","R","M","E"],"build_version":"2018-04-16","seed_source_timestamp":0,"purchased_purges":0,"victory":false,"master_deck":["Defend_G","Defend_G","Defend_G","Defend_G","Strike_G","Strike_G","Strike_G","Strike_G","Survivor","Neutralize+1","Bane","Well Laid Plans+1","Slice","Dash+1","Quick Slash","Distraction","Predator","Crippling Poison+1","Bullet Time","Bouncing Flask","Footwork","Writhe","Poisoned Stab"],"max_hp_per_floor":[70,70,70,70,70,70,70,70,70,70,70,70,70,70,70,70,75,75,75,80,80,80,80,80,80],"relics":["Ectoplasm","Art of War","Blue Candle","Regal Pillow","Tiny House","Paper Crane"],"card_choices":[{"not_picked":["Dodge and Roll","Infinite Blades"],"picked":"Bane","floor":1.0},{"not_picked":["Cloak And Dagger","PiercingWail"],"picked":"Well Laid Plans","floor":5.0},{"not_picked":["Cloak And Dagger","Infinite Blades"],"picked":"Dash","floor":8.0},{"not_picked":["Infinite Blades","Endless Agony"],"picked":"Quick Slash","floor":10.0},{"not_picked":["Prepared","Storm of Steel"],"picked":"Distraction","floor":12.0},{"not_picked":["Slice","Poisoned Stab"],"picked":"Predator","floor":13.0},{"not_picked":["Quick Slash","Cloak And Dagger"],"picked":"Crippling Poison","floor":14.0},{"not_picked":["Adrenaline","Wraith Form v2"],"picked":"Bullet Time","floor":16.0},{"not_picked":["Underhanded Strike","Backflip"],"picked":"Bouncing Flask","floor":17.0},{"not_picked":["Eviscerate","Prepared"],"picked":"Poisoned Stab","floor":24.0}],"player_experience":59051,"potions_floor_usage":[25,25,25,25],"damage_taken":[{"damage":0.0,"enemies":"Jaw Worm","floor":1.0,"turns":4.0},{"damage":0.0,"enemies":"2 Louse","floor":5.0,"turns":2.0},{"damage":7.0,"enemies":"Small Slimes","floor":8.0,"turns":3.0},{"damage":17.0,"enemies":"Lagavulin","floor":10.0,"turns":8.0},{"damage":3.0,"enemies":"3 Sentries","floor":12.0,"turns":8.0},{"damage":1.0,"enemies":"2 Fungi Beasts","floor":13.0,"turns":3.0},{"damage":6.0,"enemies":"Exordium Thugs","floor":14.0,"turns":4.0},{"damage":23.0,"enemies":"Hexaghost","floor":16.0,"turns":9.0},{"damage":10.0,"enemies":"Shell Parasite","floor":18.0,"turns":5.0},{"damage":11.0,"enemies":"Chosen","floor":24.0,"turns":5.0},{"damage":55,"enemies":"Slavers","floor":25,"turns":4}],"event_choices":[{"event_name":"The Cleric","player_choice":"Card Removal","floor":2.0,"damage_taken":0.0},{"event_name":"Liars Game","player_choice":"disagreed","floor":3.0,"damage_taken":0.0},{"event_name":"Bonfire Elementals","player_choice":"BASIC","floor":4.0,"damage_taken":0.0},{"event_name":"The Library","player_choice":"Read","floor":19.0,"damage_taken":0.0},{"event_name":"Forgotten Altar","player_choice":"Shed Blood","floor":20.0,"damage_taken":0.0},{"event_name":"Vampires","player_choice":"Ignored","floor":21.0,"damage_taken":0.0},{"event_name":"The Mausoleum","player_choice":"Yes","floor":22.0,"damage_taken":0.0}],"boss_relics":[],"potions_floor_spawned":[5,13,14,18],"seed_played":"4412089573367747752","killed_by":"Slavers","ascension_level":1,"is_trial":false}