{"gold_per_floor":[119,119,69,144,144,175,175,7,7,38,58,74,86,103,103,178,178,198,198,20,30,30,30,59,59,59,76,91,91,91,91,91,168,168,187,201,57,0,23,23,23,123,123,148,148,148,161,172,172,172],"floor_reached":51,"playtime":2237,"items_purged":["Defend_R"],"score":1443,"play_id":"7adbe7f3-4376-4d9b-bd7b-2de7bca81b73","local_time":"20190213064537","is_ascension_mode":true,"campfire_choices":[{"data":"Bash","floor":7,"key":"SMITH"},{"data":"Disarm","floor":15,"key":"SMITH"},{"data":"Metallicize","floor":23,"key":"SMITH"},{"data":"Anger","floor":25,"key":"SMITH"},{"data":"Corruption","floor":29,"key":"SMITH"},{"data":"Feel No Pain","floor":32,"key":"SMITH"},{"data":"Juggernaut","floor":40,"key":"SMITH"},{"data":"Apotheosis","floor":45,"key":"SMITH"},{"data":"Secret Technique","floor":49,"key":"SMITH"}],"neow_cost":"NONE","seed_source_timestamp":552186400852161,"circlet_count":0,"master_deck":["AscendersBane","Strike_R","Strike_R","Strike_R","Strike_R","Defend_R","Defend_R","Defend_R","Bash+1","Clothesline+1","Feel No Pain+1","Iron Wave","Disarm+1","Battle Trance+1","Anger+1","Pommel Strike","Reaper","Disarm+1","Flash of Steel","Intimidate","Corruption+1","Shockwave","Metallicize+1","Clumsy","Shrug It Off","Writhe","Juggernaut+1","Injury","Panache","Apotheosis+1","Secret Technique+1","Shrug It Off+1","Clumsy","Impervious","Entrench"],"relics":["Black Blood","NeowsBlessing","CultistMask","Orichalcum","Calipers","Anchor","Cursed Key","War Paint","Pantograph","Paper Frog","Blood Vial","Red Mask","Pen Nib","Thread and Needle","FossilizedHelix"],"potions_floor_usage":[16,24,33,46,50,50],"damage_taken":[{"damage":0,"enemies":"Jaw Worm","floor":1,"turns":1},{"damage":0,"enemies":"Gremlin Nob","floor":6,"turns":1},{"damage":0,"enemies":"Lagavulin","floor":10,"turns":1},{"damage":0,"enemies":"Small Slimes","floor":11,"turns":3},{"damage":0,"enemies":"2 Louse","floor":12,"turns":2},{"damage":4,"enemies":"Red Slaver","floor":13,"turns":3},{"damage":2,"enemies":"3 Louse","floor":14,"turns":4},{"damage":17,"enemies":"Hexaghost","floor":16,"turns":11},{"damage":22,"enemies":"Spheric Guardian","floor":18,"turns":5},{"damage":5,"enemies":"Chosen","floor":21,"turns":6},{"damage":29,"enemies":"Slavers","floor":24,"turns":9},{"damage":0,"enemies":"Shelled Parasite and Fungi","floor":27,"turns":6},{"damage":7,"enemies":"Cultist and Chosen","floor":28,"turns":9},{"damage":79,"enemies":"Automaton","floor":33,"turns":13},{"damage":6,"enemies":"Orb Walker","floor":35,"turns":5},{"damage":17,"enemies":"3 Darklings","floor":36,"turns":6},{"damage":0,"enemies":"Mind Bloom Boss Battle","floor":42,"turns":7},{"damage":1,"enemies":"Nemesis","floor":44,"turns":7},{"damage":0,"enemies":"Reptomancer","floor":46,"turns":2},{"damage":0,"enemies":"Spire Growth","floor":47,"turns":5},{"damage":0,"enemies":"Maw","floor":48,"turns":7},{"damage":16,"enemies":"Donu and Deca","floor":50,"turns":11}],"seed_played":"-5998643104030058059","potions_obtained":[{"floor":10,"key":"BloodPotion"},{"floor":11,"key":"Energy Potion"},{"floor":28,"key":"Swift Potion"},{"floor":33,"key":"SmokeBomb"},{"floor":36,"key":"Block Potion"},{"floor":47,"key":"Swift Potion"}],"is_trial":false,"path_per_floor":["M","?","?","?","?","E","R","$","T","E","M","M","M","M","R","B",null,"M","?","$","M","$","R","E","R","T","M","M","R","?","T","R","B",null,"M","M","$","?","T","R","?","?","T","E","R","E","M","M","R","B",null],"character_chosen":"IRONCLAD","items_purchased":["Feel No Pain","Iron Wave","Intimidate","Corruption","Shockwave","Blood Vial"],"campfire_rested":0,"item_purchase_floors":[8,8,20,20,20,37],"current_hp_per_floor":[74,74,74,63,63,69,69,69,69,75,75,75,75,75,75,64,72,56,56,56,63,63,63,59,59,59,69,75,75,61,61,61,14,64,75,68,68,68,68,68,58,80,80,80,80,80,80,80,80,74],"gold":172,"neow_bonus":"THREE_ENEMY_KILL","is_prod":false,"is_daily":false,"chose_seed":false,"campfire_upgraded":9,"win_rate":0,"timestamp":1550040337,"path_taken":["M","?","?","?","?","E","R","$","T","E","M","?","M","M","R","BOSS","M","?","$","M","?","R","E","R","T","M","?","R","?","?","R","BOSS","M","M","$","?","?","R","?","?","T","E","R","E","?","M","R","BOSS"],"build_version":"2019-02-06","purchased_purges":1,"victory":true,"max_hp_per_floor":[75,75,75,75,75,75,75,75,75,75,75,75,75,75,75,75,75,75,75,75,75,75,75,75,75,75,75,75,75,80,80,80,80,80,80,80,80,80,80,80,80,80,80,80,80,80,80,80,80,80],"card_choices":[{"not_picked":["Shrug It Off","Thunderclap"],"picked":"Clothesline","floor":1},{"not_picked":["Wild Strike","Warcry","Perfected Strike"],"picked":"SKIP","floor":6},{"not_picked":["Twin Strike","Headbutt"],"picked":"Disarm","floor":10},{"not_picked":["Sword Boomerang","Shrug It Off"],"picked":"Battle Trance","floor":11},{"not_picked":["Clash","Clothesline"],"picked":"Anger","floor":12},{"not_picked":["Thunderclap","Twin Strike","Body Slam"],"picked":"SKIP","floor":13},{"not_picked":["Headbutt","Clothesline"],"picked":"Pommel Strike","floor":14},{"not_picked":["Impervious","Dark Embrace"],"picked":"Reaper","floor":16},{"not_picked":["Body Slam","Anger"],"picked":"Disarm","floor":18},{"not_picked":["Carnage","Uppercut"],"picked":"Metallicize","floor":21},{"not_picked":["Armaments","Clash","Anger"],"picked":"SKIP","floor":24},{"not_picked":["Clash+1","Body Slam","Havoc+1"],"picked":"SKIP","floor":27},{"not_picked":["Clash","Feed"],"picked":"Shrug It Off","floor":28},{"not_picked":["Impervious","Limit Break"],"picked":"Juggernaut","floor":33},{"not_picked":["Flex","Clothesline","Clash"],"picked":"SKIP","floor":35},{"not_picked":["Headbutt","Dropkick","Shrug It Off"],"picked":"SKIP","floor":36},{"not_picked":["HandOfGreed","Dramatic Entrance"],"picked":"Panache","floor":41},{"not_picked":["Metamorphosis","Transmutation"],"picked":"Apotheosis","floor":41},{"not_picked":["Secret Weapon","Transmutation"],"picked":"Secret Technique","floor":41},{"not_picked":["Anger","Inflame"],"picked":"Shrug It Off+1","floor":42},{"not_picked":["Flame Barrier","Fire Breathing"],"picked":"Impervious","floor":44},{"not_picked":["Flex","Anger"],"picked":"Entrench","floor":47},{"not_picked":["Dropkick","Searing Blow","Rage"],"picked":"SKIP","floor":48}],"player_experience":602730,"relics_obtained":[{"floor":6,"key":"Orichalcum"},{"floor":9,"key":"Calipers"},{"floor":10,"key":"Anchor"},{"floor":24,"key":"War Paint"},{"floor":26,"key":"Pantograph"},{"floor":31,"key":"Paper Frog"},{"floor":39,"key":"Pen Nib"},{"floor":42,"key":"Thread and Needle"},{"floor":44,"key":"FossilizedHelix"}],"event_choices":[{"damage_healed":0,"gold_gain":0,"player_choice":"Grow","damage_taken":0,"max_hp_gain":0,"max_hp_loss":0,"event_name":"Living Wall","floor":2,"gold_loss":0,"cards_upgraded":["Clothesline"]},{"cards_removed":["Strike_R"],"damage_healed":0,"gold_gain":0,"player_choice":"Card Removal","damage_taken":0,"max_hp_gain":0,"max_hp_loss":0,"event_name":"The Cleric","floor":3,"gold_loss":50},{"damage_healed":0,"gold_gain":75,"player_choice":"Gather Gold","damage_taken":11,"max_hp_gain":0,"max_hp_loss":0,"event_name":"World of Goop","floor":4,"gold_loss":0},{"damage_healed":0,"gold_gain":0,"player_choice":"Trade","damage_taken":0,"relics_obtained":["CultistMask"],"max_hp_gain":0,"max_hp_loss":0,"event_name":"FaceTrader","floor":5,"gold_loss":0},{"damage_healed":0,"gold_gain":0,"player_choice":"1 cards matched","damage_taken":0,"max_hp_gain":0,"max_hp_loss":0,"event_name":"Match and Keep!","floor":19,"gold_loss":0,"cards_obtained":["Flash of Steel"]},{"damage_healed":0,"gold_gain":0,"player_choice":"Shed Blood","damage_taken":19,"max_hp_gain":5,"max_hp_loss":0,"event_name":"Forgotten Altar","floor":30,"gold_loss":0},{"damage_healed":0,"gold_gain":0,"player_choice":"Paid","damage_taken":0,"relics_obtained":["Red Mask"],"max_hp_gain":0,"max_hp_loss":0,"event_name":"Tomb of Lord Red Mask","floor":38,"gold_loss":57},{"damage_healed":0,"gold_gain":0,"player_choice":"Memory 3","damage_taken":10,"max_hp_gain":0,"max_hp_loss":0,"event_name":"SensoryStone","floor":41,"gold_loss":0},{"damage_healed":0,"gold_gain":0,"player_choice":"Fight","damage_taken":0,"max_hp_gain":0,"max_hp_loss":0,"event_name":"MindBloom","floor":42,"gold_loss":0}],"is_beta":true,"boss_relics":[{"not_picked":["Pandora\u0027s Box","Coffee Dripper"],"picked":"Cursed Key"},{"not_picked":["Mark of Pain","Eternal Feather"],"picked":"Black Blood"}],"items_purged_floors":[8],"is_endless":false,"potions_floor_spawned":[10,11,14,28,33,36,44,47,48],"ascension_level":14}