{"gold_per_floor":[113,113,113,113,130,130,156,156,180,180,28,28,42,72,72,170,170,189,206,234,159,9,9,22,222,222,222,222,172,172,8,8,8],"floor_reached":33,"playtime":902,"items_purged":["Defend_B","Shame"],"score":356,"play_id":"734dae64-b211-4a75-8b1c-9fae7413af55","local_time":"20190129030705","is_ascension_mode":true,"campfire_choices":[{"data":"Dualcast","floor":6,"key":"SMITH"},{"data":"Coolheaded","floor":8,"key":"SMITH"},{"data":"Leap","floor":10,"key":"SMITH"},{"data":"Go for the Eyes","floor":15,"key":"SMITH"},{"floor":23,"key":"REST"},{"floor":32,"key":"REST"}],"neow_cost":"TEN_PERCENT_HP_LOSS","seed_source_timestamp":1594153111696380,"circlet_count":0,"master_deck":["AscendersBane","Strike_B","Strike_B","Defend_B","Defend_B","Zap+1","Dualcast+1","Rebound","Leap+1","Coolheaded+1","Ball Lightning","Go for the Eyes+1","Rainbow","Leap","White Noise","Secret Technique+1"],"relics":["Cracked Core","Smiling Mask","Cables","Centennial Puzzle","StoneCalendar","Inserter","Red Mask","Juzu Bracelet","Toxic Egg 2","Strawberry"],"potions_floor_usage":[20,20,20,24,33],"damage_taken":[{"damage":7,"enemies":"Small Slimes","floor":1,"turns":4},{"damage":2,"enemies":"Jaw Worm","floor":5,"turns":4},{"damage":20,"enemies":"Lagavulin","floor":7,"turns":8},{"damage":0,"enemies":"2 Louse","floor":13,"turns":3},{"damage":3,"enemies":"Hexaghost","floor":16,"turns":7},{"damage":12,"enemies":"2 Thieves","floor":18,"turns":3},{"damage":14,"enemies":"Spheric Guardian","floor":19,"turns":4},{"damage":17,"enemies":"Masked Bandits","floor":20,"turns":4},{"damage":6,"enemies":"Snake Plant","floor":24,"turns":4},{"damage":79,"enemies":"Collector","floor":33,"turns":7}],"seed_played":"8932406395634937850","potions_obtained":[{"floor":7,"key":"Block Potion"},{"floor":16,"key":"SkillPotion"},{"floor":18,"key":"Regen Potion"},{"floor":20,"key":"LiquidBronze"},{"floor":24,"key":"FearPotion"}],"is_trial":false,"path_per_floor":["M","?","?","?","M","R","E","R","T","R","$","?","M","?","R","B",null,"M","M","?","?","$","R","M","?","T","?","?","$","?","$","R","B"],"character_chosen":"DEFECT","items_purchased":["Ball Lightning","Go for the Eyes","Juzu Bracelet","Secret Technique+1"],"campfire_rested":2,"item_purchase_floors":[11,11,22,31],"current_hp_per_floor":[61,58,58,63,61,61,41,41,41,41,41,41,41,41,41,38,64,52,38,33,33,33,54,48,48,48,55,55,55,39,39,63,0],"gold":8,"neow_bonus":"REMOVE_TWO","is_prod":false,"is_daily":false,"chose_seed":false,"campfire_upgraded":4,"win_rate":0,"timestamp":1548731225,"path_taken":["M","?","?","?","M","R","E","R","T","R","?","?","?","?","R","BOSS","M","M","?","?","$","R","M","?","T","?","?","$","?","$","R","BOSS"],"build_version":"2019-01-23","purchased_purges":2,"victory":false,"max_hp_per_floor":[68,68,68,73,73,73,73,73,73,73,73,73,73,73,73,73,73,73,73,73,73,73,73,73,73,73,80,80,80,80,80,80,80],"card_choices":[{"not_picked":["Recycle","Barrage"],"picked":"Rebound","floor":1},{"not_picked":["Rebound","Loop"],"picked":"Leap","floor":5},{"not_picked":["Gash","Hologram"],"picked":"Coolheaded","floor":7},{"not_picked":["Lockon","Hologram","Coolheaded"],"picked":"SKIP","floor":13},{"not_picked":["Buffer","Seek"],"picked":"Rainbow","floor":16},{"not_picked":["Reprogram","Doom and Gloom+1"],"picked":"Leap","floor":18},{"not_picked":["Hello World","Gash"],"picked":"White Noise","floor":19},{"not_picked":["Leap","Force Field+1","Sweeping Beam"],"picked":"SKIP","floor":24}],"player_experience":509761,"relics_obtained":[{"floor":7,"key":"Cables"},{"floor":9,"key":"Centennial Puzzle"},{"floor":20,"key":"Red Mask"},{"floor":26,"key":"Toxic Egg 2"}],"event_choices":[{"damage_healed":0,"gold_gain":0,"player_choice":"Success","damage_taken":3,"relics_obtained":["Smiling Mask"],"max_hp_gain":0,"max_hp_loss":0,"event_name":"Scrap Ooze","floor":2,"gold_loss":0},{"damage_healed":0,"gold_gain":0,"player_choice":"Grow","damage_taken":0,"max_hp_gain":0,"max_hp_loss":0,"event_name":"Living Wall","floor":3,"gold_loss":0,"cards_upgraded":["Zap"]},{"damage_healed":0,"gold_gain":0,"player_choice":"Donut","damage_taken":0,"max_hp_gain":5,"max_hp_loss":0,"event_name":"Big Fish","floor":4,"gold_loss":0},{"damage_healed":0,"gold_gain":0,"player_choice":"Ignored","damage_taken":0,"max_hp_gain":0,"max_hp_loss":0,"event_name":"Liars Game","floor":12,"gold_loss":0},{"damage_healed":0,"gold_gain":30,"player_choice":"Searched \u00273\u0027 times","damage_taken":0,"relics_obtained":["StoneCalendar"],"max_hp_gain":0,"max_hp_loss":0,"event_name":"Dead Adventurer","floor":14,"gold_loss":0},{"damage_healed":0,"gold_gain":0,"player_choice":"Fought Bandits","damage_taken":0,"max_hp_gain":0,"max_hp_loss":0,"event_name":"Masked Bandits","floor":20,"gold_loss":0},{"cards_removed":["Defend_B"],"damage_healed":0,"gold_gain":0,"player_choice":"Gave Gold","damage_taken":0,"max_hp_gain":0,"max_hp_loss":0,"event_name":"Beggar","floor":21,"gold_loss":75},{"damage_healed":0,"gold_gain":200,"player_choice":"Gold","damage_taken":0,"max_hp_gain":0,"max_hp_loss":0,"event_name":"Wheel of Change","floor":25,"gold_loss":0},{"damage_healed":0,"gold_gain":0,"player_choice":"Stole Relic","damage_taken":0,"relics_obtained":["Strawberry"],"max_hp_gain":0,"max_hp_loss":0,"event_name":"Addict","floor":27,"gold_loss":0,"cards_obtained":["Shame"]},{"damage_healed":0,"gold_gain":0,"player_choice":"Ignored","damage_taken":0,"max_hp_gain":0,"max_hp_loss":0,"event_name":"Vampires","floor":28,"gold_loss":0},{"damage_healed":0,"gold_gain":0,"player_choice":"Obtained Book","damage_taken":16,"max_hp_gain":0,"max_hp_loss":0,"event_name":"Cursed Tome","floor":30,"gold_loss":0}],"is_beta":true,"boss_relics":[{"not_picked":["Runic Pyramid","Cursed Key"],"picked":"Inserter"}],"items_purged_floors":[11,29],"is_endless":false,"potions_floor_spawned":[7,16,18,20,24],"killed_by":"Collector","ascension_level":10}