{"path_per_floor":["M","$","M","M","$","R","M","M","T","R","M","R","M","E","R","B",null,"M","?","$","M","?","R","M","?","T"],"character_chosen":"DEFECT","items_purchased":["Beam Cell","Steam","Hologram","Bronze Scales"],"gold_per_floor":[117,19,35,46,24,24,40,53,53,53,69,69,84,114,114,211,211,229,229,8,28,28,28,38,38,38,38],"floor_reached":27,"campfire_rested":0,"playtime":1146,"item_purchase_floors":[2,2,5,20],"current_hp_per_floor":[74,74,70,70,70,70,66,66,66,66,71,71,75,53,53,29,75,42,26,26,35,35,35,41,41,41,0],"items_purged":["Strike_B"],"gold":38,"score":258,"play_id":"20782908-4703-4ddf-8df8-7f46250a10fd","local_time":"20180609212800","is_prod":false,"is_daily":false,"chose_seed":false,"is_ascension_mode":true,"campfire_upgraded":5,"win_rate":0,"timestamp":1528576080,"campfire_choices":[{"data":"Hologram","floor":6,"key":"SMITH"},{"data":"Zap","floor":10,"key":"SMITH"},{"data":"Redo","floor":12,"key":"SMITH"},{"data":"Chaos","floor":15,"key":"SMITH"},{"data":"Buffer","floor":23,"key":"SMITH"}],"path_taken":["M","$","?","M","$","R","M","M","T","R","M","R","M","E","R","BOSS","M","?","$","M","?","R","M","?","T","E"],"build_version":"2018-06-08","seed_source_timestamp":2371463180258570,"purchased_purges":1,"victory":false,"master_deck":["Strike_B","Strike_B","Strike_B","Defend_B","Defend_B","Defend_B","Defend_B","Zap+1","Dualcast","Gash","Beam Cell","Steam","Self Repair","Self Repair","Hologram+1","Streamline","Steam","Redo+1","Capacitor","Chaos+1","Buffer+1","Gash+1","Loop","Gash+1"],"max_hp_per_floor":[75,75,75,75,75,75,75,75,75,75,75,75,75,75,75,75,75,75,75,75,75,75,75,75,75,75,75],"relics":["Cracked Core","Letter Opener","Blue Candle","Nuclear Battery","Nilry\u0027s Codex","Bronze Scales","Bag of Preparation"],"card_choices":[{"not_picked":["BootSequence","Conserve Battery"],"picked":"Gash","floor":1},{"not_picked":["Redo","Leap"],"picked":"Self Repair","floor":3},{"not_picked":["Rebound","Consume"],"picked":"Self Repair","floor":4},{"not_picked":["Fusion","Coolheaded"],"picked":"Streamline","floor":7},{"not_picked":["Consume","Undo"],"picked":"Steam","floor":8},{"not_picked":["Stack","Sweeping Beam"],"picked":"Redo","floor":11},{"not_picked":["Skim","Steam Power"],"picked":"Capacitor","floor":13},{"not_picked":["Beam Cell","Rainbow"],"picked":"Chaos","floor":14},{"not_picked":["Hyperbeam","Reboot"],"picked":"Buffer","floor":16},{"not_picked":["Capacitor+1","Barrage"],"picked":"Gash+1","floor":18},{"not_picked":["Rebound","Coolheaded"],"picked":"Loop","floor":21},{"not_picked":["Compile Driver","Streamline+1","Darkness"],"picked":"SKIP","floor":24}],"player_experience":245991,"potions_floor_usage":[13,16,16,21],"damage_taken":[{"damage":1,"enemies":"Cultist","floor":1,"turns":4},{"damage":4,"enemies":"2 Louse","floor":3,"turns":2},{"damage":7,"enemies":"Jaw Worm","floor":4,"turns":2},{"damage":18,"enemies":"3 Louse","floor":7,"turns":4},{"damage":14,"enemies":"2 Fungi Beasts","floor":8,"turns":4},{"damage":9,"enemies":"Red Slaver","floor":11,"turns":4},{"damage":2,"enemies":"Exordium Thugs","floor":13,"turns":5},{"damage":29,"enemies":"Gremlin Nob","floor":14,"turns":4},{"damage":31,"enemies":"Hexaghost","floor":16,"turns":9},{"damage":47,"enemies":"3 Byrds","floor":18,"turns":5},{"damage":5,"enemies":"Shell Parasite","floor":21,"turns":6},{"damage":8,"enemies":"Sentry and Sphere","floor":24,"turns":5},{"damage":41,"enemies":"Gremlin Leader","floor":27,"turns":8}],"relics_obtained":[{"floor":9,"key":"Letter Opener"},{"floor":14,"key":"Blue Candle"},{"floor":19,"key":"Nilry\u0027s Codex"},{"floor":26,"key":"Bag of Preparation"}],"event_choices":[{"event_name":"Cursed Tome","player_choice":"Obtained Book","floor":19,"damage_taken":0},{"event_name":"Duplicator","player_choice":"One dupe","floor":22,"damage_taken":0},{"event_name":"Ghosts","player_choice":"Ignored","floor":25,"damage_taken":0}],"boss_relics":[{"not_picked":["Runic Pyramid","Pandora\u0027s Box"],"picked":"Nuclear Battery"}],"items_purged_floors":[20],"potions_floor_spawned":[7,8,14,18],"seed_played":"-1040320541813937375","killed_by":"Gremlin Leader","ascension_level":4,"potions_obtained":[{"floor":7,"key":"LiquidBronze"},{"floor":8,"key":"EssenceOfSteel"},{"floor":14,"key":"SkillPotion"},{"floor":18,"key":"Weak Potion"}],"is_trial":false}