{"gold_per_floor":[109,40,215,235,235,267,281,307,353,369,383,383,116,127,127,201,251,269,282,25,25,40,40,52,52],"floor_reached":25,"playtime":842,"items_purged":["Doubt"],"score":396,"play_id":"79e1a3f2-f4b2-418d-b00c-bac9091b2e23","local_time":"20190204232215","is_ascension_mode":true,"campfire_choices":[{"data":"Whirlwind","floor":12.0,"key":"SMITH"},{"floor":15.0,"key":"REST"},{"floor":23,"key":"REST"}],"neow_cost":"NONE","seed_source_timestamp":0,"circlet_count":0,"master_deck":["AscendersBane","Strike_R","Strike_R","Strike_R","Strike_R","Strike_R","Defend_R","Defend_R","Defend_R","Defend_R","Bash","Corruption","Battle Trance","Seeing Red","Cleave","Whirlwind+1","True Grit+1","Demon Form","Clothesline","Shrug It Off","Juggernaut","Reaper","Burning Pact"],"special_seed":0,"relics":["Burning Blood","NeowsBlessing","Blue Candle","Bag of Preparation","Centennial Puzzle","Tiny House","Chemical X"],"potions_floor_usage":[22,24,24],"damage_taken":[{"damage":0.0,"enemies":"Cultist","floor":1.0,"turns":1.0},{"damage":0.0,"enemies":"Jaw Worm","floor":4.0,"turns":1.0},{"damage":0.0,"enemies":"3 Sentries","floor":6.0,"turns":1.0},{"damage":6.0,"enemies":"2 Louse","floor":7.0,"turns":3.0},{"damage":53.0,"enemies":"Lagavulin","floor":8.0,"turns":9.0},{"damage":11.0,"enemies":"Red Slaver","floor":10.0,"turns":5.0},{"damage":0.0,"enemies":"3 Louse","floor":11.0,"turns":1.0},{"damage":7.0,"enemies":"Looter","floor":14.0,"turns":3.0},{"damage":28.0,"enemies":"Slime Boss","floor":16.0,"turns":7.0},{"damage":25.0,"enemies":"Chosen","floor":18.0,"turns":5.0},{"damage":43.0,"enemies":"3 Byrds","floor":19.0,"turns":6.0},{"damage":15,"enemies":"Snecko","floor":22,"turns":5},{"damage":14,"enemies":"Centurion and Healer","floor":24,"turns":4},{"damage":54,"enemies":"Book of Stabbing","floor":25,"turns":6}],"seed_played":"4129339604868598310","potions_obtained":[{"floor":5.0,"key":"Explosive Potion"},{"floor":5.0,"key":"SpeedPotion"},{"floor":8.0,"key":"EssenceOfSteel"},{"floor":17.0,"key":"SteroidPotion"},{"floor":22,"key":"FearPotion"},{"floor":24,"key":"Ancient Potion"}],"is_trial":false,"path_per_floor":["M","$","?","M","?","E","M","E","T","M","M","R","$","M","R","B",null,"M","M","$","?","M","R","M","E"],"character_chosen":"IRONCLAD","items_purchased":["Battle Trance","Demon Form","Clothesline","Chemical X","SkillPotion"],"campfire_rested":2,"item_purchase_floors":[2,13,13,20,20],"current_hp_per_floor":[78,78,78,80,80,80,80,33,33,28,34,34,34,33,57,35,74,55,18,18,18,25,50,50,0],"gold":52,"neow_bonus":"THREE_ENEMY_KILL","is_prod":false,"is_daily":false,"chose_seed":false,"campfire_upgraded":1,"win_rate":0,"timestamp":1549340535,"path_taken":["M","$","?","M","?","E","M","E","T","M","M","R","$","M","R","BOSS","M","M","?","?","?","R","M","E"],"build_version":"2019-01-23","purchased_purges":1,"victory":false,"max_hp_per_floor":[80,80,80,80,80,80,80,80,80,80,80,80,80,80,80,80,85,85,85,85,85,85,85,85,85],"card_choices":[{"not_picked":["Clothesline","True Grit"],"picked":"Corruption","floor":1.0},{"not_picked":["Sword Boomerang","Armaments","Warcry"],"picked":"SKIP","floor":4.0},{"not_picked":["Havoc","Searing Blow"],"picked":"Seeing Red","floor":6.0},{"not_picked":["Searing Blow","Warcry"],"picked":"Cleave","floor":7.0},{"not_picked":["Seeing Red","Limit Break"],"picked":"Whirlwind","floor":8.0},{"not_picked":["Dual Wield","Heavy Blade","Sword Boomerang"],"picked":"SKIP","floor":10.0},{"not_picked":["Thunderclap","Headbutt"],"picked":"True Grit","floor":11.0},{"not_picked":["Iron Wave","Sword Boomerang"],"picked":"Shrug It Off","floor":14.0},{"not_picked":["Bludgeon","Berserk"],"picked":"Juggernaut","floor":16.0},{"not_picked":["Clash","Twin Strike+1","Flex"],"picked":"SKIP","floor":18.0},{"not_picked":["Iron Wave","Cleave"],"picked":"Reaper","floor":19.0},{"not_picked":["Body Slam","Anger"],"picked":"Burning Pact","floor":22},{"not_picked":["Whirlwind","Cleave","Havoc"],"picked":"SKIP","floor":24}],"player_experience":225361,"relics_obtained":[{"floor":6.0,"key":"Blue Candle"},{"floor":8.0,"key":"Bag of Preparation"},{"floor":9.0,"key":"Centennial Puzzle"}],"event_choices":[{"damage_healed":0.0,"max_hp_gain":0.0,"max_hp_loss":0.0,"gold_gain":175.0,"event_name":"Liars Game","player_choice":"AGREE","floor":3.0,"gold_loss":0.0,"damage_taken":0.0,"cards_obtained":["Doubt"]},{"damage_healed":0.0,"max_hp_gain":0.0,"max_hp_loss":0.0,"gold_gain":0.0,"event_name":"Lab","player_choice":"Got Potions","floor":5.0,"gold_loss":0.0,"damage_taken":0.0},{"damage_healed":0,"gold_gain":0,"player_choice":"Leave","damage_taken":0,"max_hp_gain":0,"max_hp_loss":0,"event_name":"FaceTrader","floor":21,"gold_loss":0}],"is_beta":false,"boss_relics":[{"not_picked":["Empty Cage","Pandora\u0027s Box"],"picked":"Tiny House"}],"items_purged_floors":[13],"is_endless":false,"potions_floor_spawned":[7,8,22,24],"killed_by":"Book of Stabbing","ascension_level":13}