{"gold_per_floor":[112,125,55,65,79,79,112,180,207,241,241,157,157,169,169,271,271,284,284,313,337,264,276,318,360,423,435,447,459,489,512,524,633,645,671,683,695,721,747,759,803,815,827,868,316,316,22,37,37,37],"floor_reached":51,"playtime":1347,"items_purged":["Strike_R","Strike_R","Defend_R"],"score":845,"play_id":"eb790e67-6e47-40ad-aacc-34b079a24286","local_time":"20190213225408","is_ascension_mode":true,"campfire_choices":[{"data":"Bash","floor":6.0,"key":"SMITH"},{"data":"Inflame","floor":11.0,"key":"SMITH"},{"data":"Inflame","floor":15.0,"key":"SMITH"},{"data":"Sword Boomerang","floor":23.0,"key":"SMITH"},{"data":"Twin Strike","floor":28.0,"key":"SMITH"},{"data":"Heavy Blade","floor":32.0,"key":"SMITH"},{"data":"Defend_R","floor":40.0,"key":"SMITH"},{"data":"Defend_R","floor":42.0,"key":"SMITH"},{"data":"Limit Break","floor":49.0,"key":"SMITH"}],"neow_cost":"NONE","seed_source_timestamp":20612790957000,"circlet_count":0,"master_deck":["Strike_R+1","Strike_R+1","Defend_R+1","Defend_R+1","Bash+1","Sword Boomerang+1","Inflame+1","Twin Strike+1","Inflame+1","Reaper+1","True Grit+1","Ghostly Armor+1","Heavy Blade+1","Inflame+1","Infernal Blade+1","Limit Break+1","Intimidate","Ghostly Armor","Ghostly Armor+1"],"special_seed":0,"relics":["Burning Blood","Whetstone","Lantern","Smiling Mask","Philosopher\u0027s Stone","MawBank","Bag of Preparation","Shuriken","Red Mask","Regal Pillow","Cursed Key","Anchor","Vajra","Paper Frog"],"potions_floor_usage":[50,50,50,50,50],"damage_taken":[{"damage":1.0,"enemies":"Cultist","floor":1.0,"turns":3.0},{"damage":2.0,"enemies":"2 Louse","floor":2.0,"turns":3.0},{"damage":2.0,"enemies":"Small Slimes","floor":4.0,"turns":3.0},{"damage":16.0,"enemies":"Exordium Thugs","floor":5.0,"turns":5.0},{"damage":27.0,"enemies":"Gremlin Nob","floor":7.0,"turns":4.0},{"damage":18.0,"enemies":"Lagavulin","floor":10.0,"turns":4.0},{"damage":8.0,"enemies":"Red Slaver","floor":14.0,"turns":3.0},{"damage":27.0,"enemies":"Hexaghost","floor":16.0,"turns":5.0},{"damage":28.0,"enemies":"2 Thieves","floor":18.0,"turns":3.0},{"damage":19.0,"enemies":"3 Byrds","floor":20.0,"turns":4.0},{"damage":15.0,"enemies":"Snake Plant","floor":21.0,"turns":2.0},{"damage":0.0,"enemies":"Gremlin Leader","floor":24.0,"turns":5.0},{"damage":28.0,"enemies":"Masked Bandits","floor":25.0,"turns":4.0},{"damage":13.0,"enemies":"Centurion and Healer","floor":30.0,"turns":5.0},{"damage":14.0,"enemies":"3 Cultists","floor":31.0,"turns":3.0},{"damage":75.0,"enemies":"Automaton","floor":33.0,"turns":8.0},{"damage":0.0,"enemies":"3 Shapes","floor":35.0,"turns":3.0},{"damage":0.0,"enemies":"Orb Walker","floor":38.0,"turns":2.0},{"damage":16.0,"enemies":"3 Darklings","floor":39.0,"turns":3.0},{"damage":6.0,"enemies":"Giant Head","floor":41.0,"turns":5.0},{"damage":62.0,"enemies":"Nemesis","floor":44.0,"turns":5.0},{"damage":0.0,"enemies":"4 Shapes","floor":48.0,"turns":2.0},{"damage":6,"enemies":"Donu and Deca","floor":50,"turns":5}],"seed_played":"-8770366892802279973","potions_obtained":[{"floor":4.0,"key":"PowerPotion"},{"floor":7.0,"key":"LiquidBronze"},{"floor":10.0,"key":"GamblersBrew"},{"floor":21.0,"key":"Block Potion"},{"floor":24.0,"key":"Explosive Potion"},{"floor":25.0,"key":"Swift Potion"},{"floor":38.0,"key":"Block Potion"}],"is_trial":false,"path_per_floor":["M","M","$","M","M","R","E","?","T","E","R","$","?","M","R","B",null,"M","?","M","M","?","R","E","?","T","?","R","$","M","M","R","B",null,"M","?","?","M","M","R","E","R","T","E","$","?","$","M","R","B",null],"character_chosen":"IRONCLAD","items_purchased":["Inflame","Inflame","Limit Break","Paper Frog","Regen Potion","Block Potion","Intimidate","Ghostly Armor","EntropicBrew"],"campfire_rested":0,"item_purchase_floors":[3,12,45,45,45,45,47,47,47],"current_hp_per_floor":[80,80,80,80,70,70,49,49,49,37,37,37,37,35,35,14,80,68,68,75,66,66,66,72,62,62,62,62,62,67,72,72,31,80,80,80,80,80,70,70,70,70,70,31,31,31,31,37,37,80],"gold":37,"neow_bonus":"REMOVE_CARD","is_prod":false,"is_daily":false,"chose_seed":false,"campfire_upgraded":9,"win_rate":0,"timestamp":1550091248,"path_taken":["M","M","$","M","?","R","E","?","T","E","R","$","?","M","R","BOSS","M","?","?","M","?","R","E","?","T","?","R","$","?","M","R","BOSS","M","?","?","M","M","R","E","R","T","E","$","?","$","?","R","BOSS"],"build_version":"2019-01-23","purchased_purges":3,"victory":true,"max_hp_per_floor":[80,80,80,80,80,80,80,80,80,80,80,80,80,80,80,80,80,80,80,80,80,80,80,80,80,80,80,80,80,80,80,80,80,80,80,80,80,80,80,80,80,80,80,80,80,80,80,80,80,80],"card_choices":[{"not_picked":["Clash","Pommel Strike","Havoc"],"picked":"SKIP","floor":1.0},{"not_picked":["True Grit","Metallicize"],"picked":"Sword Boomerang","floor":2.0},{"not_picked":["Warcry","Power Through","Shrug It Off"],"picked":"SKIP","floor":4.0},{"not_picked":["Uppercut","Warcry"],"picked":"Twin Strike","floor":5.0},{"not_picked":["Combust","Twin Strike","Body Slam"],"picked":"SKIP","floor":7.0},{"not_picked":["Twin Strike","Berserk","True Grit"],"picked":"SKIP","floor":10.0},{"not_picked":["Seeing Red","Burning Pact","Entrench"],"picked":"SKIP","floor":14.0},{"not_picked":["Impervious","Juggernaut"],"picked":"Reaper","floor":16.0},{"not_picked":["Disarm","Headbutt","Havoc"],"picked":"SKIP","floor":18.0},{"not_picked":["Dropkick+1","Iron Wave"],"picked":"True Grit+1","floor":20.0},{"not_picked":["Flex","Armaments"],"picked":"Ghostly Armor+1","floor":21.0},{"not_picked":["Flame Barrier","Cleave","Iron Wave"],"picked":"SKIP","floor":24.0},{"not_picked":["Armaments+1","Fire Breathing"],"picked":"Heavy Blade","floor":30.0},{"not_picked":["Perfected Strike","Havoc","Iron Wave"],"picked":"SKIP","floor":31.0},{"not_picked":["Wild Strike","Evolve","Second Wind"],"picked":"SKIP","floor":35.0},{"not_picked":["Wild Strike+1","Havoc+1"],"picked":"Inflame+1","floor":38.0},{"not_picked":["Wild Strike","Twin Strike","True Grit"],"picked":"SKIP","floor":39.0},{"not_picked":["Hemokinesis+1","Dropkick"],"picked":"Infernal Blade+1","floor":41.0},{"not_picked":["Burning Pact","Clash+1","Bludgeon"],"picked":"SKIP","floor":44.0},{"not_picked":["Power Through","Rampage"],"picked":"Ghostly Armor+1","floor":48.0}],"player_experience":745421,"relics_obtained":[{"floor":7.0,"key":"Whetstone"},{"floor":9.0,"key":"Lantern"},{"floor":10.0,"key":"Smiling Mask"},{"floor":24.0,"key":"Shuriken"},{"floor":25.0,"key":"Red Mask"},{"floor":26.0,"key":"Regal Pillow"},{"floor":41.0,"key":"Anchor"},{"floor":44.0,"key":"Vajra"}],"event_choices":[{"damage_healed":0.0,"max_hp_gain":0.0,"max_hp_loss":0.0,"gold_gain":68.0,"event_name":"Golden Wing","player_choice":"Gained Gold","floor":8.0,"gold_loss":0.0,"damage_taken":0.0},{"damage_healed":0.0,"max_hp_gain":0.0,"max_hp_loss":0.0,"gold_gain":0.0,"event_name":"The Woman in Blue","player_choice":"Bought 0 Potions","floor":13.0,"gold_loss":0.0,"damage_taken":0.0},{"damage_healed":0.0,"max_hp_gain":0.0,"max_hp_loss":0.0,"gold_gain":0.0,"event_name":"WeMeetAgain","player_choice":"Gave Potion","floor":19.0,"gold_loss":0.0,"damage_taken":0.0,"relics_obtained":["MawBank"]},{"damage_healed":0.0,"max_hp_gain":0.0,"max_hp_loss":0.0,"gold_gain":0.0,"event_name":"Addict","player_choice":"Obtained Relic","floor":22.0,"gold_loss":85.0,"damage_taken":0.0,"relics_obtained":["Bag of Preparation"]},{"damage_healed":0.0,"max_hp_gain":0.0,"max_hp_loss":0.0,"gold_gain":0.0,"event_name":"Masked Bandits","player_choice":"Fought Bandits","floor":25.0,"gold_loss":0.0,"damage_taken":0.0},{"damage_healed":0.0,"max_hp_gain":0.0,"max_hp_loss":0.0,"gold_gain":0.0,"event_name":"Accursed Blacksmith","player_choice":"Forge","floor":27.0,"gold_loss":0.0,"damage_taken":0.0,"cards_upgraded":["Reaper"]},{"damage_healed":0.0,"max_hp_gain":0.0,"max_hp_loss":0.0,"gold_gain":0.0,"event_name":"SensoryStone","player_choice":"Memory 1","floor":36.0,"gold_loss":0.0,"damage_taken":0.0},{"cards_removed":["Strike_R"],"damage_healed":0.0,"max_hp_gain":0.0,"max_hp_loss":0.0,"gold_gain":0.0,"event_name":"Falling","player_choice":"Removed Attack","floor":37.0,"gold_loss":0.0,"damage_taken":0.0},{"damage_healed":0.0,"max_hp_gain":0.0,"max_hp_loss":0.0,"gold_gain":0.0,"event_name":"Match and Keep!","player_choice":"0 cards matched","floor":46.0,"gold_loss":0.0,"damage_taken":0.0,"cards_obtained":[]}],"is_beta":false,"boss_relics":[{"not_picked":["Black Star","Velvet Choker"],"picked":"Philosopher\u0027s Stone"},{"not_picked":["Runic Cube","Empty Cage"],"picked":"Cursed Key"}],"items_purged_floors":[12,45,47],"is_endless":false,"potions_floor_spawned":[4,7,10,21,24,25,30,38],"ascension_level":1}