{"gold_per_floor":[117,134,134,134,27,59,59,87,87,87,87,87,117,139,139,216,216,230,241,156,156,171,171,111,111,111,111,161,161,196,24,24,24,24,40,40,40,40,53,53,53,66,66,83,83,83,95,105,105,105],"floor_reached":50,"playtime":1160,"items_purged":["Defend_R+1"],"score":1119,"play_id":"4397b115-8e0d-4ea4-a175-3f572dd03088","local_time":"20190202044836","is_ascension_mode":true,"campfire_choices":[{"data":"Defend_R","floor":7.0,"key":"PURGE"},{"data":"Dual Wield","floor":10.0,"key":"SMITH"},{"data":"Defend_R","floor":12.0,"key":"PURGE"},{"data":"Limit Break","floor":15.0,"key":"SMITH"},{"data":"Defend_R","floor":23,"key":"PURGE"},{"data":"Strike_R","floor":25,"key":"PURGE"},{"data":"Strike_R","floor":27,"key":"PURGE"},{"floor":32,"key":"REST"},{"data":"Strike_R","floor":40,"key":"PURGE"},{"floor":46,"key":"REST"},{"floor":49,"key":"REST"}],"neow_cost":"NONE","seed_source_timestamp":31788182516401,"circlet_count":0,"master_deck":["AscendersBane","Strike_R","Strike_R","Bash","Clash+1","Clash","Headbutt+1","Shrug It Off","Pommel Strike+1","Dual Wield+1","Limit Break+1","Disarm+1","Seeing Red+1","Thunderclap+1","Dual Wield+1","Purity","Clash+1","True Grit","Havoc+1"],"special_seed":0,"relics":["Black Blood","NeowsBlessing","Molten Egg 2","Peace Pipe","Shuriken","Mummified Hand","The Courier","Pen Nib","Odd Mushroom","Lizard Tail","Gremlin Horn","Self Forming Clay","Ancient Tea Set","Medical Kit","Kunai"],"potions_floor_usage":[22,22,42,44],"damage_taken":[{"damage":0.0,"enemies":"Cultist","floor":1.0,"turns":1.0},{"damage":0.0,"enemies":"Jaw Worm","floor":2.0,"turns":1.0},{"damage":0.0,"enemies":"Lagavulin","floor":6.0,"turns":2.0},{"damage":29.0,"enemies":"3 Sentries","floor":8.0,"turns":7.0},{"damage":12.0,"enemies":"Lagavulin","floor":13.0,"turns":4.0},{"damage":8.0,"enemies":"The Mushroom Lair","floor":14.0,"turns":2.0},{"damage":0.0,"enemies":"Slime Boss","floor":16.0,"turns":5.0},{"damage":11,"enemies":"Spheric Guardian","floor":18,"turns":3},{"damage":4,"enemies":"Chosen","floor":19,"turns":4},{"damage":16,"enemies":"Centurion and Healer","floor":22,"turns":5},{"damage":8,"enemies":"Gremlin Leader","floor":30,"turns":3},{"damage":32,"enemies":"Collector","floor":33,"turns":5},{"damage":34,"enemies":"Orb Walker","floor":35,"turns":3},{"damage":0,"enemies":"3 Darklings","floor":39,"turns":3},{"damage":5,"enemies":"Maw","floor":42,"turns":4},{"damage":25,"enemies":"Sphere and 2 Shapes","floor":44,"turns":3},{"damage":26,"enemies":"Writhing Mass","floor":47,"turns":5},{"damage":14,"enemies":"3 Darklings","floor":48,"turns":2},{"damage":114,"enemies":"Donu and Deca","floor":50,"turns":6}],"seed_played":"-7959856336320122074","potions_obtained":[{"floor":8.0,"key":"GamblersBrew"},{"floor":13.0,"key":"SkillPotion"},{"floor":16.0,"key":"LiquidBronze"},{"floor":19,"key":"Block Potion"},{"floor":21,"key":"PowerPotion"},{"floor":30,"key":"Fire Potion"},{"floor":42,"key":"PowerPotion"}],"is_trial":false,"path_per_floor":["M","M","?","?","$","E","R","E","T","R","T","R","E","?","R","B",null,"M","M","?","?","M","R","$","R","T","R","?","?","E","$","R","B",null,"M","$","?","$","M","R","?","M","T","M","?","R","M","M","R","B"],"character_chosen":"IRONCLAD","items_purchased":["Headbutt+1","Shrug It Off","Medical Kit"],"campfire_rested":3,"item_purchase_floors":[5,5,31],"current_hp_per_floor":[74,75,52,47,47,53,53,30,30,30,30,30,24,22,22,28,63,58,60,60,60,50,50,50,50,50,50,50,29,27,27,51,25,66,42,42,42,42,52,52,52,57,57,42,42,64,48,44,66,0],"gold":105,"neow_bonus":"THREE_ENEMY_KILL","is_prod":false,"is_daily":false,"chose_seed":false,"campfire_upgraded":2,"win_rate":0,"timestamp":1549111716,"path_taken":["M","?","?","?","$","E","R","E","T","R","?","R","E","?","R","BOSS","M","M","?","?","?","R","?","R","T","R","?","?","E","$","R","BOSS","M","$","?","?","M","R","?","?","T","M","?","R","M","M","R","BOSS"],"build_version":"2019-01-23","purchased_purges":1,"victory":false,"max_hp_per_floor":[75,75,75,75,75,75,75,75,75,75,75,75,75,75,75,75,75,75,75,75,75,75,75,75,75,75,75,75,80,80,80,80,80,80,80,80,80,80,80,80,80,80,80,80,76,76,76,76,76,76],"card_choices":[{"not_picked":["Iron Wave","Twin Strike"],"picked":"Clash","floor":1.0},{"not_picked":["Armaments","Headbutt"],"picked":"Clash","floor":2.0},{"not_picked":["Warcry","True Grit"],"picked":"Pommel Strike+1","floor":6.0},{"not_picked":["Havoc","Dropkick+1"],"picked":"Dual Wield","floor":8.0},{"not_picked":["Perfected Strike+1","Flex"],"picked":"Limit Break","floor":14.0},{"not_picked":["Heavy Blade+1","Clothesline+1"],"picked":"Disarm+1","floor":18},{"not_picked":["Shrug It Off+1","Twin Strike+1"],"picked":"Seeing Red+1","floor":19},{"not_picked":["Spot Weakness","Body Slam+1"],"picked":"Thunderclap+1","floor":22},{"not_picked":["Perfected Strike+1","Warcry"],"picked":"Dual Wield+1","floor":35},{"not_picked":["Trip","Thinking Ahead"],"picked":"Purity","floor":37},{"not_picked":["Feel No Pain","Immolate+1"],"picked":"True Grit","floor":42},{"not_picked":["Shrug It Off","Infernal Blade","Headbutt+1"],"picked":"SKIP","floor":47},{"not_picked":["Perfected Strike+1","Pommel Strike+1"],"picked":"Havoc+1","floor":48}],"player_experience":1095261,"relics_obtained":[{"floor":6.0,"key":"Peace Pipe"},{"floor":8.0,"key":"Shuriken"},{"floor":9.0,"key":"Mummified Hand"},{"floor":11.0,"key":"The Courier"},{"floor":13.0,"key":"Pen Nib"},{"floor":14.0,"key":"Odd Mushroom"},{"floor":26,"key":"Self Forming Clay"},{"floor":30,"key":"Ancient Tea Set"},{"floor":43,"key":"Kunai"}],"event_choices":[{"damage_healed":0.0,"max_hp_gain":0.0,"max_hp_loss":0.0,"gold_gain":0.0,"event_name":"Shining Light","player_choice":"Entered Light","floor":3.0,"gold_loss":0.0,"damage_taken":23.0,"cards_upgraded":["Defend_R","Clash"]},{"damage_healed":0.0,"max_hp_gain":0.0,"max_hp_loss":0.0,"gold_gain":0.0,"event_name":"Scrap Ooze","player_choice":"Success","floor":4.0,"gold_loss":0.0,"damage_taken":5.0,"relics_obtained":["Molten Egg 2"]},{"damage_healed":0.0,"max_hp_gain":0.0,"max_hp_loss":0.0,"gold_gain":0.0,"event_name":"Mushrooms","player_choice":"Fought Mushrooms","floor":14.0,"gold_loss":0.0,"damage_taken":0.0},{"damage_healed":0,"gold_gain":0,"player_choice":"Obtained Relic","damage_taken":0,"relics_obtained":["Gremlin Horn"],"max_hp_gain":0,"max_hp_loss":0,"event_name":"Addict","floor":20,"gold_loss":85},{"damage_healed":0,"gold_gain":0,"player_choice":"Got Potions","damage_taken":0,"max_hp_gain":0,"max_hp_loss":0,"event_name":"Lab","floor":21,"gold_loss":0},{"damage_healed":0,"gold_gain":50,"player_choice":"Stole From Cult","damage_taken":0,"max_hp_gain":0,"max_hp_loss":0,"event_name":"Nest","floor":28,"gold_loss":0},{"damage_healed":0,"gold_gain":0,"player_choice":"Shed Blood","damage_taken":26,"max_hp_gain":5,"max_hp_loss":0,"event_name":"Forgotten Altar","floor":29,"gold_loss":0},{"damage_healed":0,"gold_gain":0,"player_choice":"Memory 1","damage_taken":0,"max_hp_gain":0,"max_hp_loss":0,"event_name":"SensoryStone","floor":37,"gold_loss":0},{"damage_healed":0,"gold_gain":0,"player_choice":"Copied","damage_taken":0,"max_hp_gain":0,"max_hp_loss":0,"event_name":"Duplicator","floor":41,"gold_loss":0,"cards_obtained":["Clash"]},{"damage_healed":0,"gold_gain":0,"player_choice":"Max HP","damage_taken":0,"max_hp_gain":0,"max_hp_loss":4,"event_name":"Winding Halls","floor":45,"gold_loss":0}],"is_beta":true,"boss_relics":[{"not_picked":["Snecko Eye","Runic Pyramid"],"picked":"Lizard Tail"},{"not_picked":["Runic Cube","Orrery"],"picked":"Black Blood"}],"items_purged_floors":[24],"is_endless":false,"potions_floor_spawned":[8,13,16,19,30,42],"killed_by":"Donu and Deca","ascension_level":20}