{"gold_per_floor":[110,42,42,42,56,90,90,123,147,179,191,254,282,56,56,151,151,170,320,370,387,4,34,34,84,84,3,3,72,72,32,32,133,133,153,6,22,72,122,122,272,336,336,336,0,16,36,48,48,48],"floor_reached":50,"playtime":2612,"items_purged":["Strike_B","All For One"],"score":800,"play_id":"1afda7e5-b075-4b71-83e0-eed6547dfdca","local_time":"20190126221034","is_ascension_mode":true,"campfire_choices":[{"data":"Sunder","floor":7.0,"key":"SMITH"},{"floor":15.0,"key":"REST"},{"data":"Beam Cell","floor":24.0,"key":"SMITH"},{"data":"Forethought","floor":28.0,"key":"SMITH"},{"data":"Fusion","floor":30.0,"key":"SMITH"},{"data":"Fission","floor":32.0,"key":"SMITH"},{"data":"Enlightenment","floor":40.0,"key":"SMITH"},{"data":"Machine Learning","floor":44.0,"key":"SMITH"},{"data":"Panache","floor":49.0,"key":"SMITH"}],"neow_cost":"CURSE","seed_source_timestamp":0,"circlet_count":0,"master_deck":["Zap","Dualcast","Reboot","Skim","Sunder+1","Glacier","Beam Cell","Leap","Self Repair","Streamline","Beam Cell+1","Fission+1","Machine Learning+1","Double Energy","Fusion+1","Self Repair+1","Chaos","Conserve Battery","Glacier","Madness","Mayhem","Gash","Fission","Forethought+1","Go for the Eyes+1","Echo Form","White Noise","Panache+1","Glacier+1","Madness","Madness","Chrysalis","Enlightenment+1","Dark Shackles","Coolheaded+1","Skim+1","Sunder+1"],"special_seed":0,"relics":["Cracked Core","SsserpentHead","Anchor","Cables","Bag of Preparation","PreservedInsect","Dodecahedron","Pandora\u0027s Box","Thread and Needle","Kunai","Enchiridion","Pen Nib","Art of War","White Beast Statue","Emotion Chip","Strawberry","Red Mask"],"potions_floor_usage":[50,50,50],"damage_taken":[{"damage":11.0,"enemies":"Small Slimes","floor":1.0,"turns":3.0},{"damage":4.0,"enemies":"2 Louse","floor":5.0,"turns":2.0},{"damage":23.0,"enemies":"3 Sentries","floor":6.0,"turns":9.0},{"damage":4.0,"enemies":"Lagavulin","floor":8.0,"turns":7.0},{"damage":17.0,"enemies":"Gremlin Nob","floor":10.0,"turns":4.0},{"damage":0.0,"enemies":"Cultist","floor":11.0,"turns":2.0},{"damage":1.0,"enemies":"Looter","floor":12.0,"turns":2.0},{"damage":0.0,"enemies":"3 Sentries","floor":13.0,"turns":6.0},{"damage":26.0,"enemies":"The Guardian","floor":16.0,"turns":8.0},{"damage":0.0,"enemies":"Chosen","floor":18.0,"turns":3.0},{"damage":21.0,"enemies":"Colosseum Slavers","floor":19.0,"turns":4.0},{"damage":9.0,"enemies":"Colosseum Nobs","floor":19.0,"turns":4.0},{"damage":0.0,"enemies":"3 Byrds","floor":21.0,"turns":4.0},{"damage":6.0,"enemies":"Book of Stabbing","floor":23.0,"turns":5.0},{"damage":7.0,"enemies":"Snake Plant","floor":29.0,"turns":4.0},{"damage":28.0,"enemies":"Champ","floor":33.0,"turns":11.0},{"damage":2.0,"enemies":"Orb Walker","floor":35.0,"turns":4.0},{"damage":0.0,"enemies":"3 Shapes","floor":37.0,"turns":3.0},{"damage":0.0,"enemies":"Mind Bloom Boss Battle","floor":41.0,"turns":5.0},{"damage":16.0,"enemies":"Maw","floor":42.0,"turns":6.0},{"damage":0.0,"enemies":"4 Shapes","floor":46.0,"turns":3.0},{"damage":0.0,"enemies":"Jaw Worm Horde","floor":47.0,"turns":3.0},{"damage":13.0,"enemies":"Writhing Mass","floor":48.0,"turns":4.0},{"damage":31,"enemies":"Time Eater","floor":50,"turns":3}],"seed_played":"-465881060699366390","potions_obtained":[{"floor":5.0,"key":"SkillPotion"},{"floor":6.0,"key":"FairyPotion"},{"floor":16.0,"key":"Energy Potion"},{"floor":21.0,"key":"Block Potion"},{"floor":29.0,"key":"LiquidBronze"},{"floor":33.0,"key":"FearPotion"},{"floor":35.0,"key":"Strength Potion"},{"floor":37.0,"key":"Regen Potion"}],"is_trial":false,"path_per_floor":["M","$","?","?","M","E","R","E","T","E","M","M","E","$","R","B",null,"M","?","?","M","$","E","R","?","T","$","R","M","R","?","R","B",null,"M","$","M","?","?","R","?","M","T","R","?","M","M","M","R","B"],"character_chosen":"DEFECT","items_purchased":["Glacier","Fission","Madness","Mayhem","Forethought","Panache"],"campfire_rested":1,"item_purchase_floors":[2,14,22,22,27,36],"current_hp_per_floor":[57,57,50,50,46,23,23,19,19,9,9,15,22,22,44,25,63,63,61,45,59,59,67,67,67,67,67,67,74,74,74,74,63,72,75,75,75,66,56,56,56,67,74,74,74,82,82,82,82,56],"gold":48,"neow_bonus":"TRANSFORM_TWO_CARDS","is_prod":false,"is_daily":false,"chose_seed":false,"campfire_upgraded":8,"win_rate":0,"timestamp":1548540634,"path_taken":["M","$","?","?","M","E","R","E","T","E","M","?","E","$","R","BOSS","M","?","?","M","$","E","R","?","T","$","R","?","R","?","R","BOSS","M","?","M","?","?","R","?","?","T","R","?","M","M","M","R","BOSS"],"build_version":"2019-01-23","purchased_purges":2,"victory":false,"max_hp_per_floor":[75,75,75,75,75,75,75,75,75,75,75,75,75,75,75,75,75,75,75,75,75,75,75,75,75,75,75,75,75,75,75,75,75,75,75,75,75,75,75,75,75,75,82,82,82,82,82,82,82,82],"card_choices":[{"not_picked":["Recycle","Reprogram"],"picked":"Sunder","floor":1.0},{"not_picked":["Turbo","Cold Snap"],"picked":"Beam Cell","floor":5.0},{"not_picked":["Compile Driver","Redo"],"picked":"Leap","floor":6.0},{"not_picked":["Heatsinks","Go for the Eyes"],"picked":"Self Repair","floor":8.0},{"not_picked":["Tempest","Doom and Gloom","Rip and Tear"],"picked":"SKIP","floor":10.0},{"not_picked":["Recycle","Turbo"],"picked":"Streamline","floor":11.0},{"not_picked":["Beam Cell","Scrape"],"picked":"Steam","floor":12.0},{"not_picked":["Conserve Battery","Streamline"],"picked":"Beam Cell","floor":13.0},{"not_picked":["Amplify","Fission"],"picked":"Machine Learning","floor":16.0},{"not_picked":["Compile Driver","Sweeping Beam"],"picked":"Conserve Battery","floor":18.0},{"not_picked":["Ball Lightning+1","Melter"],"picked":"Glacier","floor":19.0},{"not_picked":["Conserve Battery","Force Field","Capacitor+1"],"picked":"SKIP","floor":21.0},{"not_picked":["Coolheaded","Compile Driver+1"],"picked":"Gash","floor":23.0},{"not_picked":["Beam Cell","Coolheaded"],"picked":"Go for the Eyes+1","floor":29.0},{"not_picked":["Buffer","Seek"],"picked":"Echo Form","floor":33.0},{"not_picked":["Coolheaded+1","Conserve Battery+1"],"picked":"White Noise","floor":35.0},{"not_picked":["Streamline","Scrape"],"picked":"Glacier+1","floor":37.0},{"not_picked":["Blind","Dark Shackles"],"picked":"Chrysalis","floor":39.0},{"not_picked":["Panacea","Impatience"],"picked":"Enlightenment","floor":39.0},{"not_picked":["Swift Strike","Forethought"],"picked":"Dark Shackles","floor":39.0},{"not_picked":["Capacitor+1","Glacier+1"],"picked":"Coolheaded+1","floor":41.0},{"not_picked":["Conserve Battery+1","Gash"],"picked":"Skim+1","floor":42.0},{"not_picked":["Self Repair","Gash","Redo+1"],"picked":"SKIP","floor":46.0},{"not_picked":["Sweeping Beam+1","Leap+1","Stack"],"picked":"SKIP","floor":47.0},{"not_picked":["Barrage","Sweeping Beam"],"picked":"Sunder+1","floor":48.0}],"player_experience":480835,"relics_obtained":[{"floor":6.0,"key":"Anchor"},{"floor":8.0,"key":"Cables"},{"floor":9.0,"key":"Bag of Preparation"},{"floor":10.0,"key":"PreservedInsect"},{"floor":13.0,"key":"Dodecahedron"},{"floor":19.0,"key":"Thread and Needle"},{"floor":19.0,"key":"Kunai"},{"floor":20.0,"key":"Enchiridion"},{"floor":23.0,"key":"Pen Nib"},{"floor":26.0,"key":"Art of War"},{"floor":41.0,"key":"Emotion Chip"},{"floor":43.0,"key":"Strawberry"}],"event_choices":[{"cards_removed":["Pain"],"damage_healed":0.0,"max_hp_gain":0.0,"max_hp_loss":0.0,"gold_gain":0.0,"event_name":"Golden Wing","player_choice":"Card Removal","floor":3.0,"gold_loss":0.0,"damage_taken":7.0},{"damage_healed":0.0,"max_hp_gain":0.0,"max_hp_loss":0.0,"gold_gain":0.0,"event_name":"FaceTrader","player_choice":"Trade","floor":4.0,"gold_loss":0.0,"damage_taken":0.0,"relics_obtained":["SsserpentHead"]},{"damage_healed":0.0,"max_hp_gain":0.0,"max_hp_loss":0.0,"gold_gain":0.0,"event_name":"Colosseum","player_choice":"Fight","floor":19.0,"gold_loss":0.0,"damage_taken":0.0},{"damage_healed":0.0,"max_hp_gain":0.0,"max_hp_loss":0.0,"gold_gain":0.0,"event_name":"Colosseum","player_choice":"Fought Nobs","floor":19.0,"gold_loss":0.0,"damage_taken":0.0},{"damage_healed":0.0,"max_hp_gain":0.0,"max_hp_loss":0.0,"gold_gain":0.0,"event_name":"Cursed Tome","player_choice":"Obtained Book","floor":20.0,"gold_loss":0.0,"damage_taken":16.0},{"damage_healed":0.0,"max_hp_gain":0.0,"max_hp_loss":0.0,"gold_gain":0.0,"event_name":"Match and Keep!","player_choice":"1 cards matched","floor":25.0,"gold_loss":0.0,"damage_taken":0.0,"cards_obtained":["Fission"]},{"cards_removed":["Steam"],"damage_healed":0.0,"max_hp_gain":0.0,"max_hp_loss":0.0,"gold_gain":0.0,"event_name":"Designer","player_choice":"Upgrade and Remove","floor":31.0,"gold_loss":90.0,"damage_taken":0.0,"cards_upgraded":["Self Repair"]},{"damage_healed":0.0,"max_hp_gain":0.0,"max_hp_loss":0.0,"gold_gain":0.0,"event_name":"Winding Halls","player_choice":"Embrace Madness","floor":38.0,"gold_loss":0.0,"damage_taken":9.0,"cards_obtained":["Madness","Madness"]},{"damage_healed":0.0,"max_hp_gain":0.0,"max_hp_loss":0.0,"gold_gain":0.0,"event_name":"SensoryStone","player_choice":"Memory 3","floor":39.0,"gold_loss":0.0,"damage_taken":10.0},{"damage_healed":0.0,"max_hp_gain":0.0,"max_hp_loss":0.0,"gold_gain":0.0,"event_name":"MindBloom","player_choice":"Fight","floor":41.0,"gold_loss":0.0,"damage_taken":0.0},{"damage_healed":0.0,"max_hp_gain":0.0,"max_hp_loss":0.0,"gold_gain":0.0,"event_name":"Tomb of Lord Red Mask","player_choice":"Paid","floor":45.0,"gold_loss":386.0,"damage_taken":0.0,"relics_obtained":["Red Mask"]}],"is_beta":true,"boss_relics":[{"not_picked":["Lizard Tail","Busted Crown"],"picked":"Pandora\u0027s Box"},{"not_picked":["Empty Cage","Velvet Choker"],"picked":"White Beast Statue"}],"items_purged_floors":[14,22],"is_endless":false,"potions_floor_spawned":[5,6,16,21,29,33,35,37,41,42,46,47,48],"killed_by":"Time Eater","ascension_level":8}