{"path_per_floor":["M","M","?","M","$","E","T","?","T","M","M","T","M","M","R","B",null,"M","$","?","?","M","E","R","M","T","E","M","M","R","M","R","B",null,"M","?","M","M","T","E","$","E","T","?","$","?","R","E","R","B"],"character_chosen":"IRONCLAD","items_purchased":["Purity","Battle Trance","Orichalcum","Singing Bowl","Rupture","Master of Strategy","Fiend Fire"],"gold_per_floor":[114,129,129,144,40,70,120,173,198,243,258,283,298,313,313,413,413,428,20,20,20,35,65,65,80,80,110,125,140,140,155,155,255,255,270,287,302,317,367,397,111,141,141,141,141,141,141,171,171,171],"floor_reached":51,"campfire_rested":6,"playtime":2377,"current_hp_per_floor":[73,93,93,94,94,90,90,83,90,88,90,90,96,94,101,80,101,88,88,88,78,39,11,43,26,28,29,30,36,71,72,106,96,117,113,117,115,117,119,121,121,118,130,120,120,103,135,137,139,106],"items_purged":[],"gold":171,"score":1052,"play_id":"286306b9-5ead-4be0-838d-5daa310812d3","local_time":"20180430201856","daily_mods":["Allstar","Vintage","Hoarder"],"is_prod":false,"is_daily":true,"chose_seed":false,"is_ascension_mode":false,"campfire_upgraded":0,"timestamp":1525115936,"path_taken":["M","M","?","M","$","E","?","?","T","M","?","?","M","?","R","BOSS","M","$","?","?","M","E","R","M","T","E","M","?","R","M","R","BOSS","M","?","M","M","?","E","$","E","T","?","$","?","R","E","R","BOSS"],"build_version":"2018-04-27v3","seed_source_timestamp":0,"purchased_purges":0,"victory":true,"master_deck":["Strike_R","Strike_R","Strike_R","Strike_R","Strike_R","Defend_R","Defend_R","Defend_R","Defend_R+1","Bash","Thinking Ahead","Thinking Ahead","Thinking Ahead+1","Panache","Panache","Panache","Blind","Blind","Blind","Blind","Blind","Apotheosis","Apotheosis","Apotheosis","Sadistic Nature","Sadistic Nature","Sadistic Nature","Purity","Purity","Purity","Searing Blow","Searing Blow","Searing Blow","Clash","Clash","Clash","Offering","Offering","Offering","Battle Trance","Battle Trance","Battle Trance","Rupture","Rupture","Rupture","Necronomicurse","Necronomicurse","Necronomicurse","Metallicize","Metallicize","Metallicize","Warcry","Warcry","Warcry","Sword Boomerang+1","Sword Boomerang+1","Sword Boomerang+1","Master of Strategy","Master of Strategy","Master of Strategy","Fiend Fire","Fiend Fire","Fiend Fire","Mind Blast","Mind Blast","Mind Blast","Deep Breath","Deep Breath","Deep Breath","Dark Shackles","Dark Shackles","Dark Shackles","Madness","Madness","Madness","Madness","Madness","Madness","Inflame","Inflame","Inflame"],"max_hp_per_floor":[80,94,94,94,94,94,94,94,101,101,101,101,101,101,101,101,101,101,101,101,107,107,109,109,109,111,113,113,113,115,115,115,117,117,117,119,119,119,121,121,121,123,135,135,135,135,135,137,139,139],"relics":["Burning Blood","Art of War","Mango","Dodecahedron","Darkstone Periapt","Vajra","Prayer Wheel","Strawberry","Tiny Chest","Ornamental Fan","Bag of Marbles","Pen Nib","Mercury Hourglass","Sundial","Philosopher\u0027s Stone","Oddly Smooth Stone","Orichalcum","Singing Bowl","Dream Catcher","Necronomicon","The Courier","War Paint","Du-Vu Doll","Letter Opener","Paper Frog","Matryoshka","Happy Flower","Ancient Tea Set","Bag of Preparation","Black Star","Bronze Scales","Red Skull","Juzu Bracelet","Turnip","Anchor","Lantern","Omamori","Blood Vial","Smiling Mask","Bottled Tornado","Pear","Toolbox","Centennial Puzzle","Molten Egg 2"],"card_choices":[{"not_picked":["Rampage","Uppercut"],"picked":"Searing Blow","floor":6},{"not_picked":["Shrug It Off","Power Through"],"picked":"Clash","floor":8},{"not_picked":["Reaper","Impervious"],"picked":"Offering","floor":16},{"not_picked":["Twin Strike","Warcry"],"picked":"Metallicize","floor":24},{"not_picked":["Body Slam","Thunderclap"],"picked":"Warcry","floor":32},{"not_picked":["Clothesline","Fire Breathing"],"picked":"Sword Boomerang","floor":40},{"not_picked":["Purity","Thinking Ahead"],"picked":"Mind Blast","floor":44},{"not_picked":["Sadistic Nature","Mind Blast"],"picked":"Deep Breath","floor":44},{"not_picked":["Magnetism","Secret Weapon"],"picked":"Dark Shackles","floor":44},{"not_picked":["Heavy Blade","Thunderclap"],"picked":"Inflame","floor":47}],"player_experience":94732,"potions_floor_usage":[8,16,29,50,50],"damage_taken":[{"damage":13,"enemies":"Jaw Worm","floor":1,"turns":3},{"damage":0,"enemies":"Small Slimes","floor":2,"turns":2},{"damage":1,"enemies":"2 Louse","floor":4,"turns":3},{"damage":10,"enemies":"3 Sentries","floor":6,"turns":4},{"damage":13,"enemies":"Lagavulin Event","floor":8,"turns":5},{"damage":8,"enemies":"2 Fungi Beasts","floor":10,"turns":2},{"damage":4,"enemies":"Gremlin Gang","floor":11,"turns":3},{"damage":0,"enemies":"Blue Slaver","floor":13,"turns":2},{"damage":8,"enemies":"Red Slaver","floor":14,"turns":2},{"damage":27,"enemies":"Hexaghost","floor":16,"turns":6},{"damage":19,"enemies":"Shell Parasite","floor":18,"turns":2},{"damage":45,"enemies":"3 Byrds","floor":22,"turns":3},{"damage":36,"enemies":"Slavers","floor":23,"turns":3},{"damage":23,"enemies":"Snake Plant","floor":25,"turns":2},{"damage":7,"enemies":"Book of Stabbing","floor":27,"turns":4},{"damage":5,"enemies":"Cultist and Chosen","floor":28,"turns":3},{"damage":0,"enemies":"Snecko","floor":29,"turns":4},{"damage":5,"enemies":"Slaver and Parasite","floor":31,"turns":4},{"damage":18,"enemies":"Collector","floor":33,"turns":5},{"damage":10,"enemies":"3 Darklings","floor":35,"turns":2},{"damage":4,"enemies":"Mysterious Sphere","floor":36,"turns":2},{"damage":8,"enemies":"Flame Bruiser 1 Orb","floor":37,"turns":1},{"damage":4,"enemies":"Spire Growth","floor":38,"turns":3},{"damage":4,"enemies":"Giant Head","floor":40,"turns":3},{"damage":11,"enemies":"2 Orb Walkers","floor":42,"turns":2},{"damage":0,"enemies":"Nemesis","floor":48,"turns":1},{"damage":39,"enemies":"Donu and Deca","floor":50,"turns":5}],"event_choices":[{"event_name":"Living Wall","player_choice":"Change","floor":3,"damage_taken":0},{"event_name":"Dead Adventurer","player_choice":"Searched \u00272\u0027 times","floor":8,"damage_taken":0},{"event_name":"The Mausoleum","player_choice":"Yes","floor":20,"damage_taken":0},{"event_name":"Cursed Tome","player_choice":"Obtained Book","floor":21,"damage_taken":0},{"event_name":"Mysterious Sphere","player_choice":"Fight","floor":36,"damage_taken":0},{"event_name":"SensoryStone","player_choice":"Memory 3","floor":44,"damage_taken":0},{"event_name":"Winding Halls","player_choice":"Embrace Madness","floor":46,"damage_taken":0}],"boss_relics":[{"not_picked":["Astrolabe","Snecko Eye"],"picked":"Philosopher\u0027s Stone"},{"not_picked":["Tiny House","Black Blood"],"picked":"Black Star"}],"potions_floor_spawned":[2,4,8,10,14,22,25,28,31,33,35,38,42],"seed_played":"459085969939576442","ascension_level":0,"is_trial":false}