{"path_per_floor":["M","M","?","$","$","R","E","R","T","T","R","E","?","M","R","B",null,"M","?","M","M","?","R","M","M","T","R","M","$","?","M","R","B",null,"M","M","?","?","M","R","M","M","T"],"character_chosen":"DEFECT","items_purchased":["Defragment","Glacier","Ice Cream","Thunder Strike","Secret Weapon+1","Purity+1"],"gold_per_floor":[144,189,189,189,45,45,143,143,218,218,218,316,316,365,365,690,690,739,739,788,837,837,837,886,935,935,935,984,185,110,159,159,484,484,533,582,682,682,731,731,780,829,829,829],"floor_reached":44,"campfire_rested":8,"playtime":2097,"item_purchase_floors":[5,5,29,29,29,29],"current_hp_per_floor":[74,67,49,49,49,71,51,73,73,73,75,75,75,75,75,25,75,51,51,45,22,22,44,28,25,25,47,47,47,47,37,59,49,75,39,18,18,18,4,26,11,4,4,0],"items_purged":["Regret"],"gold":829,"score":520,"play_id":"8719ac7b-e3f2-4d47-a13c-1b6724068aab","local_time":"20180608194446","daily_mods":["Specialized","Midas","Time Dilation"],"is_prod":false,"is_daily":true,"chose_seed":false,"is_ascension_mode":false,"campfire_upgraded":0,"win_rate":0,"timestamp":1528483486,"campfire_choices":[{"floor":6,"key":"REST"},{"floor":8,"key":"REST"},{"floor":11,"key":"REST"},{"floor":15,"key":"REST"},{"floor":23,"key":"REST"},{"floor":27,"key":"REST"},{"floor":32,"key":"REST"},{"floor":40,"key":"REST"}],"path_taken":["M","M","?","?","$","R","E","R","T","?","R","E","?","M","R","BOSS","M","?","M","M","?","R","?","M","T","R","M","$","?","M","R","BOSS","M","M","?","?","M","R","M","M","T","M"],"build_version":"2018-06-07v2","seed_source_timestamp":0,"purchased_purges":1,"victory":false,"master_deck":["Strike_B","Strike_B","Strike_B","Defend_B","Defend_B","Defend_B","Defend_B","Zap","Dualcast","Electrodynamics","Electrodynamics","Electrodynamics","Electrodynamics","Electrodynamics","Storm","Defragment","Glacier","Force Field","BootSequence+1","Creative AI","Hologram+1","Reprogram+1","Capacitor","Chill+1","Chill+1","RitualDagger","Fusion+1","Chaos+1","Thunder Strike","Secret Weapon+1","Purity+1","Echo Form","Hologram+1","Heatsinks","Conserve Battery+1"],"max_hp_per_floor":[75,75,75,75,75,75,75,75,75,75,75,75,75,75,75,75,75,75,75,75,75,75,75,75,75,75,75,75,75,75,75,75,75,75,75,75,75,75,75,75,75,75,75,75],"relics":["Cracked Core","Golden Idol","Pantograph","Toxic Egg 2","Shuriken","Art of War","Ginger","Orrery","Orichalcum","Ice Cream","Snecko Eye","Matryoshka"],"card_choices":[{"not_picked":["Melter","Compile Driver","Cold Snap"],"picked":"SKIP","floor":1},{"not_picked":["Beam Cell","Compile Driver"],"picked":"Storm","floor":2},{"not_picked":["Steam Power","Rebound"],"picked":"Force Field","floor":7},{"not_picked":["Melter","Cold Snap","Gash"],"picked":"SKIP","floor":12},{"not_picked":["Coolheaded+1","Redo+1"],"picked":"BootSequence+1","floor":14},{"not_picked":["Rainbow+1","Machine Learning"],"picked":"Creative AI","floor":16},{"not_picked":["Rebound","Streamline"],"picked":"Chill+1","floor":17},{"not_picked":["Biased Cognition","Beam Cell"],"picked":"Hologram+1","floor":17},{"not_picked":["Stack+1","Compile Driver"],"picked":"Reprogram+1","floor":17},{"not_picked":["Hologram+1","Cold Snap"],"picked":"Capacitor","floor":18},{"not_picked":["Beam Cell","Turbo+1"],"picked":"Chill+1","floor":20},{"not_picked":["Gash+1","Leap+1","Streamline"],"picked":"SKIP","floor":21},{"not_picked":["Coolheaded+1","Leap+1"],"picked":"Fusion+1","floor":24},{"not_picked":["Aggregate+1","FTL","Cold Snap"],"picked":"SKIP","floor":25},{"not_picked":["Scrape","Leap+1"],"picked":"Chaos+1","floor":28},{"not_picked":["All For One","Darkness+1","Rip and Tear"],"picked":"SKIP","floor":31},{"not_picked":["Hyperbeam","Rainbow+1"],"picked":"Echo Form","floor":33},{"not_picked":["Genetic Algorithm+1","Compile Driver"],"picked":"Hologram+1","floor":35},{"not_picked":["Doom and Gloom+1","Chill+1","Cold Snap+1"],"picked":"SKIP","floor":36},{"not_picked":["Rebound","Barrage+1"],"picked":"Heatsinks","floor":39},{"not_picked":["Hello World+1","Compile Driver","Gash"],"picked":"SKIP","floor":41},{"not_picked":["Redo+1","Sweeping Beam"],"picked":"Conserve Battery+1","floor":42}],"player_experience":243192,"potions_floor_usage":[7,12,28,33,35],"damage_taken":[{"damage":1,"enemies":"Cultist","floor":1,"turns":3},{"damage":7,"enemies":"2 Louse","floor":2,"turns":2},{"damage":31,"enemies":"Lagavulin","floor":7,"turns":5},{"damage":0,"enemies":"Gremlin Nob","floor":12,"turns":3},{"damage":0,"enemies":"Small Slimes","floor":14,"turns":2},{"damage":50,"enemies":"The Guardian","floor":16,"turns":13},{"damage":24,"enemies":"Chosen","floor":18,"turns":5},{"damage":6,"enemies":"3 Byrds","floor":20,"turns":3},{"damage":23,"enemies":"Snake Plant","floor":21,"turns":5},{"damage":16,"enemies":"Slaver and Parasite","floor":24,"turns":6},{"damage":3,"enemies":"Centurion and Healer","floor":25,"turns":5},{"damage":0,"enemies":"3 Cultists","floor":28,"turns":2},{"damage":10,"enemies":"Snake Plant","floor":31,"turns":4},{"damage":26,"enemies":"Champ","floor":33,"turns":9},{"damage":36,"enemies":"Flame Bruiser 1 Orb","floor":35,"turns":5},{"damage":21,"enemies":"3 Shapes","floor":36,"turns":3},{"damage":14,"enemies":"Spire Growth","floor":39,"turns":5},{"damage":15,"enemies":"Sphere and 2 Shapes","floor":41,"turns":4},{"damage":7,"enemies":"Maw","floor":42,"turns":6},{"damage":5,"enemies":"4 Shapes","floor":44,"turns":3}],"relics_obtained":[{"floor":7,"key":"Pantograph"},{"floor":9,"key":"Toxic Egg 2"},{"floor":10,"key":"Shuriken"},{"floor":12,"key":"Art of War"},{"floor":26,"key":"Orichalcum"},{"floor":43,"key":"Matryoshka"}],"event_choices":[{"event_name":"Golden Idol","player_choice":"Take Damage","floor":3,"damage_taken":0},{"event_name":"Big Fish","player_choice":"Box","floor":13,"damage_taken":0},{"event_name":"Vampires","player_choice":"Ignored","floor":19,"damage_taken":0},{"event_name":"Nest","player_choice":"Joined the Cult","floor":22,"damage_taken":0},{"event_name":"Beggar","player_choice":"Gave Gold","floor":30,"damage_taken":0},{"event_name":"Golden Shrine","player_choice":"Pray","floor":37,"damage_taken":0},{"event_name":"SecretPortal","player_choice":"Rejected Portal.","floor":38,"damage_taken":0}],"boss_relics":[{"not_picked":["Velvet Choker","Busted Crown"],"picked":"Orrery"},{"not_picked":["Sozu","Runic Dome"],"picked":"Snecko Eye"}],"items_purged_floors":[29],"potions_floor_spawned":[2,7,18,20,24,35,41,42],"seed_played":"-2409088256210812940","killed_by":"4 Shapes","ascension_level":0,"potions_obtained":[{"floor":2,"key":"Regen Potion"},{"floor":7,"key":"SkillPotion"},{"floor":18,"key":"Energy Potion"},{"floor":20,"key":"LiquidBronze"},{"floor":24,"key":"GamblersBrew"},{"floor":35,"key":"Fire Potion"},{"floor":41,"key":"Ancient Potion"},{"floor":42,"key":"Explosive Potion"}],"is_trial":false}