{"gold_per_floor":[114,133,22,42,42,42,42,54,54,54,80,80,95,95,95,225,225,241,340,70,85,108,128,128,146,146,185,185],"floor_reached":28,"playtime":2071,"items_purged":[],"score":290,"play_id":"dab70cdb-798f-4109-bcd1-f5098211419c","local_time":"20190127012504","is_ascension_mode":false,"campfire_choices":[{"data":"Zap","floor":6,"key":"SMITH"},{"data":"Dualcast","floor":10,"key":"SMITH"},{"data":"Barrage","floor":15,"key":"SMITH"},{"floor":24,"key":"REST"}],"neow_cost":"NONE","seed_source_timestamp":4780429263398,"circlet_count":0,"master_deck":["Strike_B","Strike_B","Strike_B+1","Defend_B","Defend_B","Defend_B","Defend_B","Zap+1","Dualcast+1","Coolheaded","Stack","Defragment+1","Doom and Gloom","BootSequence","Iron Wave","Cold Snap+1","Barrage+1","Glacier","Electrodynamics","Skim","Static Discharge","The Bomb","Redo","Leap","Streamline","Hologram","Melter"],"relics":["Cracked Core","NeowsBlessing","Pocketwatch","Pear","Golden Idol","Whetstone","Pen Nib","Ornamental Fan"],"potions_floor_usage":[],"damage_taken":[{"damage":0,"enemies":"Cultist","floor":1,"turns":1},{"damage":0,"enemies":"Jaw Worm","floor":2,"turns":1},{"damage":0,"enemies":"Small Slimes","floor":4,"turns":1},{"damage":0,"enemies":"Exordium Thugs","floor":8,"turns":5},{"damage":13,"enemies":"Lagavulin","floor":11,"turns":5},{"damage":0,"enemies":"Looter","floor":13,"turns":3},{"damage":0,"enemies":"Slime Boss","floor":16,"turns":8},{"damage":13,"enemies":"3 Byrds","floor":18,"turns":4},{"damage":16,"enemies":"Shell Parasite","floor":21,"turns":4},{"damage":17,"enemies":"Snake Plant","floor":22,"turns":3},{"damage":14,"enemies":"Chosen and Byrds","floor":23,"turns":4},{"damage":0,"enemies":"Snecko","floor":25,"turns":5},{"damage":38,"enemies":"Slavers","floor":27,"turns":5},{"damage":5,"enemies":"Centurion and Healer","floor":28,"turns":3}],"seed_played":"-6719857131430598491","potions_obtained":[{"floor":8,"key":"PowerPotion"},{"floor":13,"key":"LiquidBronze"},{"floor":16,"key":"AttackPotion"}],"is_trial":false,"path_per_floor":["M","M","$","M","?","R","?","M","T","R","E","?","M","T","R","B",null,"M","?","$","M","M","M","R","M","T","E","M"],"character_chosen":"DEFECT","items_purchased":["Defragment","Doom and Gloom","Static Discharge","The Bomb","Redo"],"campfire_rested":1,"item_purchase_floors":[3,3,20,20,20],"current_hp_per_floor":[75,75,75,75,75,75,75,75,75,75,72,72,72,72,72,72,79,66,66,66,50,33,19,42,42,42,4,0],"gold":185,"neow_bonus":"THREE_ENEMY_KILL","is_prod":false,"is_daily":false,"chose_seed":false,"campfire_upgraded":3,"win_rate":0.0,"timestamp":1548573904,"path_taken":["M","M","$","?","?","R","?","?","T","R","E","?","M","?","R","BOSS","M","?","$","M","M","M","R","M","T","E","M"],"build_version":"2019-01-23","purchased_purges":0,"victory":false,"max_hp_per_floor":[75,75,75,75,75,75,75,75,75,75,85,79,79,79,79,79,79,79,79,79,79,79,79,79,79,79,79,79],"card_choices":[{"not_picked":["Auto Shields","Conserve Battery"],"picked":"Coolheaded","floor":1},{"not_picked":["Leap","Static Discharge"],"picked":"Stack","floor":2},{"not_picked":["Blizzard","Steam"],"picked":"BootSequence","floor":4},{"not_picked":["BootSequence","Chill"],"picked":"Cold Snap","floor":8},{"not_picked":["Doom and Gloom","Heatsinks"],"picked":"Barrage","floor":11},{"not_picked":["Hello World","Sweeping Beam"],"picked":"Glacier","floor":13},{"not_picked":["Buffer","Fission"],"picked":"Electrodynamics","floor":16},{"not_picked":["Gash","Steam"],"picked":"Skim","floor":18},{"not_picked":["Barrage","Sweeping Beam+1"],"picked":"Leap","floor":21},{"not_picked":["Auto Shields","Consume+1","Scrape"],"picked":"SKIP","floor":22},{"not_picked":["Beam Cell","Hello World"],"picked":"Streamline","floor":23},{"not_picked":["Force Field","Tempest"],"picked":"Hologram","floor":25},{"not_picked":["Ball Lightning","Heatsinks"],"picked":"Melter","floor":27}],"player_experience":10336,"relics_obtained":[{"floor":9,"key":"Pocketwatch"},{"floor":11,"key":"Pear"},{"floor":14,"key":"Whetstone"},{"floor":26,"key":"Pen Nib"},{"floor":27,"key":"Ornamental Fan"}],"event_choices":[{"damage_healed":0,"gold_gain":0,"player_choice":"Grow","damage_taken":0,"max_hp_gain":0,"max_hp_loss":0,"event_name":"Living Wall","floor":5,"gold_loss":0,"cards_upgraded":["Defragment"]},{"cards_removed":["Strike_B"],"damage_healed":0,"gold_gain":0,"player_choice":"Took Card","damage_taken":0,"max_hp_gain":0,"max_hp_loss":0,"event_name":"NoteForYourself","floor":7,"gold_loss":0,"cards_obtained":["Iron Wave"]},{"damage_healed":0,"gold_gain":0,"player_choice":"Lose Max HP","damage_taken":0,"relics_obtained":["Golden Idol"],"max_hp_gain":0,"max_hp_loss":6,"event_name":"Golden Idol","floor":12,"gold_loss":0},{"damage_healed":0,"gold_gain":99,"player_choice":"Stole From Cult","damage_taken":0,"max_hp_gain":0,"max_hp_loss":0,"event_name":"Nest","floor":19,"gold_loss":0}],"is_beta":false,"boss_relics":[{"not_picked":["Cursed Key","Coffee Dripper","Runic Pyramid"]}],"items_purged_floors":[],"is_endless":false,"potions_floor_spawned":[8,13,16,18,22,27],"killed_by":"Centurion and Healer","ascension_level":0}