{"gold_per_floor":[115,115,115,127,5,5,5,5,80,90,100,100,100,131,131,131],"floor_reached":16,"playtime":576,"items_purged":["Regret"],"score":123,"play_id":"a8781f98-3e4c-4f4c-a969-fdfbb9064843","local_time":"20181118192523","is_ascension_mode":true,"campfire_choices":[{"floor":6.0,"key":"RECALL"},{"data":"Crippling Poison","floor":8.0,"key":"SMITH"},{"floor":15.0,"key":"REST"}],"neow_cost":"NONE","seed_source_timestamp":0,"circlet_count":0,"master_deck":["Defend_G","Defend_G","Defend_G","Defend_G","Defend_G","Strike_G","Strike_G","Strike_G+1","Strike_G+1","Strike_G","Survivor","Neutralize","Crippling Poison+1","Escape Plan","Deadly Poison","Dodge and Roll+1","Deadly Poison","PiercingWail","Poisoned Stab"],"special_seed":0,"relics":["Ring of the Snake","Dream Catcher","Peace Pipe"],"potions_floor_usage":[16,16],"damage_taken":[{"damage":0.0,"enemies":"Cultist","floor":1.0,"turns":5.0},{"damage":1.0,"enemies":"Jaw Worm","floor":4.0,"turns":4.0},{"damage":2.0,"enemies":"Small Slimes","floor":10.0,"turns":3.0},{"damage":0.0,"enemies":"2 Fungi Beasts","floor":11.0,"turns":3.0},{"damage":39.0,"enemies":"3 Sentries","floor":14.0,"turns":10.0},{"damage":54,"enemies":"Slime Boss","floor":16,"turns":9}],"seed_played":"8828093288414377101","potions_obtained":[{"floor":4.0,"key":"GhostInAJar"},{"floor":14.0,"key":"Poison Potion"}],"is_trial":false,"path_per_floor":["M","?","?","M","$","R","?","R","T","M","M","?","?","E","R","B"],"character_chosen":"THE_SILENT","items_purchased":["Deadly Poison"],"campfire_rested":1,"item_purchase_floors":[5],"current_hp_per_floor":[77,62,62,61,61,61,61,61,61,59,59,59,59,20,43,0],"gold":131,"neow_bonus":"TEN_PERCENT_HP_BONUS","is_prod":false,"is_daily":false,"chose_seed":false,"campfire_upgraded":1,"win_rate":0,"timestamp":1542569123,"path_taken":["M","?","?","?","$","R","?","R","T","M","M","?","?","E","R","BOSS"],"build_version":"2018-11-15","purchased_purges":1,"victory":false,"max_hp_per_floor":[77,77,77,77,77,77,77,77,77,77,77,77,77,77,77,77],"card_choices":[{"not_picked":["Outmaneuver","Prepared"],"picked":"Crippling Poison","floor":1.0},{"not_picked":["Backflip","Prepared"],"picked":"Escape Plan","floor":4.0},{"not_picked":["Terror","Quick Slash"],"picked":"Dodge and Roll","floor":10.0},{"not_picked":["A Thousand Cuts","Dodge and Roll"],"picked":"Deadly Poison","floor":11.0},{"not_picked":["Predator","Malaise"],"picked":"PiercingWail","floor":14.0},{"not_picked":["Prepared","Outmaneuver"],"picked":"Poisoned Stab","floor":15.0}],"player_experience":319008,"relics_obtained":[{"floor":14.0,"key":"Peace Pipe"}],"event_choices":[{"damage_healed":0.0,"max_hp_gain":0.0,"max_hp_loss":0.0,"gold_gain":0.0,"event_name":"Shining Light","player_choice":"Entered Light","floor":2.0,"gold_loss":0.0,"damage_taken":15.0,"cards_upgraded":["Strike_G","Strike_G"]},{"damage_healed":0.0,"max_hp_gain":0.0,"max_hp_loss":0.0,"gold_gain":0.0,"event_name":"Big Fish","player_choice":"Box","floor":3.0,"gold_loss":0.0,"damage_taken":0.0,"relics_obtained":["Dream Catcher"],"cards_obtained":["Regret"]},{"damage_healed":0.0,"max_hp_gain":0.0,"max_hp_loss":0.0,"gold_gain":0.0,"event_name":"The Cleric","player_choice":"Leave","floor":7.0,"gold_loss":0.0,"damage_taken":0.0},{"damage_healed":0.0,"max_hp_gain":0.0,"max_hp_loss":0.0,"gold_gain":0.0,"event_name":"Dead Adventurer","player_choice":"Searched \u00271\u0027 times","floor":12.0,"gold_loss":0.0,"damage_taken":0.0},{"damage_healed":0.0,"max_hp_gain":0.0,"max_hp_loss":0.0,"gold_gain":0.0,"event_name":"Upgrade Shrine","player_choice":"Upgraded","floor":13.0,"gold_loss":0.0,"damage_taken":0.0,"cards_upgraded":["Dodge and Roll"]}],"is_beta":true,"boss_relics":[],"items_purged_floors":[5],"is_endless":false,"potions_floor_spawned":[4,14],"killed_by":"Slime Boss","ascension_level":5}