{"path_per_floor":["M","$","M","?","M","E","M","R","T","M","T","E","?","?","R","B",null,"M","$","M","M","M","E","?","T","T","R","?","E","?","?","R","B",null,"M","?","T","?","?","E","R","?","B"],"character_chosen":"IRONCLAD","items_purchased":["Ghostly Armor","Secret Weapon","Offering","Ghostly Armor"],"gold_per_floor":[114,40,55,55,70,100,115,115,170,185,235,265,340,340,340,440,440,455,9,24,39,54,84,34,34,109,109,24,54,54,54,54,154,154,169,169,194,0,28,58,58,58,58],"floor_reached":44,"campfire_rested":0,"playtime":2380,"current_hp_per_floor":[80,80,80,73,84,75,80,80,80,105,105,89,78,78,78,51,109,83,83,85,51,51,85,85,85,85,85,85,73,73,73,73,99,124,90,90,90,90,76,124,124,124,80],"items_purged":[],"gold":58,"score":930,"play_id":"534bc05e-d3b7-4cbb-a7e9-67d2aaef72f5","local_time":"20180517190008","daily_mods":["Shiny","Time Dilation","Hoarder"],"is_prod":false,"is_daily":true,"chose_seed":false,"is_ascension_mode":false,"campfire_upgraded":5,"timestamp":1526580008,"campfire_choices":[{"data":"Armaments","floor":8,"key":"SMITH"},{"data":"Armaments","floor":15,"key":"SMITH"},{"data":"Armaments","floor":27,"key":"SMITH"},{"data":"Barricade","floor":32,"key":"SMITH"},{"data":"Limit Break","floor":41,"key":"SMITH"}],"path_taken":["M","$","M","?","M","E","M","R","T","M","?","E","?","?","R","BOSS","M","$","M","M","M","E","?","?","T","R","?","E","?","?","R","BOSS","M","?","?","?","?","E","R","?","BOSS"],"build_version":"2018-05-17","seed_source_timestamp":0,"purchased_purges":0,"victory":true,"master_deck":["Double Tap","Double Tap","Double Tap","Demon Form","Demon Form","Bludgeon","Bludgeon","Bludgeon","Feed","Feed","Feed","Limit Break+1","Limit Break+1","Limit Break","Barricade","Barricade","Barricade+1","Fiend Fire","Fiend Fire","Fiend Fire","Dark Embrace","Dark Embrace","Dark Embrace","Berserk","Berserk","Berserk","Impervious","Impervious","Impervious","Juggernaut","Juggernaut","Juggernaut","Brutality","Brutality","Brutality","Reaper","Reaper","Reaper","Exhume","Exhume","Exhume","Offering","Offering","Offering","Immolate","Immolate","Immolate","Disarm","Disarm","Disarm+1","Ghostly Armor","Ghostly Armor","Ghostly Armor","Armaments+1","Armaments+1","Armaments+1","Corruption","Corruption","Corruption","Spot Weakness","Spot Weakness","Spot Weakness","Dropkick","Dropkick","Dropkick","Feel No Pain","Feel No Pain","Feel No Pain","Carnage","Carnage","Carnage","Warcry","Warcry","Warcry","Regret","Regret","Regret","Bloodletting+1","Bloodletting+1","Bloodletting+1","Warcry+1","Warcry+1","Warcry+1","Secret Weapon","Secret Weapon","Secret Weapon","Offering","Offering","Offering","Ghostly Armor","Ghostly Armor","Ghostly Armor","Pommel Strike","Pommel Strike","Pommel Strike","Thunderclap+1","Thunderclap+1","Thunderclap+1","Havoc","Havoc","Havoc","Flex","Flex","Flex","Armaments+1","Armaments+1","Armaments+1","Double Tap","Double Tap","Double Tap","Warcry","Warcry","Warcry","Dual Wield","Dual Wield","Dual Wield","Shrug It Off","Shrug It Off","Shrug It Off"],"max_hp_per_floor":[80,80,80,80,86,93,96,96,96,105,105,105,105,105,105,109,109,112,112,112,115,115,118,118,118,118,118,118,121,121,121,121,124,124,124,124,124,124,130,144,144,144,147],"relics":["Burning Blood","Self Forming Clay","Prayer Wheel","Tiny Chest","War Paint","Juzu Bracelet","Dream Catcher","Philosopher\u0027s Stone","Anchor","Bottled Tornado","Gremlin Horn","Ornamental Fan","Turnip","Mark of Pain","Lantern","Red Mask","Ice Cream","Mango"],"card_choices":[{"not_picked":["Pommel Strike","Clash"],"picked":"Disarm","floor":1},{"not_picked":["Perfected Strike","Intimidate"],"picked":"Armaments","floor":3},{"not_picked":["Metallicize","Inflame"],"picked":"Corruption","floor":5},{"not_picked":["Headbutt","Sever Soul"],"picked":"Spot Weakness","floor":6},{"not_picked":["Blood for Blood","Clothesline"],"picked":"Dropkick","floor":7},{"not_picked":["Headbutt","Clash"],"picked":"Feel No Pain","floor":7},{"not_picked":["Uppercut","Shrug It Off"],"picked":"Carnage","floor":10},{"not_picked":["Reckless Charge","Iron Wave"],"picked":"Warcry","floor":10},{"not_picked":["Clash","Rage","Uppercut"],"picked":"SKIP","floor":12},{"not_picked":["Pommel Strike+1","Thunderclap"],"picked":"Bloodletting+1","floor":18},{"not_picked":["Metallicize","Clothesline"],"picked":"Warcry+1","floor":18},{"not_picked":["Corruption","Clothesline+1"],"picked":"Pommel Strike","floor":20},{"not_picked":["Sword Boomerang+1","Anger"],"picked":"Thunderclap+1","floor":20},{"not_picked":["Cleave","True Grit"],"picked":"Havoc","floor":21},{"not_picked":["Perfected Strike","Rampage","Twin Strike+1"],"picked":"SKIP","floor":21},{"not_picked":["Iron Wave","Burning Pact"],"picked":"Flex","floor":22},{"not_picked":["Iron Wave","Heavy Blade+1","Spot Weakness"],"picked":"SKIP","floor":22},{"not_picked":["Body Slam","Immolate","Impervious"],"picked":"SKIP","floor":23},{"not_picked":["Headbutt+1","Thunderclap","Cleave"],"picked":"SKIP","floor":29},{"not_picked":["Immolate","Demon Form"],"picked":"Double Tap","floor":33},{"not_picked":["Iron Wave","Pommel Strike"],"picked":"Warcry","floor":35},{"not_picked":["Sword Boomerang+1","Heavy Blade+1"],"picked":"Dual Wield","floor":35},{"not_picked":["Clothesline","Rampage"],"picked":"Shrug It Off","floor":39},{"not_picked":["Rampage","Dropkick+1","Clothesline+1"],"picked":"SKIP","floor":40}],"player_experience":155397,"potions_floor_usage":[18,23,33,33,43,43],"damage_taken":[{"damage":4,"enemies":"Jaw Worm","floor":1,"turns":2},{"damage":0,"enemies":"2 Louse","floor":3,"turns":2},{"damage":1,"enemies":"Small Slimes","floor":5,"turns":2},{"damage":22,"enemies":"3 Sentries","floor":6,"turns":4},{"damage":4,"enemies":"Exordium Wildlife","floor":7,"turns":1},{"damage":18,"enemies":"Lots of Slimes","floor":10,"turns":4},{"damage":34,"enemies":"Gremlin Nob","floor":12,"turns":5},{"damage":55,"enemies":"Slime Boss","floor":16,"turns":8},{"damage":35,"enemies":"3 Byrds","floor":18,"turns":5},{"damage":4,"enemies":"Spheric Guardian","floor":20,"turns":1},{"damage":43,"enemies":"3 Cultists","floor":21,"turns":6},{"damage":6,"enemies":"Snake Plant","floor":22,"turns":3},{"damage":44,"enemies":"Gremlin Leader","floor":23,"turns":3},{"damage":38,"enemies":"Slavers","floor":29,"turns":5},{"damage":35,"enemies":"Automaton","floor":33,"turns":3},{"damage":63,"enemies":"Flame Bruiser 1 Orb","floor":35,"turns":5},{"damage":26,"enemies":"Mysterious Sphere","floor":39,"turns":3},{"damage":9,"enemies":"Giant Head","floor":40,"turns":9},{"damage":118,"enemies":"Time Eater","floor":43,"turns":9}],"relics_obtained":[{"floor":6,"key":"Prayer Wheel"},{"floor":9,"key":"Tiny Chest"},{"floor":11,"key":"War Paint"},{"floor":12,"key":"Juzu Bracelet"},{"floor":23,"key":"Anchor"},{"floor":25,"key":"Bottled Tornado"},{"floor":26,"key":"Gremlin Horn"},{"floor":29,"key":"Turnip"},{"floor":37,"key":"Lantern"},{"floor":39,"key":"Ice Cream"},{"floor":40,"key":"Mango"}],"event_choices":[{"event_name":"Scrap Ooze","player_choice":"success","floor":4,"damage_taken":7},{"event_name":"World of Goop","player_choice":"Gather Gold","floor":13,"damage_taken":0},{"event_name":"Big Fish","player_choice":"Box","floor":14,"damage_taken":0},{"event_name":"The Joust","player_choice":"Bet on Murderer","floor":24,"damage_taken":0},{"event_name":"Addict","player_choice":"Obtained Relic","floor":28,"damage_taken":0},{"event_name":"Beggar","player_choice":"Ignored","floor":30,"damage_taken":0},{"event_name":"Duplicator","player_choice":"One dupe","floor":31,"damage_taken":0},{"event_name":"Tomb of Lord Red Mask","player_choice":"Paid","floor":38,"damage_taken":0},{"event_name":"Mysterious Sphere","player_choice":"Fight","floor":39,"damage_taken":0},{"event_name":"SecretPortal","player_choice":"Took Portal.","floor":42,"damage_taken":0}],"boss_relics":[{"not_picked":["Ectoplasm","Astrolabe"],"picked":"Philosopher\u0027s Stone"},{"not_picked":["Black Star","Tiny House"],"picked":"Mark of Pain"}],"potions_floor_spawned":[1,6,10,12,18,20,29,33,35,39],"seed_played":"-8851493181465648625","ascension_level":0,"potions_obtained":[{"floor":1,"key":"Dexterity Potion"},{"floor":6,"key":"Block Potion"},{"floor":10,"key":"Poison Potion"},{"floor":18,"key":"Poison Potion"},{"floor":20,"key":"Energy Potion"},{"floor":29,"key":"PowerPotion"},{"floor":33,"key":"Explosive Potion"},{"floor":35,"key":"SmokeBomb"}],"is_trial":false}