{"path_per_floor":["M","M","?","$","?","E","?","E","T","E","M","R","$","M","R","B",null,"M","?","M","?","?","E","M","R","T","M","M","?","$","E","R","B",null,"M","?","M","M","M","E","R","M","T","?","E","?","$","E","R","B"],"character_chosen":"IRONCLAD","items_purchased":["Flex","Rupture","Secret Technique","Armaments","Metallicize","Bottled Tornado","Ice Cream"],"gold_per_floor":[109,123,123,75,75,116,291,322,397,435,454,454,149,169,169,289,289,303,253,276,276,191,235,254,254,280,299,315,354,205,238,238,358,358,377,377,397,411,426,465,465,485,531,589,624,624,60,98,98,98],"floor_reached":51,"campfire_rested":1,"playtime":2089,"current_hp_per_floor":[77,80,80,80,80,48,48,31,31,35,37,37,37,39,39,24,87,71,71,73,73,73,67,61,61,61,58,54,60,60,60,60,39,87,68,68,29,27,7,7,33,35,41,40,39,39,39,42,42,31],"items_purged":["Strike_R"],"gold":98,"score":1155,"play_id":"f09e522b-c961-4886-b503-963d3553d3bc","local_time":"20180501045109","is_prod":false,"is_daily":false,"chose_seed":false,"is_ascension_mode":true,"campfire_upgraded":5,"timestamp":1525146669,"path_taken":["M","M","?","$","?","E","?","E","T","E","M","R","$","M","R","BOSS","M","?","M","?","?","E","?","R","T","M","?","?","$","E","R","BOSS","M","?","M","?","M","E","R","M","T","?","E","?","?","E","R","BOSS"],"build_version":"2018-04-27v3","seed_source_timestamp":0,"purchased_purges":2,"victory":true,"master_deck":["Strike_R","Strike_R","Defend_R","Defend_R","Defend_R","Bash","Decay","Blood for Blood","Pummel","Warcry","Heavy Blade+1","Flex+1","Injury","Offering+1","Doubt","Intimidate+1","Metallicize","Flex+1","Rupture+1","Secret Technique+1","Armaments+1","Inflame+1","Double Tap+1","Bloodletting+1","Parasite","Pummel+1","Battle Trance+1","Limit Break+1","Injury","Parasite","Injury","Sword Boomerang","Dark Embrace","Thunderclap+1","Sword Boomerang+1","Double Tap+1","Pain","Shrug It Off+1","Dual Wield+1"],"max_hp_per_floor":[80,80,87,87,87,87,87,87,87,87,87,87,87,87,87,87,87,87,87,87,87,87,87,87,87,87,87,87,87,87,87,87,87,87,87,87,87,87,87,87,87,87,93,93,93,93,93,93,93,93],"relics":["Burning Blood","Strawberry","Golden Idol","Toxic Egg 2","Vajra","Blue Candle","Anchor","Cursed Key","Bag of Preparation","Orichalcum","Bag of Marbles","Red Mask","Question Card","Calling Bell","Dream Catcher","Darkstone Periapt","Du-Vu Doll","Dead Branch","Lantern","Red Skull","Torii","Bottled Tornado","Ice Cream","Bronze Scales"],"card_choices":[{"not_picked":["Rampage","Sword Boomerang"],"picked":"Warcry","floor":1.0},{"not_picked":["Pommel Strike","Thunderclap"],"picked":"Heavy Blade","floor":2.0},{"not_picked":["Battle Trance","Clash"],"picked":"Offering","floor":6.0},{"not_picked":["Pommel Strike","Cleave"],"picked":"Intimidate","floor":8.0},{"not_picked":["Barricade","Wild Strike"],"picked":"Metallicize","floor":10.0},{"not_picked":["Perfected Strike","Fire Breathing"],"picked":"Flex","floor":11.0},{"not_picked":["Warcry","Anger"],"picked":"Inflame","floor":14.0},{"not_picked":["Exhume","Barricade"],"picked":"Double Tap","floor":16.0},{"not_picked":["Body Slam","Twin Strike"],"picked":"Bloodletting","floor":23.0},{"not_picked":["Rampage","Sever Soul"],"picked":"Pummel","floor":28.0},{"not_picked":["Searing Blow","Infernal Blade"],"picked":"Battle Trance","floor":31.0},{"not_picked":["Berserk","Offering","Barricade"],"picked":"Limit Break","floor":33.0},{"not_picked":["Twin Strike","Inflame","Perfected Strike"],"picked":"Sword Boomerang","floor":35.0},{"not_picked":["Dropkick","Armaments","Warcry"],"picked":"Thunderclap","floor":37.0},{"not_picked":["Havoc","True Grit","Heavy Blade"],"picked":"Sword Boomerang","floor":39},{"not_picked":["Warcry","Disarm","Anger"],"picked":"Double Tap","floor":41},{"not_picked":["Iron Wave","Clothesline","Uppercut"],"picked":"Shrug It Off","floor":44},{"not_picked":["True Grit","Flex","Clothesline"],"picked":"Dual Wield","floor":48}],"player_experience":103191,"potions_floor_usage":[40,40,40,50,50],"damage_taken":[{"damage":9.0,"enemies":"Jaw Worm","floor":1.0,"turns":3.0},{"damage":0.0,"enemies":"2 Louse","floor":2.0,"turns":3.0},{"damage":38.0,"enemies":"Gremlin Nob","floor":6.0,"turns":5.0},{"damage":23.0,"enemies":"3 Sentries","floor":8.0,"turns":5.0},{"damage":2.0,"enemies":"Gremlin Nob","floor":10.0,"turns":2.0},{"damage":4.0,"enemies":"Small Slimes","floor":11.0,"turns":1.0},{"damage":4.0,"enemies":"Looter","floor":14.0,"turns":2.0},{"damage":21.0,"enemies":"The Guardian","floor":16.0,"turns":6.0},{"damage":22.0,"enemies":"Spheric Guardian","floor":18.0,"turns":4.0},{"damage":4.0,"enemies":"Chosen","floor":20.0,"turns":1.0},{"damage":12.0,"enemies":"Slavers","floor":23.0,"turns":6.0},{"damage":12.0,"enemies":"Snecko","floor":24.0,"turns":3.0},{"damage":9.0,"enemies":"Centurion and Healer","floor":27.0,"turns":3.0},{"damage":10.0,"enemies":"Snake Plant","floor":28.0,"turns":1.0},{"damage":0.0,"enemies":"Masked Bandits","floor":29.0,"turns":2.0},{"damage":6.0,"enemies":"Gremlin Leader","floor":31.0,"turns":2.0},{"damage":27.0,"enemies":"Collector","floor":33.0,"turns":6.0},{"damage":25.0,"enemies":"3 Darklings","floor":35.0,"turns":4.0},{"damage":45.0,"enemies":"Flame Bruiser 1 Orb","floor":37.0,"turns":3.0},{"damage":8.0,"enemies":"4 Shapes","floor":38.0,"turns":2.0},{"damage":26,"enemies":"Maw","floor":39,"turns":3},{"damage":6,"enemies":"2 Orb Walkers","floor":40,"turns":2},{"damage":4,"enemies":"Flame Bruiser 2 Orb","floor":42,"turns":1},{"damage":7,"enemies":"Mysterious Sphere","floor":44,"turns":2},{"damage":7,"enemies":"Giant Head","floor":45,"turns":4},{"damage":3,"enemies":"Nemesis","floor":48,"turns":1},{"damage":17,"enemies":"Awakened One","floor":50,"turns":4}],"event_choices":[{"event_name":"Scrap Ooze","player_choice":"success","floor":3.0,"damage_taken":7.0},{"event_name":"Golden Idol","player_choice":"Take Wound","floor":5.0,"damage_taken":0.0},{"event_name":"Liars Game","player_choice":"agreed","floor":7.0,"damage_taken":0.0},{"event_name":"The Joust","player_choice":"Bet on Murderer","floor":19.0,"damage_taken":0.0},{"event_name":"Vampires","player_choice":"Ignored","floor":21.0,"damage_taken":0.0},{"event_name":"Addict","player_choice":"Obtained Relic","floor":22.0,"damage_taken":0.0},{"event_name":"Masked Bandits","player_choice":"Fought over 315 gold","floor":29.0,"damage_taken":0.0},{"event_name":"Transmorgrifier","player_choice":"Transform","floor":36.0,"damage_taken":0.0},{"event_name":"Mysterious Sphere","player_choice":"Fight","floor":44,"damage_taken":0}],"boss_relics":[],"potions_floor_spawned":[6,8,10,16,20,24,31,33,35,39,40,48],"seed_played":"-4526051985343608068","ascension_level":2,"is_trial":false}