{"path_per_floor":["M","?","M","$","?","R","E","?","T","$","M","R","M","M","R","B",null,"M","?","M","M","$","R","E","M","T","$","M","?","R","M","R","B",null,"M","$","?","?","?","R","M","M","T","M","R","$","?","T","R","B"],"character_chosen":"DEFECT","items_purchased":["Hyperbeam","Bag of Preparation","Purity","Swift Potion","Double Energy"],"gold_per_floor":[215,215,227,79,109,109,143,166,166,66,78,78,96,114,114,216,216,230,230,243,260,21,21,56,72,72,23,35,35,35,53,53,155,185,202,39,39,39,39,39,57,72,72,92,92,92,92,92,92,92],"floor_reached":51,"campfire_rested":4,"playtime":1550,"current_hp_per_floor":[73,78,76,76,58,58,50,49,49,49,49,49,48,48,72,72,80,60,60,50,42,42,66,44,44,44,44,46,31,56,58,83,19,90,90,90,90,79,79,79,63,62,62,64,64,64,64,64,64,57],"items_purged":["Strike_B","Defend_B","Zap"],"gold":92,"score":765,"play_id":"5f52f3c0-1115-4b04-b10d-a2b2d9bb7951","local_time":"20180504154621","is_prod":false,"is_daily":false,"chose_seed":false,"is_ascension_mode":false,"campfire_upgraded":5,"timestamp":1525473981,"path_taken":["M","?","M","$","?","R","E","?","T","$","M","R","M","M","R","BOSS","M","?","M","M","$","R","E","M","T","$","M","?","R","M","R","BOSS","M","$","?","?","?","R","M","M","T","?","R","$","?","?","R","BOSS"],"build_version":"2018-05-03","seed_source_timestamp":1459722163864635,"purchased_purges":3,"victory":true,"master_deck":["Strike_B","Strike_B","Strike_B","Defend_B","Defend_B","Defend_B","Dualcast","Skim+1","Skim","Hyperbeam+1","Reprogram","Purity+1","Gash+1","Seek+1","Double Energy+1","Madness+1","Madness","Secret Technique"],"max_hp_per_floor":[75,80,80,80,80,80,80,80,80,80,80,80,80,80,80,80,80,80,80,80,80,80,80,80,80,80,80,80,85,85,85,85,85,90,90,90,90,90,90,90,90,90,90,90,90,90,90,90,90,90],"relics":["Cracked Core","Tiny Chest","Blue Candle","Odd Mushroom","Darkstone Periapt","Nuclear Battery","Bag of Preparation","Prayer Wheel","Blood Vial","Tiny House","Bronze Scales","Toolbox"],"card_choices":[{"not_picked":["Impulse","Ball Lightning"],"picked":"Skim","floor":1},{"not_picked":["Hello World","Biased Cognition"],"picked":"Skim","floor":3},{"not_picked":["Sweeping Beam","Beam Cell"],"picked":"Reprogram","floor":21},{"not_picked":["Auto Shields","Heatsinks"],"picked":"Double Energy","floor":24},{"not_picked":["Chaos","Loop"],"picked":"Gash","floor":31},{"not_picked":["Amplify","Fission"],"picked":"Seek","floor":33},{"not_picked":["Bandage Up","Blind"],"picked":"Secret Technique","floor":39}],"player_experience":155087,"potions_floor_usage":[8,16,16,21,28,33,33,42,44,50],"damage_taken":[{"damage":2,"enemies":"Small Slimes","floor":1,"turns":2},{"damage":2,"enemies":"Jaw Worm","floor":3,"turns":4},{"damage":8,"enemies":"3 Sentries","floor":7,"turns":4},{"damage":1,"enemies":"The Mushroom Lair","floor":8,"turns":2},{"damage":0,"enemies":"Cultist","floor":11,"turns":3},{"damage":1,"enemies":"Exordium Wildlife","floor":13,"turns":2},{"damage":0,"enemies":"Large Slime","floor":14,"turns":2},{"damage":0,"enemies":"Slime Boss","floor":16,"turns":5},{"damage":20,"enemies":"2 Thieves","floor":18,"turns":2},{"damage":10,"enemies":"3 Byrds","floor":20,"turns":3},{"damage":8,"enemies":"Snecko","floor":21,"turns":3},{"damage":22,"enemies":"Slavers","floor":24,"turns":2},{"damage":0,"enemies":"3 Cultists","floor":25,"turns":1},{"damage":0,"enemies":"Slaver and Parasite","floor":28,"turns":2},{"damage":0,"enemies":"Sentry and Sphere","floor":31,"turns":2},{"damage":75,"enemies":"Collector","floor":33,"turns":8},{"damage":0,"enemies":"3 Shapes","floor":35,"turns":1},{"damage":18,"enemies":"Orb Walker","floor":41,"turns":3},{"damage":6,"enemies":"4 Shapes","floor":42,"turns":2},{"damage":0,"enemies":"Maw","floor":44,"turns":2},{"damage":15,"enemies":"Awakened One","floor":50,"turns":3}],"event_choices":[{"event_name":"Big Fish","player_choice":"Donut","floor":2,"damage_taken":0},{"event_name":"Scrap Ooze","player_choice":"success","floor":5,"damage_taken":18},{"event_name":"Mushrooms","player_choice":"Fought Mushrooms","floor":8,"damage_taken":0},{"event_name":"Vampires","player_choice":"Ignored","floor":19,"damage_taken":0},{"event_name":"Forgotten Altar","player_choice":"Shed Blood","floor":29,"damage_taken":0},{"event_name":"Winding Halls","player_choice":"Embrace Madness","floor":38,"damage_taken":0},{"event_name":"SensoryStone","player_choice":"Memory 1","floor":39,"damage_taken":0},{"event_name":"Mysterious Sphere","player_choice":"Ignore","floor":47,"damage_taken":0}],"boss_relics":[{"not_picked":["Eternal Feather","Velvet Choker"],"picked":"Nuclear Battery"},{"not_picked":["Snecko Eye","Lizard Tail"],"picked":"Tiny House"}],"potions_floor_spawned":[7,8,13,16,20,25,31,33,41,42,44],"seed_played":"-4294952151748142617","ascension_level":0,"is_trial":false}