{"path_per_floor":["M","?","M","?","M","E","R","E","T","E","?","M","M","E","R","B",null,"M","M","$","M","T","R","E","?","T","M","?","E","R","M","R","B",null,"M","?","$","M","M","R","E","R","T","R","E","?","M","T","R","B"],"character_chosen":"THE_SILENT","items_purchased":["Well Laid Plans","Bouncing Flask","Bandage Up","Mummified Hand","Tough Bandages"],"gold_per_floor":[11,11,27,27,37,63,63,89,89,117,117,135,150,208,208,312,342,360,372,41,57,80,80,111,26,26,39,39,371,371,382,382,486,486,501,501,4,21,37,37,69,69,69,69,98,0,16,85,85,85],"floor_reached":51,"campfire_rested":2,"playtime":2861,"current_hp_per_floor":[70,70,66,52,52,48,48,46,46,31,24,18,17,17,55,35,82,71,34,34,12,12,51,20,20,20,37,37,46,46,53,53,17,82,62,52,52,46,48,62,50,64,64,78,82,82,78,78,82,50],"items_purged":["Strike_G"],"gold":85,"score":953,"play_id":"f35f97bb-4ddb-45c9-ab4c-2af05d707ca2","local_time":"20180507212824","is_prod":false,"is_daily":false,"chose_seed":false,"is_ascension_mode":true,"campfire_upgraded":7,"timestamp":1525724904,"path_taken":["M","?","M","?","M","E","R","E","T","E","?","?","M","E","R","BOSS","M","M","$","M","?","R","E","?","T","M","?","E","R","M","R","BOSS","M","?","$","M","?","R","E","R","T","R","E","?","M","?","R","BOSS"],"build_version":"2018-05-03","seed_source_timestamp":777532868943346,"purchased_purges":1,"victory":true,"master_deck":["Defend_G","Defend_G","Defend_G","Strike_G","Strike_G+1","Survivor+1","Neutralize","Bane+1","Flechettes+1","Catalyst+1","Tools of the Trade+1","Terror+1","Deflect","Infinite Blades+1","Deadly Poison","Prepared","Noxious Fumes","Well Laid Plans","Bouncing Flask","Burst+1","Footwork","Backstab+1","Slice+1","Well Laid Plans","Bouncing Flask","Bandage Up","Backflip","Tactician","Night Terror+1","Calculated Gamble+1","Panacea","Master of Strategy","Mind Blast+1","Catalyst","Accuracy+1","Reflex+1","Cloak And Dagger+1","Acrobatics"],"max_hp_per_floor":[70,70,70,70,70,77,77,77,77,77,77,77,77,77,77,77,82,82,82,82,82,82,82,82,82,82,82,82,82,82,82,82,82,82,82,82,82,82,82,82,82,82,82,82,82,82,82,82,82,82],"relics":["Ring of the Snake","Strawberry","Toolbox","Regal Pillow","Tingsha","Tiny Chest","Tiny House","Happy Flower","Oddly Smooth Stone","Thread and Needle","Meat on the Bone","Old Coin","Eternal Feather","Mummified Hand","Tough Bandages","Whetstone","Bronze Scales","Pantograph","Red Mask","Blue Candle"],"card_choices":[{"not_picked":["Cloak And Dagger","Acrobatics"],"picked":"Catalyst","floor":1},{"not_picked":["Dagger Spray","Sucker Punch"],"picked":"Terror","floor":3},{"not_picked":["Dodge and Roll","Flying Knee"],"picked":"Deflect","floor":5},{"not_picked":["All Out Attack","Dodge and Roll"],"picked":"Infinite Blades","floor":6},{"not_picked":["Bane","Dagger Throw"],"picked":"Deadly Poison","floor":8},{"not_picked":["Leg Sweep","Underhanded Strike"],"picked":"Prepared","floor":10},{"not_picked":["Underhanded Strike","Setup"],"picked":"Noxious Fumes","floor":12},{"not_picked":["Setup","Dagger Spray"],"picked":"Well Laid Plans","floor":13},{"not_picked":["Distraction","Terror"],"picked":"Bouncing Flask","floor":14},{"not_picked":["Phantasmal Killer","Die Die Die"],"picked":"Burst","floor":16},{"not_picked":["Underhanded Strike","Dagger Throw"],"picked":"Footwork","floor":17},{"not_picked":["Concentrate","Masterful Stab"],"picked":"Backstab","floor":18},{"not_picked":["Quick Slash","Terror"],"picked":"Slice","floor":19},{"not_picked":["Slice","Dagger Spray"],"picked":"Backflip","floor":24},{"not_picked":["Footwork","Cloak And Dagger"],"picked":"Tactician","floor":29},{"not_picked":["Tools of the Trade","Unload"],"picked":"Night Terror","floor":33},{"not_picked":["Prepared","Dagger Throw"],"picked":"Calculated Gamble","floor":35},{"not_picked":["Bandage Up","Enlightenment"],"picked":"Panacea","floor":36},{"not_picked":["Swift Strike","Enlightenment"],"picked":"Master of Strategy","floor":36},{"not_picked":["Trip","Finesse"],"picked":"Mind Blast","floor":36},{"not_picked":["Bane","Dagger Throw"],"picked":"Catalyst","floor":38},{"not_picked":["All Out Attack","Escape Plan"],"picked":"Accuracy","floor":39},{"not_picked":["PiercingWail","Dagger Throw"],"picked":"Reflex","floor":41},{"not_picked":["Quick Slash","Eviscerate"],"picked":"Cloak And Dagger","floor":45},{"not_picked":["Prepared","Setup"],"picked":"Acrobatics","floor":47}],"player_experience":118692,"potions_floor_usage":[8,14,19,33,33,35,50,50,50],"damage_taken":[{"damage":0,"enemies":"Small Slimes","floor":1,"turns":3},{"damage":4,"enemies":"Cultist","floor":3,"turns":3},{"damage":0,"enemies":"2 Louse","floor":5,"turns":1},{"damage":11,"enemies":"Lagavulin","floor":6,"turns":7},{"damage":2,"enemies":"Gremlin Nob","floor":8,"turns":3},{"damage":15,"enemies":"3 Sentries","floor":10,"turns":7},{"damage":6,"enemies":"Exordium Wildlife","floor":12,"turns":3},{"damage":1,"enemies":"3 Louse","floor":13,"turns":2},{"damage":0,"enemies":"Gremlin Nob","floor":14,"turns":2},{"damage":20,"enemies":"The Guardian","floor":16,"turns":7},{"damage":11,"enemies":"Spheric Guardian","floor":18,"turns":4},{"damage":37,"enemies":"2 Thieves","floor":19,"turns":5},{"damage":30,"enemies":"3 Cultists","floor":21,"turns":6},{"damage":35,"enemies":"Book of Stabbing","floor":24,"turns":4},{"damage":3,"enemies":"Cultist and Chosen","floor":27,"turns":5},{"damage":11,"enemies":"Gremlin Leader","floor":29,"turns":6},{"damage":9,"enemies":"Centurion and Healer","floor":31,"turns":5},{"damage":52,"enemies":"Collector","floor":33,"turns":6},{"damage":20,"enemies":"3 Darklings","floor":35,"turns":6},{"damage":6,"enemies":"Orb Walker","floor":38,"turns":3},{"damage":6,"enemies":"Spire Growth","floor":39,"turns":4},{"damage":28,"enemies":"2 Orb Walkers","floor":41,"turns":4},{"damage":0,"enemies":"Nemesis","floor":45,"turns":3},{"damage":4,"enemies":"Sphere and 2 Shapes","floor":47,"turns":3},{"damage":48,"enemies":"Donu and Deca","floor":50,"turns":5}],"event_choices":[{"event_name":"Transmorgrifier","player_choice":"Transform","floor":2,"damage_taken":0},{"event_name":"Shining Light","player_choice":"Entered Light","floor":4,"damage_taken":0},{"event_name":"Golden Wing","player_choice":"Card Removal","floor":11,"damage_taken":0},{"event_name":"Addict","player_choice":"Obtained Relic","floor":25,"damage_taken":0},{"event_name":"Accursed Blacksmith","player_choice":"Forge","floor":28,"damage_taken":0},{"event_name":"SensoryStone","player_choice":"Memory 3","floor":36,"damage_taken":0},{"event_name":"Tomb of Lord Red Mask","player_choice":"Paid","floor":46,"damage_taken":0}],"boss_relics":[{"not_picked":["Sozu","Calling Bell"],"picked":"Tiny House"},{"not_picked":["Runic Dome","Velvet Choker"],"picked":"Eternal Feather"}],"potions_floor_spawned":[3,5,12,16,18,19,29,33,35,45],"seed_played":"1116653200918721991","ascension_level":2,"is_trial":false}