{"path_per_floor":["M","M","?","M","M","R","M","$","T","$","?","R","M","E","R","B",null,"M","?","?","M","M","R","M","R","T","M","?","$"],"character_chosen":"DEFECT","items_purchased":["Flash of Steel","Dramatic Entrance","PowerPotion"],"gold_per_floor":[113,126,126,137,155,155,172,72,96,3,3,3,28,62,62,186,186,211,136,51,71,94,94,114,114,114,137,137,13,13],"floor_reached":30,"campfire_rested":3,"playtime":1268,"current_hp_per_floor":[75,74,74,74,74,74,74,74,74,74,56,56,45,39,62,19,79,64,64,64,50,13,37,35,60,60,7,7,7,0],"items_purged":["Steam"],"gold":13,"score":278,"play_id":"b649bc03-a690-4b13-a090-cd8bf873e487","local_time":"20180511130114","is_prod":false,"is_daily":false,"chose_seed":false,"is_ascension_mode":true,"campfire_upgraded":2,"timestamp":1526068874,"path_taken":["M","M","?","M","M","R","M","$","T","?","?","R","M","E","R","BOSS","M","?","?","?","M","R","M","R","T","M","?","$","E"],"build_version":"2018-05-10","seed_source_timestamp":135077228111696,"purchased_purges":1,"victory":false,"master_deck":["Strike_B","Strike_B","Strike_B","Strike_B","Defend_B","Defend_B","Defend_B","Zap+1","Reboot","Gash","Leap","Flash of Steel+1","Dramatic Entrance","Seek","Auto Shields"],"max_hp_per_floor":[75,75,75,75,75,75,75,75,75,75,75,75,77,79,79,79,79,81,81,81,83,83,83,85,85,85,87,87,87,87],"relics":["Cracked Core","Singing Bowl","Bloody Idol","Happy Flower","White Beast Statue","Art of War","Blue Candle"],"card_choices":[{"not_picked":["Hologram","Scrape"],"picked":"Steam","floor":2},{"not_picked":["Chaos","Darkness"],"picked":"Gash","floor":4},{"not_picked":["Steam Power","Rebound"],"picked":"Leap","floor":7},{"not_picked":["Echo Form","Multi-Cast"],"picked":"Seek","floor":16},{"not_picked":["Storm","Lockon"],"picked":"Auto Shields","floor":22}],"player_experience":202446,"potions_floor_usage":[4,5,18,21,22,24,24,27,30,30],"damage_taken":[{"damage":0,"enemies":"Small Slimes","floor":1,"turns":2},{"damage":1,"enemies":"Cultist","floor":2,"turns":3},{"damage":0,"enemies":"2 Louse","floor":4,"turns":3},{"damage":0,"enemies":"Large Slime","floor":5,"turns":3},{"damage":0,"enemies":"Red Slaver","floor":7,"turns":3},{"damage":13,"enemies":"Exordium Wildlife","floor":13,"turns":3},{"damage":8,"enemies":"Gremlin Nob","floor":14,"turns":3},{"damage":43,"enemies":"The Guardian","floor":16,"turns":12},{"damage":17,"enemies":"2 Thieves","floor":18,"turns":3},{"damage":16,"enemies":"Shell Parasite","floor":21,"turns":6},{"damage":37,"enemies":"Sentry and Sphere","floor":22,"turns":6},{"damage":4,"enemies":"Snake Plant","floor":24,"turns":5},{"damage":55,"enemies":"Centurion and Healer","floor":27,"turns":11},{"damage":10,"enemies":"Slavers","floor":30,"turns":2}],"event_choices":[{"event_name":"Bonfire Elementals","player_choice":"BASIC","floor":3,"damage_taken":0},{"event_name":"Golden Idol","player_choice":"Take Damage","floor":11,"damage_taken":0},{"event_name":"Beggar","player_choice":"Gave Gold","floor":19,"damage_taken":0},{"event_name":"Addict","player_choice":"Obtained Relic","floor":20,"damage_taken":0},{"event_name":"Forgotten Altar","player_choice":"Gave Idol","floor":28,"damage_taken":0}],"boss_relics":[{"not_picked":["Snecko Eye","Black Star"],"picked":"White Beast Statue"}],"potions_floor_spawned":[2,4,14,16,18,21,22,24,27],"seed_played":"-5730375468569414104","killed_by":"Slavers","ascension_level":4,"is_trial":false}