{"path_per_floor":["M","?","M","?","?","E","R","E","T","E","M","$","M","M","R"],"character_chosen":"THE_SILENT","items_purchased":["Happy Flower","Flash of Steel","Accuracy"],"gold_per_floor":[144,144,189,189,439,529,529,619,619,1009,1054,670,715,760,760,760],"floor_reached":16,"campfire_rested":2,"playtime":632,"current_hp_per_floor":[70,70,70,70,70,70,70,55,55,55,50,50,48,38,59,0],"items_purged":["Deadly Poison"],"gold":760,"score":245,"play_id":"f1bb46b1-1671-4774-ad98-a03af4ba2b74","local_time":"20180512192452","daily_mods":["Insanity","Midas","Lethality"],"is_prod":false,"is_daily":true,"chose_seed":false,"is_ascension_mode":false,"campfire_upgraded":0,"timestamp":1526149492,"path_taken":["M","?","M","?","?","E","R","E","T","E","M","$","?","M","R","BOSS"],"build_version":"2018-05-11","seed_source_timestamp":90630045129984,"purchased_purges":1,"victory":false,"master_deck":["Skewer","Eviscerate","Adrenaline","Flying Knee","Tactician","Survivor","Tools of the Trade","Accuracy","Concentrate","Unload","Unload","Backstab","Doppelganger","Flying Knee","Well Laid Plans","Venomology","Flying Knee","Masterful Stab","Deflect","Blade Dance","Leg Sweep","Dodge and Roll","Masterful Stab","Finisher","Noxious Fumes","Heel Hook","Predator","Grand Finale","Storm of Steel","Bouncing Flask","Escape Plan","Tactician","Blur","Concentrate","Survivor","Deflect","Acrobatics","Poisoned Stab","Dodge and Roll","Accuracy","A Thousand Cuts","Quick Slash","Defend_G","Dodge and Roll","Heel Hook","Eviscerate","Sucker Punch","Backflip","Deep Breath","Unload","Regret","Cloak And Dagger","Flash of Steel","Accuracy","Caltrops","Dagger Spray"],"max_hp_per_floor":[70,70,70,70,70,70,70,70,70,70,70,70,70,70,70,70],"relics":["Ring of the Snake","Potion Belt","Du-Vu Doll","Dodecahedron","Old Coin","Happy Flower"],"card_choices":[{"not_picked":["Sucker Punch","Prepared","Slice"],"picked":"SKIP","floor":1},{"not_picked":["All Out Attack","PiercingWail","Poisoned Stab"],"picked":"SKIP","floor":3},{"not_picked":["Quick Slash","Slice","Backflip"],"picked":"SKIP","floor":6},{"not_picked":["Poisoned Stab","Wraith Form v2","PiercingWail"],"picked":"SKIP","floor":8},{"not_picked":["All Out Attack","A Thousand Cuts","Backflip"],"picked":"SKIP","floor":10},{"not_picked":["Underhanded Strike","Backflip"],"picked":"Cloak And Dagger","floor":11},{"not_picked":["Tactician","Masterful Stab"],"picked":"Caltrops","floor":13},{"not_picked":["Deflect","Sucker Punch"],"picked":"Dagger Spray","floor":14}],"player_experience":138787,"potions_floor_usage":[8,13,14,16],"damage_taken":[{"damage":0,"enemies":"Jaw Worm","floor":1,"turns":2},{"damage":0,"enemies":"Cultist","floor":3,"turns":2},{"damage":0,"enemies":"Gremlin Nob","floor":6,"turns":2},{"damage":15,"enemies":"Lagavulin","floor":8,"turns":3},{"damage":0,"enemies":"Gremlin Nob","floor":10,"turns":2},{"damage":5,"enemies":"Small Slimes","floor":11,"turns":2},{"damage":2,"enemies":"Blue Slaver","floor":13,"turns":2},{"damage":10,"enemies":"Lots of Slimes","floor":14,"turns":2},{"damage":61,"enemies":"Hexaghost","floor":16,"turns":4}],"event_choices":[{"event_name":"Match and Keep!","player_choice":"1 cards matched","floor":2,"damage_taken":0},{"event_name":"Transmorgrifier","player_choice":"Transform","floor":4,"damage_taken":0},{"event_name":"Golden Shrine","player_choice":"Desecrate","floor":5,"damage_taken":0}],"boss_relics":[],"potions_floor_spawned":[8,11,14],"seed_played":"-6008848597544292010","killed_by":"Hexaghost","ascension_level":0,"is_trial":false}