{"gold_per_floor":[119,119,119,138,20,52,52,80,80,92,119,49,49,61,61,138,138,150,21,21,21,37,37,37],"floor_reached":24,"playtime":1113,"items_purged":["Defend_G"],"score":375,"play_id":"4fd3376c-d0ad-4567-9899-e60d31faa702","local_time":"20190205232454","is_ascension_mode":true,"campfire_choices":[{"data":"Calculated Gamble","floor":7,"key":"SMITH"},{"floor":10,"key":"REST"},{"floor":15,"key":"REST"},{"floor":23,"key":"REST"}],"neow_cost":"NONE","seed_source_timestamp":374942547025382,"circlet_count":0,"master_deck":["AscendersBane","Defend_G","Defend_G","Defend_G","Strike_G","Strike_G","Strike_G","Strike_G","Survivor","Neutralize","Reflex","Concentrate","Well Laid Plans","Skewer","Calculated Gamble+1","Masterful Stab","Expertise","Discovery","Doppelganger","Envenom","PiercingWail+1","Outmaneuver","Malaise","Concentrate"],"relics":["Ring of the Snake","NeowsBlessing","Dodecahedron","Anchor","Gambling Chip","MawBank","Runic Pyramid"],"potions_floor_usage":[8,14,16,20],"damage_taken":[{"damage":0,"enemies":"Small Slimes","floor":1,"turns":1},{"damage":0,"enemies":"Cultist","floor":4,"turns":1},{"damage":0,"enemies":"3 Sentries","floor":6,"turns":2},{"damage":23,"enemies":"Lagavulin","floor":8,"turns":8},{"damage":2,"enemies":"Jaw Worm","floor":11,"turns":2},{"damage":4,"enemies":"Red Slaver","floor":14,"turns":4},{"damage":48,"enemies":"Hexaghost","floor":16,"turns":11},{"damage":17,"enemies":"Spheric Guardian","floor":18,"turns":4},{"damage":41,"enemies":"Colosseum Slavers","floor":20,"turns":6},{"damage":0,"enemies":"Chosen","floor":22,"turns":3},{"damage":24,"enemies":"Centurion and Healer","floor":24,"turns":4}],"seed_played":"6379635928635320568","potions_obtained":[{"floor":4,"key":"Strength Potion"},{"floor":11,"key":"SteroidPotion"},{"floor":14,"key":"Fruit Juice"},{"floor":16,"key":"Weak Potion"},{"floor":18,"key":"LiquidBronze"}],"is_trial":false,"path_per_floor":["M","?","?","M","$","E","R","E","T","R","M","$","?","M","R","B",null,"M","$","?","?","M","R","M"],"character_chosen":"THE_SILENT","items_purchased":["Well Laid Plans","Skewer","Discovery","Outmaneuver"],"campfire_rested":3,"item_purchase_floors":[5,5,12,19],"current_hp_per_floor":[63,56,38,38,38,38,38,15,15,36,34,34,34,35,57,9,59,42,42,1,1,1,23,0],"gold":37,"neow_bonus":"THREE_ENEMY_KILL","is_prod":false,"is_daily":false,"chose_seed":false,"campfire_upgraded":1,"win_rate":0,"timestamp":1549409094,"path_taken":["M","?","?","M","$","E","R","E","T","R","M","$","?","?","R","BOSS","M","$","?","?","?","R","M"],"build_version":"2019-01-23","purchased_purges":1,"victory":false,"max_hp_per_floor":[70,70,70,70,70,70,70,70,70,70,70,70,70,75,75,75,75,75,75,75,75,75,75,75],"card_choices":[{"not_picked":["Backflip","Flying Knee"],"picked":"Reflex","floor":1},{"not_picked":["Flechettes","Dodge and Roll"],"picked":"Concentrate","floor":4},{"not_picked":["Dodge and Roll","Unload"],"picked":"Calculated Gamble","floor":6},{"not_picked":["Concentrate","Sucker Punch"],"picked":"Masterful Stab","floor":8},{"not_picked":["Deadly Poison","Flying Knee"],"picked":"Expertise","floor":11},{"not_picked":["Dash","Predator"],"picked":"Envenom","floor":14},{"not_picked":["Deadly Poison","Backflip"],"picked":"PiercingWail+1","floor":18},{"not_picked":["Deadly Poison","Quick Slash+1"],"picked":"Concentrate","floor":22}],"player_experience":567483,"relics_obtained":[{"floor":6,"key":"Anchor"},{"floor":8,"key":"Gambling Chip"},{"floor":9,"key":"MawBank"}],"event_choices":[{"cards_removed":["Defend_G"],"damage_healed":0,"gold_gain":0,"player_choice":"Card Removal","damage_taken":7,"max_hp_gain":0,"max_hp_loss":0,"event_name":"Golden Wing","floor":2,"gold_loss":0},{"damage_healed":0,"gold_gain":0,"player_choice":"Success","damage_taken":18,"relics_obtained":["Dodecahedron"],"max_hp_gain":0,"max_hp_loss":0,"event_name":"Scrap Ooze","floor":3,"gold_loss":0},{"damage_healed":0,"gold_gain":0,"cards_transformed":["Strike_G"],"player_choice":"Transformed","damage_taken":0,"max_hp_gain":0,"max_hp_loss":0,"event_name":"Transmorgrifier","floor":13,"gold_loss":0,"cards_obtained":["Doppelganger"]},{"damage_healed":0,"gold_gain":0,"player_choice":"Fight","damage_taken":0,"max_hp_gain":0,"max_hp_loss":0,"event_name":"Colosseum","floor":20,"gold_loss":0},{"damage_healed":0,"gold_gain":0,"player_choice":"Fled From Nobs","damage_taken":0,"max_hp_gain":0,"max_hp_loss":0,"event_name":"Colosseum","floor":20,"gold_loss":0},{"damage_healed":0,"gold_gain":0,"player_choice":"1 cards matched","damage_taken":0,"max_hp_gain":0,"max_hp_loss":0,"event_name":"Match and Keep!","floor":21,"gold_loss":0,"cards_obtained":["Malaise"]}],"is_beta":true,"boss_relics":[{"not_picked":["Black Star","Ectoplasm"],"picked":"Runic Pyramid"}],"items_purged_floors":[19],"is_endless":false,"potions_floor_spawned":[4,11,14,16,18,20],"killed_by":"Centurion and Healer","ascension_level":13}