{"path_per_floor":["M","?","M","$","?","E","M","R","T","E","M","E","?","M","R"],"character_chosen":"DEFECT","items_purchased":["Flash of Steel"],"gold_per_floor":[113,113,126,24,99,124,144,144,144,171,181,214,214,233,233,233],"floor_reached":16,"campfire_rested":2,"playtime":920,"current_hp_per_floor":[67,67,51,51,40,8,6,28,28,14,12,6,6,7,29,0],"items_purged":[],"gold":233,"score":126,"play_id":"a48c03ca-d122-40b2-b4a4-0d4990d127fe","local_time":"20180502215311","is_prod":false,"is_daily":false,"chose_seed":false,"is_ascension_mode":true,"campfire_upgraded":0,"timestamp":1525294391,"path_taken":["M","?","M","$","?","E","M","R","T","E","?","E","?","M","R","BOSS"],"build_version":"2018-05-01v2","seed_source_timestamp":348960080008095,"purchased_purges":1,"victory":false,"master_deck":["Strike_B","Strike_B","Strike_B","Strike_B","Defend_B","Defend_B","Defend_B","Zap","Dualcast","Loop","Regret","Hologram","Flash of Steel","Go for the Eyes","Chill","Machine Learning","Blaster","Barrage","Coolheaded"],"max_hp_per_floor":[75,75,75,75,75,75,75,75,75,75,75,75,75,75,75,75],"relics":["Cracked Core","Du-Vu Doll","Ornamental Fan","Bottled Flame","Orichalcum","Blood Vial"],"card_choices":[{"not_picked":["Hello World","Stack"],"picked":"Loop","floor":1},{"not_picked":["Chill","Streamline"],"picked":"Hologram","floor":3},{"not_picked":["Hologram","Flux Capacitor"],"picked":"Go for the Eyes","floor":6},{"not_picked":["Chaos","Force Field"],"picked":"Chill","floor":7},{"not_picked":["Stack","Aggregate"],"picked":"Machine Learning","floor":10},{"not_picked":["Go for the Eyes","Impulse"],"picked":"Blaster","floor":11},{"not_picked":["Cold Snap","Doom and Gloom"],"picked":"Barrage","floor":12},{"not_picked":["Hologram","Go for the Eyes"],"picked":"Coolheaded","floor":14}],"player_experience":111302,"potions_floor_usage":[12],"damage_taken":[{"damage":8,"enemies":"2 Louse","floor":1,"turns":2},{"damage":16,"enemies":"Jaw Worm","floor":3,"turns":4},{"damage":32,"enemies":"3 Sentries","floor":6,"turns":6},{"damage":2,"enemies":"Small Slimes","floor":7,"turns":3},{"damage":14,"enemies":"Lagavulin","floor":10,"turns":8},{"damage":2,"enemies":"3 Louse","floor":11,"turns":2},{"damage":6,"enemies":"Gremlin Nob","floor":12,"turns":3},{"damage":1,"enemies":"Red Slaver","floor":14,"turns":3},{"damage":35,"enemies":"The Guardian","floor":16,"turns":11}],"event_choices":[{"event_name":"Big Fish","player_choice":"Box","floor":2,"damage_taken":0},{"event_name":"World of Goop","player_choice":"Gather Gold","floor":5,"damage_taken":0},{"event_name":"The Lab","player_choice":"Got Potions","floor":13,"damage_taken":0}],"boss_relics":[],"potions_floor_spawned":[1,7,11,12],"seed_played":"-4507118992843887138","killed_by":"The Guardian","ascension_level":1,"is_trial":false}