{"path_per_floor":["M","M","?","?","$","R","M","M","T","R","$","M","M","M","R","B",null,"M","M","$","?","?","E","R","M","T","R","$","R","M","?","R"],"character_chosen":"DEFECT","items_purchased":["Bandage Up","Swift Strike"],"gold_per_floor":[114,134,134,134,42,42,61,79,79,79,4,22,38,58,58,153,183,194,212,12,12,12,38,38,57,57,57,57,57,69,169,169,169],"floor_reached":33,"campfire_rested":2,"playtime":1806,"current_hp_per_floor":[62,56,56,56,56,60,64,58,58,62,62,60,60,58,62,20,80,58,35,35,20,20,24,28,14,14,43,43,47,42,42,71,0],"items_purged":["Strike_B","Defend_B"],"gold":169,"score":338,"play_id":"a26f3e18-7368-47a5-85c8-3c49ef683583","local_time":"20180508201045","is_prod":false,"is_daily":false,"chose_seed":false,"is_ascension_mode":true,"campfire_upgraded":5,"timestamp":1525835445,"path_taken":["M","M","?","?","$","R","M","M","T","R","$","M","M","M","R","BOSS","M","M","$","?","?","E","R","M","T","R","?","R","M","?","R","BOSS"],"build_version":"2018-05-07","seed_source_timestamp":129939475460846,"purchased_purges":2,"victory":false,"master_deck":["Strike_B","Strike_B+1","Defend_B+1","Defend_B+1","Defend_B","Zap+1","Dualcast+1","Bandage Up","Sweeping Beam+1","FTL","FTL","Sunder+1","Swift Strike+1","Skim"],"max_hp_per_floor":[75,75,75,75,75,75,75,75,75,75,75,75,75,75,75,75,80,80,80,80,85,85,85,85,85,85,85,85,85,85,85,85,85],"relics":["Eternal Feather","Pantograph","Tiny House","Turnip","Toxic Egg 2"],"card_choices":[{"not_picked":["Barrage","Loop"],"picked":"Sweeping Beam","floor":7},{"not_picked":["Turbo","Redo"],"picked":"FTL","floor":12},{"not_picked":["Tempest","Turbo"],"picked":"FTL","floor":17},{"not_picked":["Rebound","Streamline"],"picked":"Sunder","floor":19},{"not_picked":["Impulse","Stack"],"picked":"Skim","floor":23}],"player_experience":183473,"potions_floor_usage":[8,16,16,18,23,25,30],"damage_taken":[{"damage":13,"enemies":"Jaw Worm","floor":1,"turns":4},{"damage":6,"enemies":"2 Louse","floor":2,"turns":2},{"damage":0,"enemies":"Cultist","floor":7,"turns":4},{"damage":10,"enemies":"Exordium Thugs","floor":8,"turns":4},{"damage":6,"enemies":"Looter","floor":12,"turns":3},{"damage":4,"enemies":"2 Fungi Beasts","floor":13,"turns":4},{"damage":6,"enemies":"Exordium Wildlife","floor":14,"turns":3},{"damage":59,"enemies":"Slime Boss","floor":16,"turns":11},{"damage":26,"enemies":"Shell Parasite","floor":18,"turns":6},{"damage":27,"enemies":"2 Thieves","floor":19,"turns":4},{"damage":0,"enemies":"Gremlin Leader","floor":23,"turns":7},{"damage":18,"enemies":"Cultist and Chosen","floor":25,"turns":4},{"damage":9,"enemies":"Sentry and Sphere","floor":30,"turns":4},{"damage":98,"enemies":"Automaton","floor":33,"turns":8}],"event_choices":[{"event_name":"The Cleric","player_choice":"Leave","floor":3,"damage_taken":0},{"event_name":"Accursed Blacksmith","player_choice":"Forge","floor":4,"damage_taken":0},{"event_name":"Forgotten Altar","player_choice":"Shed Blood","floor":21,"damage_taken":0},{"event_name":"Purifier","player_choice":"One Purge","floor":22,"damage_taken":0},{"event_name":"Golden Shrine","player_choice":"Pray","floor":31,"damage_taken":0}],"boss_relics":[{"not_picked":["Orrery","Pandora\u0027s Box"],"picked":"Tiny House"}],"potions_floor_spawned":[1,13,14,19,23,25],"seed_played":"7852390558157706717","killed_by":"Automaton","ascension_level":4,"is_trial":false}