{"gold_per_floor":[110,110,121,121,49,59,59,76,127,138,155,155,155,178,190,304,316,343,371,383,395,357,369,219,250,323,323],"floor_reached":27,"playtime":829,"items_purged":["Cold Snap"],"score":321,"play_id":"21842c1c-ba06-44d1-a47a-43f66781cb70","local_time":"20181210024122","is_ascension_mode":false,"campfire_choices":[{"data":"Chaos","floor":7,"key":"SMITH"},{"floor":15,"key":"REST"},{"data":"Redo","floor":23,"key":"SMITH"}],"neow_cost":"NONE","seed_source_timestamp":0,"circlet_count":0,"master_deck":["Zap","Dualcast","Panacea","Redo+1","Meteor Strike","Chaos+1","Undo","Reboot","Skim","Sweeping Beam","Coolheaded","Melter","Storm","Recycle","Purity","Hologram+1"],"special_seed":0,"relics":["Cracked Core","Bronze Scales","Bird Faced Urn","MawBank","Pandora\u0027s Box","Frozen Egg 2","Singing Bowl"],"potions_floor_usage":[8,18,25,25,25],"damage_taken":[{"damage":2,"enemies":"Small Slimes","floor":1,"turns":3},{"damage":8,"enemies":"Jaw Worm","floor":3,"turns":3},{"damage":1,"enemies":"2 Louse","floor":6,"turns":2},{"damage":10,"enemies":"Exordium Wildlife","floor":8,"turns":4},{"damage":2,"enemies":"Looter","floor":10,"turns":3},{"damage":4,"enemies":"3 Louse","floor":11,"turns":3},{"damage":28,"enemies":"The Guardian","floor":16,"turns":9},{"damage":8,"enemies":"3 Byrds","floor":18,"turns":3},{"damage":8,"enemies":"Spheric Guardian","floor":19,"turns":3},{"damage":51,"enemies":"Slavers","floor":25,"turns":3},{"damage":12,"enemies":"Snake Plant","floor":27,"turns":1}],"seed_played":"6457824373213261159","potions_obtained":[{"floor":1,"key":"Swift Potion"},{"floor":3,"key":"LiquidBronze"},{"floor":11,"key":"SteroidPotion"},{"floor":16,"key":"AttackPotion"},{"floor":19,"key":"Energy Potion"}],"is_trial":false,"path_per_floor":["M","?","M","?","$","M","R","M","T","M","M","?","?","T","R","B",null,"M","M","?","?","?","R","$","E","T","M"],"character_chosen":"DEFECT","items_purchased":["Meteor Strike","Purity"],"campfire_rested":1,"item_purchase_floors":[5,24],"current_hp_per_floor":[73,73,65,50,50,49,49,39,39,37,33,26,26,26,48,20,75,67,61,61,61,61,61,61,12,12,0],"gold":323,"neow_bonus":"RANDOM_COLORLESS","is_prod":false,"is_daily":false,"chose_seed":false,"campfire_upgraded":2,"win_rate":0,"timestamp":1544409682,"path_taken":["M","?","M","?","$","M","R","M","T","M","M","?","?","?","R","BOSS","M","M","?","?","?","R","$","E","T","?"],"build_version":"2018-12-06","purchased_purges":1,"victory":false,"max_hp_per_floor":[75,75,75,75,75,75,75,75,75,75,75,75,75,75,75,75,75,75,75,75,75,75,75,75,75,75,75],"card_choices":[{"not_picked":["Reprogram","FTL"],"picked":"Redo","floor":1},{"not_picked":["Steam Power","Recycle","Aggregate"],"picked":"SKIP","floor":3},{"not_picked":["Gash","Rebound"],"picked":"Chaos","floor":6},{"not_picked":["Barrage","Redo"],"picked":"Undo","floor":8},{"not_picked":["Heatsinks","Stack","Sweeping Beam"],"picked":"SKIP","floor":10},{"not_picked":["Coolheaded","Reinforced Body","Sunder"],"picked":"SKIP","floor":11},{"not_picked":["All For One","Biased Cognition"],"picked":"Reboot","floor":16},{"not_picked":["White Noise","Go for the Eyes+1","Steam"],"picked":"SKIP","floor":18},{"not_picked":["Compile Driver","Stack+1","Sweeping Beam+1"],"picked":"SKIP","floor":19},{"not_picked":["Ball Lightning","Rainbow"],"picked":"Hologram+1","floor":25}],"player_experience":337021,"relics_obtained":[{"floor":14,"key":"MawBank"},{"floor":25,"key":"Frozen Egg 2"},{"floor":26,"key":"Singing Bowl"}],"event_choices":[{"damage_healed":0,"gold_gain":0,"player_choice":"Box","damage_taken":0,"relics_obtained":["Bronze Scales"],"max_hp_gain":0,"max_hp_loss":0,"event_name":"Big Fish","floor":2,"gold_loss":0,"cards_obtained":["Regret"]},{"damage_healed":0,"gold_gain":0,"player_choice":"Entered Light","damage_taken":15,"max_hp_gain":0,"max_hp_loss":0,"event_name":"Shining Light","floor":4,"gold_loss":0,"cards_upgraded":["Defend_B","Strike_B"]},{"cards_removed":["Regret"],"damage_healed":0,"gold_gain":0,"player_choice":"Card Removal","damage_taken":7,"max_hp_gain":0,"max_hp_loss":0,"event_name":"Golden Wing","floor":12,"gold_loss":0},{"damage_healed":0,"gold_gain":0,"player_choice":"Searched \u00272\u0027 times","damage_taken":0,"relics_obtained":["Bird Faced Urn"],"max_hp_gain":0,"max_hp_loss":0,"event_name":"Dead Adventurer","floor":13,"gold_loss":0},{"cards_removed":["Stack"],"damage_healed":0,"gold_gain":0,"player_choice":"Elegance","damage_taken":0,"max_hp_gain":0,"max_hp_loss":0,"event_name":"Back to Basics","floor":20,"gold_loss":0},{"damage_healed":0,"gold_gain":0,"player_choice":"Ignored","damage_taken":0,"max_hp_gain":0,"max_hp_loss":0,"event_name":"Vampires","floor":21,"gold_loss":0},{"damage_healed":0,"gold_gain":0,"player_choice":"Bet on Murderer","damage_taken":0,"max_hp_gain":0,"max_hp_loss":0,"event_name":"The Joust","floor":22,"gold_loss":50}],"is_beta":true,"boss_relics":[{"not_picked":["Philosopher\u0027s Stone","Lizard Tail"],"picked":"Pandora\u0027s Box"}],"items_purged_floors":[24],"is_endless":false,"potions_floor_spawned":[1,3,11,16,19],"killed_by":"Snake Plant","ascension_level":0}