{"gold_per_floor":[117,117,133,133,153,1,1,28,78,91,109,59,11,31,31,126,126,146,245,27,27,37,70,70,88,142,162,162,162,178,178,178,178],"floor_reached":33,"playtime":1083,"items_purged":["Strike_G","Strike_G"],"score":267,"play_id":"a5a011da-2663-4cdf-9ba9-cebc5fe1c809","local_time":"20190111043411","is_ascension_mode":false,"campfire_choices":[{"data":"Noxious Fumes","floor":7.0,"key":"SMITH"},{"data":"Deadly Poison","floor":15.0,"key":"SMITH"},{"floor":24.0,"key":"REST"},{"floor":28.0,"key":"REST"},{"floor":32.0,"key":"REST"}],"neow_cost":"NONE","seed_source_timestamp":0,"circlet_count":0,"master_deck":["Defend_G","Defend_G","Defend_G","Defend_G","Defend_G","Strike_G","Strike_G","Survivor","Neutralize","Deadly Poison+1","All Out Attack","Bane","Noxious Fumes+1","Poisoned Stab","Burst+1","Catalyst","Noxious Fumes","Leg Sweep"],"special_seed":0,"relics":["Busted Crown"],"potions_floor_usage":[33],"damage_taken":[{"damage":2.0,"enemies":"Small Slimes","floor":1.0,"turns":5.0},{"damage":0.0,"enemies":"Cultist","floor":3.0,"turns":3.0},{"damage":1.0,"enemies":"2 Louse","floor":5.0,"turns":2.0},{"damage":13.0,"enemies":"Lagavulin","floor":8.0,"turns":5.0},{"damage":1.0,"enemies":"Exordium Wildlife","floor":10.0,"turns":3.0},{"damage":0.0,"enemies":"Blue Slaver","floor":11.0,"turns":4.0},{"damage":5.0,"enemies":"Lots of Slimes","floor":14.0,"turns":3.0},{"damage":16.0,"enemies":"The Guardian","floor":16.0,"turns":8.0},{"damage":9.0,"enemies":"Chosen","floor":18.0,"turns":5.0},{"damage":7.0,"enemies":"Shell Parasite","floor":22.0,"turns":5.0},{"damage":38.0,"enemies":"Slavers","floor":23.0,"turns":4.0},{"damage":22.0,"enemies":"Snake Plant","floor":25.0,"turns":5.0},{"damage":0.0,"enemies":"Centurion and Healer","floor":27.0,"turns":4.0},{"damage":12.0,"enemies":"Shelled Parasite and Fungi","floor":30.0,"turns":4.0},{"damage":86,"enemies":"Collector","floor":33,"turns":7}],"seed_played":"-5611153048691710811","potions_obtained":[{"floor":5.0,"key":"Explosive Potion"},{"floor":10.0,"key":"Strength Potion"},{"floor":14.0,"key":"GamblersBrew"},{"floor":23.0,"key":"EssenceOfSteel"},{"floor":30.0,"key":"SmokeBomb"}],"is_trial":false,"path_per_floor":["M","?","M","?","M","$","R","E","T","M","M","?","$","M","R","B",null,"M","?","$","?","M","E","R","M","T","M","R","?","M","?","R","B"],"character_chosen":"THE_SILENT","items_purchased":["Noxious Fumes","Poisoned Stab","Catalyst","Noxious Fumes"],"campfire_rested":3,"item_purchase_floors":[6,13,20,20],"current_hp_per_floor":[68,61,61,61,60,60,60,47,47,46,46,46,46,41,41,25,70,61,61,61,61,54,16,37,15,15,15,36,23,11,36,58,0],"gold":178,"neow_bonus":"BOSS_RELIC","is_prod":false,"is_daily":false,"chose_seed":false,"campfire_upgraded":2,"win_rate":0,"timestamp":1547181251,"path_taken":["M","?","?","?","M","$","R","E","T","?","M","?","?","M","R","BOSS","M","?","$","?","M","E","R","M","T","?","R","?","M","?","R","BOSS"],"build_version":"2019-01-09","purchased_purges":2,"victory":false,"max_hp_per_floor":[70,70,70,70,70,70,70,70,70,70,70,70,70,70,70,70,70,70,70,70,70,70,70,70,70,70,70,70,75,75,75,75,75],"card_choices":[{"not_picked":[],"picked":"Deadly Poison","floor":1.0},{"not_picked":[],"picked":"All Out Attack","floor":3.0},{"not_picked":[],"picked":"Bane","floor":5.0},{"not_picked":["Dagger Spray"],"picked":"SKIP","floor":8.0},{"not_picked":["Setup"],"picked":"SKIP","floor":10.0},{"not_picked":["Dagger Throw"],"picked":"SKIP","floor":11.0},{"not_picked":["Choke"],"picked":"SKIP","floor":14.0},{"not_picked":[],"picked":"Burst","floor":16.0},{"not_picked":["Dagger Spray"],"picked":"SKIP","floor":18.0},{"not_picked":["Concentrate"],"picked":"SKIP","floor":22.0},{"not_picked":[],"picked":"Leg Sweep","floor":23.0},{"not_picked":["Cloak And Dagger"],"picked":"SKIP","floor":25.0},{"not_picked":["Deflect+1"],"picked":"SKIP","floor":27.0},{"not_picked":["Bane"],"picked":"SKIP","floor":30.0}],"player_experience":398068,"relics_obtained":[],"event_choices":[{"damage_healed":0.0,"max_hp_gain":0.0,"max_hp_loss":0.0,"gold_gain":0.0,"event_name":"Wheel of Change","player_choice":"Damaged","floor":2.0,"gold_loss":0.0,"damage_taken":7.0},{"damage_healed":0.0,"max_hp_gain":0.0,"max_hp_loss":0.0,"gold_gain":0.0,"event_name":"WeMeetAgain","player_choice":"Ignored","floor":4.0,"gold_loss":0.0,"damage_taken":0.0},{"cards_removed":["Strike_G"],"damage_healed":0.0,"max_hp_gain":0.0,"max_hp_loss":0.0,"gold_gain":0.0,"event_name":"The Cleric","player_choice":"Card Removal","floor":12.0,"gold_loss":50.0,"damage_taken":0.0},{"damage_healed":0.0,"max_hp_gain":0.0,"max_hp_loss":0.0,"gold_gain":99.0,"event_name":"Nest","player_choice":"Stole From Cult","floor":19.0,"gold_loss":0.0,"damage_taken":0.0},{"damage_healed":0.0,"max_hp_gain":0.0,"max_hp_loss":0.0,"gold_gain":0.0,"event_name":"Accursed Blacksmith","player_choice":"Forge","floor":21.0,"gold_loss":0.0,"damage_taken":0.0,"cards_upgraded":["Burst"]},{"damage_healed":0.0,"max_hp_gain":5.0,"max_hp_loss":0.0,"gold_gain":0.0,"event_name":"Forgotten Altar","player_choice":"Shed Blood","floor":29.0,"gold_loss":0.0,"damage_taken":18.0},{"damage_healed":25.0,"max_hp_gain":0.0,"max_hp_loss":0.0,"gold_gain":0.0,"event_name":"The Library","player_choice":"Heal","floor":31.0,"gold_loss":0.0,"damage_taken":0.0}],"is_beta":true,"boss_relics":[{"not_picked":["Cursed Key","Philosopher\u0027s Stone","Eternal Feather"]}],"items_purged_floors":[6,20],"is_endless":false,"potions_floor_spawned":[5,10,14,23,30],"killed_by":"Collector","ascension_level":0}