{"gold_per_floor":[109,120,45,45,69,69,108,108,161,182,225,239,239,252,252,371,371,384,400,413,41,61,61,97,97,148,23,46,46,96,117,117,247,247,265,283,58,58,73,73,96,109,109,123,123,148,148,161,161,161],"floor_reached":51,"playtime":2253,"items_purged":["Strike_R","Normality","Heavy Blade","Fiend Fire"],"score":902,"play_id":"5f8db3ca-d46b-40ef-9eb7-326746af2661","local_time":"20181117195411","is_ascension_mode":true,"campfire_choices":[{"data":"Immolate","floor":6,"key":"SMITH"},{"data":"True Grit","floor":8,"key":"SMITH"},{"data":"Metallicize","floor":15,"key":"SMITH"},{"data":"Enlightenment","floor":23,"key":"SMITH"},{"data":"Juggernaut","floor":25,"key":"SMITH"},{"floor":32,"key":"REST"},{"data":"Madness","floor":40,"key":"SMITH"},{"data":"Madness","floor":45,"key":"SMITH"},{"data":"Chrysalis","floor":49,"key":"SMITH"}],"neow_cost":"CURSE","seed_source_timestamp":261194878226,"circlet_count":0,"master_deck":["Bash","Immolate+1","Second Wind","True Grit+1","Thunderclap","Impervious","Battle Trance","Barricade","Body Slam","Impervious","Dual Wield","Entrench","Cleave","Power Through","Battle Trance","Chrysalis+1","Enlightenment+1","Juggernaut+1","Headbutt","True Grit","Juggernaut","Sentinel","Demon Form","Madness+1","Madness+1"],"relics":["Burning Blood","Golden Idol","Orichalcum","Vajra","FossilizedHelix","Pandora\u0027s Box","Mercury Hourglass","Happy Flower","Bronze Scales","Busted Crown","Paper Frog"],"potions_floor_usage":[7,16,16,24,24,24,24,33,33,46,50,50,50],"damage_taken":[{"damage":2,"enemies":"Jaw Worm","floor":1,"turns":3},{"damage":0,"enemies":"Cultist","floor":2,"turns":2},{"damage":0,"enemies":"2 Louse","floor":5,"turns":1},{"damage":25,"enemies":"Lagavulin","floor":7,"turns":5},{"damage":1,"enemies":"Exordium Wildlife","floor":10,"turns":3},{"damage":4,"enemies":"3 Sentries","floor":11,"turns":5},{"damage":0,"enemies":"3 Louse","floor":12,"turns":2},{"damage":0,"enemies":"Blue Slaver","floor":14,"turns":1},{"damage":7,"enemies":"Hexaghost","floor":16,"turns":11},{"damage":7,"enemies":"Spheric Guardian","floor":18,"turns":4},{"damage":0,"enemies":"Chosen","floor":19,"turns":4},{"damage":0,"enemies":"Sentry and Sphere","floor":20,"turns":8},{"damage":0,"enemies":"Centurion and Healer","floor":22,"turns":9},{"damage":24,"enemies":"Slavers","floor":24,"turns":3},{"damage":22,"enemies":"Snake Plant","floor":28,"turns":5},{"damage":0,"enemies":"3 Cultists","floor":31,"turns":2},{"damage":0,"enemies":"Automaton","floor":33,"turns":10},{"damage":0,"enemies":"3 Shapes","floor":35,"turns":2},{"damage":3,"enemies":"3 Darklings","floor":36,"turns":5},{"damage":0,"enemies":"Spire Growth","floor":39,"turns":5},{"damage":7,"enemies":"Maw","floor":41,"turns":5},{"damage":12,"enemies":"4 Shapes","floor":42,"turns":2},{"damage":0,"enemies":"Jaw Worm Horde","floor":44,"turns":3},{"damage":18,"enemies":"Maw","floor":46,"turns":7},{"damage":0,"enemies":"Spire Growth","floor":48,"turns":5},{"damage":77,"enemies":"Donu and Deca","floor":50,"turns":8}],"seed_played":"7828288737088348647","potions_obtained":[{"floor":2,"key":"LiquidBronze"},{"floor":5,"key":"Strength Potion"},{"floor":7,"key":"EntropicBrew"},{"floor":16,"key":"Fruit Juice"},{"floor":22,"key":"Weak Potion"},{"floor":24,"key":"Dexterity Potion"},{"floor":33,"key":"PowerPotion"},{"floor":35,"key":"SkillPotion"},{"floor":44,"key":"Regen Potion"},{"floor":46,"key":"PowerPotion"}],"is_trial":false,"path_per_floor":["M","M","$","?","M","R","E","R","T","M","E","M","?","M","R","B",null,"M","M","M","$","M","R","E","R","T","$","M","?","T","M","R","B",null,"M","M","$","?","M","R","M","M","T","M","R","M","?","M","R","B",null],"character_chosen":"IRONCLAD","items_purchased":["Chrysalis","Enlightenment","Demon Form"],"campfire_rested":1,"item_purchase_floors":[21,21,37],"current_hp_per_floor":[80,80,80,60,66,66,47,47,47,52,54,60,60,66,66,70,85,84,85,85,85,85,85,67,67,67,67,51,51,51,57,82,85,85,85,85,85,74,80,80,79,73,73,79,79,67,67,73,73,17],"gold":161,"neow_bonus":"THREE_RARE_CARDS","is_prod":false,"is_daily":false,"chose_seed":false,"campfire_upgraded":8,"win_rate":0,"timestamp":1542484451,"path_taken":["M","M","$","?","M","R","E","R","T","M","E","M","?","?","R","BOSS","M","?","M","$","M","R","E","R","T","$","M","?","?","M","R","BOSS","M","M","$","?","M","R","M","M","T","M","R","M","?","M","R","BOSS"],"build_version":"2018-11-15","purchased_purges":4,"victory":true,"max_hp_per_floor":[80,80,80,80,80,80,80,80,80,80,80,80,80,80,80,85,85,85,85,85,85,85,85,85,85,85,85,85,85,85,85,85,85,85,85,85,85,85,85,85,85,85,85,85,85,85,85,85,85,85],"card_choices":[{"not_picked":["Double Tap","Brutality"],"picked":"Immolate","floor":0},{"not_picked":["Pommel Strike","Twin Strike"],"picked":"Second Wind","floor":1},{"not_picked":["Seeing Red","Heavy Blade"],"picked":"True Grit","floor":2},{"not_picked":["Battle Trance","Armaments"],"picked":"Thunderclap","floor":5},{"not_picked":["Flex","Armaments"],"picked":"Impervious","floor":7},{"not_picked":["Cleave","Entrench"],"picked":"Battle Trance","floor":10},{"not_picked":["Flex","Shockwave"],"picked":"Metallicize","floor":11},{"not_picked":["Shrug It Off","Cleave"],"picked":"Barricade","floor":12},{"not_picked":["Wild Strike","Battle Trance"],"picked":"Body Slam","floor":14},{"not_picked":["Feed","Reaper"],"picked":"Impervious","floor":16},{"not_picked":["Anger+1","Rupture","Clash"],"picked":"SKIP","floor":18},{"not_picked":["Intimidate","Shockwave","Anger"],"picked":"SKIP","floor":19},{"not_picked":["Havoc","Thunderclap"],"picked":"Battle Trance","floor":20},{"not_picked":["Intimidate","Havoc","Inflame"],"picked":"SKIP","floor":22},{"not_picked":["Metallicize","Warcry"],"picked":"Juggernaut","floor":24},{"not_picked":["Armaments","True Grit","Perfected Strike"],"picked":"SKIP","floor":28},{"not_picked":["Whirlwind+1","Thunderclap","Perfected Strike"],"picked":"SKIP","floor":31},{"not_picked":["Exhume","Barricade"],"picked":"Juggernaut","floor":33},{"not_picked":[],"picked":"Sentinel","floor":35},{"not_picked":["Armaments"],"picked":"SKIP","floor":36},{"not_picked":["Clash"],"picked":"SKIP","floor":39},{"not_picked":["Combust+1"],"picked":"SKIP","floor":41},{"not_picked":["Anger+1"],"picked":"SKIP","floor":42},{"not_picked":["Thunderclap"],"picked":"SKIP","floor":44},{"not_picked":["Pommel Strike"],"picked":"SKIP","floor":46},{"not_picked":["Dropkick+1"],"picked":"SKIP","floor":48}],"player_experience":314624,"relics_obtained":[{"floor":7,"key":"Orichalcum"},{"floor":9,"key":"Vajra"},{"floor":11,"key":"FossilizedHelix"},{"floor":24,"key":"Mercury Hourglass"},{"floor":26,"key":"Happy Flower"},{"floor":30,"key":"Bronze Scales"},{"floor":43,"key":"Paper Frog"}],"event_choices":[{"damage_healed":0,"gold_gain":0,"player_choice":"Take Damage","damage_taken":20,"relics_obtained":["Golden Idol"],"max_hp_gain":0,"max_hp_loss":0,"event_name":"Golden Idol","floor":4,"gold_loss":0},{"damage_healed":0,"gold_gain":0,"cards_transformed":["Strike_R"],"player_choice":"Transformed","damage_taken":0,"max_hp_gain":0,"max_hp_loss":0,"event_name":"Transmorgrifier","floor":13,"gold_loss":0,"cards_obtained":["Fiend Fire"]},{"damage_healed":0,"gold_gain":0,"cards_transformed":["Anger","Heavy Blade"],"player_choice":"Became Test Subject","damage_taken":0,"max_hp_gain":0,"max_hp_loss":0,"event_name":"Drug Dealer","floor":29,"gold_loss":0,"cards_obtained":["Headbutt","True Grit"]},{"damage_healed":0,"gold_gain":0,"player_choice":"Embrace Madness","damage_taken":11,"max_hp_gain":0,"max_hp_loss":0,"event_name":"Winding Halls","floor":38,"gold_loss":0,"cards_obtained":["Madness","Madness"]},{"cards_removed":["Metallicize"],"damage_healed":0,"gold_gain":0,"player_choice":"Removed Power","damage_taken":0,"max_hp_gain":0,"max_hp_loss":0,"event_name":"Falling","floor":47,"gold_loss":0}],"is_beta":true,"boss_relics":[{"not_picked":["Velvet Choker","Lizard Tail"],"picked":"Pandora\u0027s Box"},{"not_picked":["Runic Dome","Philosopher\u0027s Stone"],"picked":"Busted Crown"}],"items_purged_floors":[3,21,27,37],"is_endless":false,"potions_floor_spawned":[2,5,7,16,22,24,33,35,44,46,48],"ascension_level":4}