{"gold_per_floor":[214,3,3,18,18,18,49,49,49,74,23,23,37,49,49,49],"floor_reached":16,"playtime":519,"items_purged":["Strike_R"],"score":173,"play_id":"d78d963a-9dc4-49b6-b486-fee2f439df31","local_time":"20181217011523","is_ascension_mode":true,"campfire_choices":[{"data":"Bash","floor":6,"key":"SMITH"},{"data":"Carnage","floor":8,"key":"SMITH"},{"data":"True Grit","floor":12,"key":"SMITH"},{"data":"Evolve","floor":15,"key":"SMITH"}],"neow_cost":"NONE","seed_source_timestamp":9973314076393,"circlet_count":0,"master_deck":["AscendersBane","Strike_R","Strike_R","Strike_R","Strike_R","Defend_R","Defend_R","Defend_R","Defend_R","Bash+1","Carnage+1","Shrug It Off","Evolve+1","Shrug It Off","Shrug It Off","True Grit+1"],"relics":["Burning Blood","PreservedInsect","Bag of Preparation","Kunai","Dodecahedron"],"potions_floor_usage":[16,16],"damage_taken":[{"damage":6,"enemies":"Cultist","floor":1,"turns":3},{"damage":0,"enemies":"Jaw Worm","floor":4,"turns":3},{"damage":27,"enemies":"Lagavulin","floor":7,"turns":5},{"damage":5,"enemies":"3 Sentries","floor":10,"turns":6},{"damage":0,"enemies":"Small Slimes","floor":13,"turns":4},{"damage":0,"enemies":"2 Fungi Beasts","floor":14,"turns":3},{"damage":64,"enemies":"Hexaghost","floor":16,"turns":14}],"seed_played":"-1674977320172070739","potions_obtained":[{"floor":7,"key":"Fire Potion"},{"floor":14,"key":"Poison Potion"}],"is_trial":false,"path_per_floor":["M","$","T","M","?","R","E","R","T","E","$","R","M","M","R","B"],"character_chosen":"IRONCLAD","items_purchased":["Shrug It Off","Evolve","True Grit"],"campfire_rested":0,"item_purchase_floors":[2,2,11],"current_hp_per_floor":[72,72,72,78,70,70,49,49,49,50,50,50,56,62,62,0],"gold":49,"neow_bonus":"HUNDRED_GOLD","is_prod":false,"is_daily":false,"chose_seed":false,"campfire_upgraded":4,"win_rate":0,"timestamp":1545038123,"path_taken":["M","$","?","M","?","R","E","R","T","E","$","R","M","M","R","BOSS"],"build_version":"2018-12-13","purchased_purges":1,"victory":false,"max_hp_per_floor":[80,80,80,80,80,80,80,80,80,80,80,80,80,80,80,80],"card_choices":[{"not_picked":["Havoc","Iron Wave"],"picked":"Carnage","floor":1},{"not_picked":["Sever Soul","Twin Strike"],"picked":"Shrug It Off","floor":4},{"not_picked":["Perfected Strike","Thunderclap","Burning Pact"],"picked":"SKIP","floor":7},{"not_picked":["Evolve","Berserk"],"picked":"Shrug It Off","floor":10},{"not_picked":["Bloodletting","Reckless Charge","Iron Wave"],"picked":"SKIP","floor":13},{"not_picked":["Carnage","Flex","Entrench"],"picked":"SKIP","floor":14}],"player_experience":392222,"relics_obtained":[{"floor":3,"key":"PreservedInsect"},{"floor":7,"key":"Bag of Preparation"},{"floor":9,"key":"Kunai"},{"floor":10,"key":"Dodecahedron"}],"event_choices":[{"damage_healed":0,"gold_gain":0,"player_choice":"Damaged","damage_taken":8,"max_hp_gain":0,"max_hp_loss":0,"event_name":"Wheel of Change","floor":5,"gold_loss":0}],"is_beta":false,"boss_relics":[],"items_purged_floors":[2],"is_endless":false,"potions_floor_spawned":[7,14],"killed_by":"Hexaghost","ascension_level":12}