{"gold_per_floor":[116,132,307,317,327,358,358,458,481,500,500,520,532,358,358,462,462,482,188,203,203,218,218,218],"floor_reached":24,"playtime":1479,"items_purged":[],"score":240,"play_id":"508db8ea-0291-42a5-a1bf-1464fca2d990","local_time":"20190207180008","is_ascension_mode":true,"campfire_choices":[{"data":"Armaments","floor":7,"key":"SMITH"},{"data":"Metallicize","floor":11,"key":"SMITH"},{"data":"True Grit","floor":15,"key":"SMITH"},{"data":"Clothesline","floor":23,"key":"SMITH"}],"neow_cost":"NONE","seed_source_timestamp":8654631134714,"circlet_count":0,"master_deck":["Strike_R","Strike_R","Strike_R","Strike_R","Strike_R","Defend_R","Defend_R","Defend_R","Defend_R","Bash","Armaments+1","Twin Strike","Doubt","Metallicize+1","Spot Weakness","Headbutt","Searing Blow","True Grit+1","Flex","Exhume","Metallicize+1","Iron Wave","Clothesline+1","Iron Wave"],"relics":["Burning Blood","PreservedInsect","Anchor","Juzu Bracelet","Coffee Dripper","Meat on the Bone"],"potions_floor_usage":[6,6,13,16,18,20],"damage_taken":[{"damage":6,"enemies":"Cultist","floor":1,"turns":4},{"damage":11,"enemies":"Small Slimes","floor":2,"turns":4},{"damage":8,"enemies":"2 Louse","floor":4,"turns":2},{"damage":9,"enemies":"2 Fungi Beasts","floor":5,"turns":5},{"damage":29,"enemies":"Lagavulin","floor":6,"turns":5},{"damage":5,"enemies":"Blue Slaver","floor":10,"turns":5},{"damage":11,"enemies":"Gremlin Gang","floor":12,"turns":7},{"damage":0,"enemies":"2 Fungi Beasts","floor":13,"turns":3},{"damage":48,"enemies":"Hexaghost","floor":16,"turns":11},{"damage":1,"enemies":"Spheric Guardian","floor":18,"turns":3},{"damage":13,"enemies":"2 Thieves","floor":20,"turns":4},{"damage":26,"enemies":"Snecko","floor":22,"turns":9},{"damage":59,"enemies":"3 Cultists","floor":24,"turns":5}],"seed_played":"5300456434503888220","potions_obtained":[{"floor":1,"key":"SteroidPotion"},{"floor":2,"key":"Energy Potion"},{"floor":4,"key":"SkillPotion"},{"floor":12,"key":"SteroidPotion"},{"floor":13,"key":"Weak Potion"},{"floor":18,"key":"BloodPotion"},{"floor":22,"key":"LiquidBronze"}],"is_trial":false,"path_per_floor":["M","M","?","M","M","E","R","?","T","M","R","M","M","$","R","B",null,"M","$","M","?","M","R","M"],"character_chosen":"IRONCLAD","items_purchased":["Juzu Bracelet","Flex","Meat on the Bone","Iron Wave"],"campfire_rested":0,"item_purchase_floors":[14,14,19,19],"current_hp_per_floor":[80,75,75,73,70,47,47,47,47,48,48,43,49,49,49,7,80,80,80,73,58,50,50,0],"gold":218,"neow_bonus":"THREE_CARDS","is_prod":false,"is_daily":false,"chose_seed":false,"campfire_upgraded":4,"win_rate":0,"timestamp":1549558808,"path_taken":["M","M","?","M","M","E","R","?","T","M","R","?","M","$","R","BOSS","M","$","M","?","M","R","M"],"build_version":"2019-01-23","purchased_purges":0,"victory":false,"max_hp_per_floor":[80,80,80,80,80,80,80,80,80,80,80,80,80,80,80,80,80,80,80,80,85,85,85,85],"card_choices":[{"not_picked":["Battle Trance","Pommel Strike"],"picked":"Armaments","floor":0},{"not_picked":["Hemokinesis","Rage","Body Slam"],"picked":"SKIP","floor":1},{"not_picked":["Pommel Strike","Rage"],"picked":"Twin Strike","floor":2},{"not_picked":["Headbutt","Clothesline"],"picked":"Metallicize","floor":4},{"not_picked":["Dual Wield","Pommel Strike"],"picked":"Spot Weakness","floor":5},{"not_picked":["Heavy Blade","Juggernaut"],"picked":"Headbutt","floor":6},{"not_picked":["Power Through","Sword Boomerang","Headbutt"],"picked":"SKIP","floor":10},{"not_picked":["Perfected Strike","Havoc"],"picked":"Searing Blow","floor":12},{"not_picked":["Pummel","Armaments"],"picked":"True Grit","floor":13},{"not_picked":["Berserk","Brutality"],"picked":"Exhume","floor":16},{"not_picked":["Pommel Strike+1","Carnage"],"picked":"Metallicize+1","floor":18},{"not_picked":["Feel No Pain+1","Armaments"],"picked":"Clothesline","floor":20},{"not_picked":["Flex+1","Blood for Blood"],"picked":"Iron Wave","floor":22}],"player_experience":226978,"relics_obtained":[{"floor":6,"key":"PreservedInsect"},{"floor":9,"key":"Anchor"}],"event_choices":[{"damage_healed":0,"gold_gain":175,"player_choice":"AGREE","damage_taken":0,"max_hp_gain":0,"max_hp_loss":0,"event_name":"Liars Game","floor":3,"gold_loss":0,"cards_obtained":["Doubt"]},{"damage_healed":0,"gold_gain":100,"player_choice":"Pray","damage_taken":0,"max_hp_gain":0,"max_hp_loss":0,"event_name":"Golden Shrine","floor":8,"gold_loss":0},{"damage_healed":0,"gold_gain":0,"player_choice":"Shed Blood","damage_taken":20,"max_hp_gain":5,"max_hp_loss":0,"event_name":"Forgotten Altar","floor":21,"gold_loss":0}],"is_beta":false,"boss_relics":[{"not_picked":["Runic Pyramid","Black Blood"],"picked":"Coffee Dripper"}],"items_purged_floors":[],"is_endless":false,"potions_floor_spawned":[1,2,4,12,13,18,22],"killed_by":"3 Cultists","ascension_level":4}