{"path_per_floor":["M","?","?","?","M","R","E","R","T","$","M","?","E","M","R"],"character_chosen":"THE_SILENT","items_purchased":["Poisoned Stab","Blind"],"gold_per_floor":[112,187,187,137,155,155,188,188,188,36,51,51,86,109,109,109],"floor_reached":16,"campfire_rested":2,"playtime":1013,"current_hp_per_floor":[69,58,58,58,53,57,19,48,48,48,47,52,12,7,39,0],"items_purged":[],"gold":109,"score":108,"play_id":"535ee1b1-4dc7-429e-a61b-69ef422683a6","local_time":"20180321153002","is_prod":false,"is_daily":false,"is_ascension_mode":false,"campfire_upgraded":1,"timestamp":1521646202,"path_taken":["M","?","?","?","M","R","E","R","T","$","M","?","E","?","R","BOSS"],"build_version":"2018-03-20","purchased_purges":0,"victory":false,"master_deck":["Defend_G","Defend_G","Defend_G","Defend_G","Defend_G","Strike_G","Strike_G","Strike_G","Strike_G","Strike_G","Survivor","Neutralize+1","Catalyst","Underhanded Strike","Venomology","Poisoned Stab","Blind","Deadly Poison","Bullet Time","Dagger Throw"],"max_hp_per_floor":[70,70,70,70,70,70,77,77,77,77,77,82,82,82,82,82],"relics":["Eternal Feather","Golden Idol","Strawberry","Girya","Tingsha"],"card_choices":[{"not_picked":["Dodge and Roll","Unload"],"picked":"Catalyst","floor":1},{"not_picked":["Prepared","Slice"],"picked":"Underhanded Strike","floor":5},{"not_picked":["Prepared","Poisoned Stab"],"picked":"Venomology","floor":7},{"not_picked":["Flying Knee","Quick Slash"],"picked":"Deadly Poison","floor":11},{"not_picked":["Sucker Punch","Poisoned Stab"],"picked":"Bullet Time","floor":13},{"not_picked":["Distraction","Bane"],"picked":"Dagger Throw","floor":14}],"player_experience":30640,"potions_floor_usage":[13,14,16,16],"damage_taken":[{"damage":1,"enemies":"Jaw Worm","floor":1,"turns":5},{"damage":5,"enemies":"Small Slimes","floor":5,"turns":3},{"damage":45,"enemies":"3 Sentries","floor":7,"turns":17},{"damage":1,"enemies":"Cultist","floor":11,"turns":4},{"damage":40,"enemies":"Gremlin Nob","floor":13,"turns":6},{"damage":5,"enemies":"3 Louse","floor":14,"turns":3},{"damage":43,"enemies":"Slime Boss","floor":16,"turns":7}],"event_choices":[{"event_name":"World of Goop","player_choice":"Gather Gold","floor":2,"damage_taken":0},{"event_name":"Golden Idol","player_choice":"Take Wound","floor":3,"damage_taken":0},{"event_name":"The Cleric","player_choice":"Card Removal","floor":4,"damage_taken":0},{"event_name":"Big Fish","player_choice":"Donut","floor":12,"damage_taken":0}],"boss_relics":[],"potions_floor_spawned":[7],"seed_played":"3994349195998571354","killed_by":"Slime Boss","ascension_level":0,"is_trial":false}