{"gold_per_floor":[116,132,151,151,151,184,184,184,184,134,134,134,168,180,180,180],"floor_reached":16,"playtime":601,"items_purged":[],"score":173,"play_id":"a58d0812-52a8-407d-b4a9-a19783c2e593","local_time":"20190213163248","is_ascension_mode":true,"campfire_choices":[{"floor":8,"key":"REST"},{"data":"Neutralize","floor":12,"key":"SMITH"},{"floor":15,"key":"REST"}],"neow_cost":"NONE","seed_source_timestamp":6905911021710,"circlet_count":0,"master_deck":["AscendersBane","Defend_G","Defend_G+1","Defend_G","Defend_G","Defend_G+1","Strike_G","Strike_G","Strike_G","Survivor","Neutralize+1","Skewer+1","Cloak And Dagger","Regret","Infinite Blades","Burst"],"relics":["Ring of the Snake","War Paint","Turnip","Centennial Puzzle","Darkstone Periapt","Happy Flower","Juzu Bracelet"],"potions_floor_usage":[6,13],"damage_taken":[{"damage":0,"enemies":"2 Louse","floor":1,"turns":4},{"damage":4,"enemies":"Small Slimes","floor":2,"turns":4},{"damage":0,"enemies":"Jaw Worm","floor":3,"turns":5},{"damage":15,"enemies":"3 Sentries","floor":6,"turns":9},{"damage":26,"enemies":"Lagavulin","floor":13,"turns":5},{"damage":13,"enemies":"Gremlin Gang","floor":14,"turns":6},{"damage":41,"enemies":"Slime Boss","floor":16,"turns":12}],"seed_played":"4496867856821004239","potions_obtained":[{"floor":1,"key":"Strength Potion"},{"floor":3,"key":"Poison Potion"}],"is_trial":false,"path_per_floor":["M","M","M","?","?","E","?","R","T","?","?","R","E","M","R","B"],"character_chosen":"THE_SILENT","items_purchased":[],"campfire_rested":2,"item_purchase_floors":[],"current_hp_per_floor":[63,59,59,52,52,37,25,46,46,46,52,52,26,13,35,0],"gold":180,"neow_bonus":"RANDOM_COMMON_RELIC","is_prod":false,"is_daily":false,"chose_seed":false,"campfire_upgraded":1,"win_rate":0,"timestamp":1550071968,"path_taken":["M","M","M","?","?","E","?","R","T","?","?","R","E","M","R","BOSS"],"build_version":"2019-01-23","purchased_purges":0,"victory":false,"max_hp_per_floor":[70,70,70,70,70,70,70,70,70,70,76,76,76,76,76,76],"card_choices":[{"not_picked":["Deflect","Poisoned Stab"],"picked":"Skewer","floor":1},{"not_picked":["Deflect","Flying Knee","Predator"],"picked":"SKIP","floor":2},{"not_picked":["Endless Agony","Flying Knee"],"picked":"Cloak And Dagger","floor":3},{"not_picked":["Deflect","Choke","Blade Dance"],"picked":"SKIP","floor":6},{"not_picked":["Riddle With Holes","Expertise"],"picked":"Infinite Blades","floor":13},{"not_picked":["Eviscerate","Prepared"],"picked":"Burst","floor":14}],"player_experience":330743,"relics_obtained":[{"floor":6,"key":"Turnip"},{"floor":9,"key":"Darkstone Periapt"},{"floor":13,"key":"Juzu Bracelet"}],"event_choices":[{"cards_removed":["Strike_G"],"damage_healed":0,"gold_gain":0,"player_choice":"Card Removal","damage_taken":7,"max_hp_gain":0,"max_hp_loss":0,"event_name":"Golden Wing","floor":4,"gold_loss":0},{"damage_healed":0,"gold_gain":0,"player_choice":"Grow","damage_taken":0,"max_hp_gain":0,"max_hp_loss":0,"event_name":"Living Wall","floor":5,"gold_loss":0,"cards_upgraded":["Skewer"]},{"damage_healed":0,"gold_gain":0,"player_choice":"Success","damage_taken":12,"relics_obtained":["Centennial Puzzle"],"max_hp_gain":0,"max_hp_loss":0,"event_name":"Scrap Ooze","floor":7,"gold_loss":0},{"cards_removed":["Strike_G"],"damage_healed":0,"gold_gain":0,"player_choice":"Card Removal","damage_taken":0,"max_hp_gain":0,"max_hp_loss":0,"event_name":"The Cleric","floor":10,"gold_loss":50},{"damage_healed":0,"gold_gain":0,"player_choice":"Box","damage_taken":0,"relics_obtained":["Happy Flower"],"max_hp_gain":0,"max_hp_loss":0,"event_name":"Big Fish","floor":11,"gold_loss":0,"cards_obtained":["Regret"]}],"is_beta":false,"boss_relics":[],"items_purged_floors":[],"is_endless":false,"potions_floor_spawned":[1,3],"killed_by":"Slime Boss","ascension_level":12}