{"gold_per_floor":[109,4,179,129,142,176,451,451,474,485,499,499,499,524,524,524],"floor_reached":16,"playtime":609,"items_purged":[],"score":219,"play_id":"a9204b1c-40ff-4ae8-a9de-46d1c3903820","local_time":"20190205053134","is_ascension_mode":true,"campfire_choices":[{"data":"Footwork","floor":8,"key":"SMITH"},{"data":"Crippling Poison","floor":12,"key":"SMITH"},{"data":"Neutralize","floor":15,"key":"SMITH"}],"neow_cost":"NONE","seed_source_timestamp":311043584778125,"circlet_count":0,"master_deck":["AscendersBane","Defend_G","Defend_G","Defend_G","Defend_G","Defend_G","Strike_G","Strike_G","Strike_G","Strike_G","Strike_G","Survivor","Neutralize+1","Backflip","Footwork+1","Quick Slash","Blur","Escape Plan","Regret","Crippling Poison+1","Flying Knee"],"relics":["Ring of the Snake","NeowsBlessing","Pen Nib","Omamori","SsserpentHead","Smiling Mask"],"potions_floor_usage":[14,14,16],"damage_taken":[{"damage":0,"enemies":"Jaw Worm","floor":1,"turns":1},{"damage":0,"enemies":"2 Louse","floor":5,"turns":2},{"damage":0,"enemies":"Gremlin Nob","floor":6,"turns":1},{"damage":7,"enemies":"Small Slimes","floor":10,"turns":5},{"damage":14,"enemies":"Gremlin Gang","floor":11,"turns":7},{"damage":26,"enemies":"Lagavulin","floor":14,"turns":8},{"damage":37,"enemies":"Slime Boss","floor":16,"turns":12}],"seed_played":"1999535468901524624","potions_obtained":[{"floor":5,"key":"Regen Potion"},{"floor":10,"key":"SteroidPotion"},{"floor":14,"key":"Energy Potion"}],"is_trial":false,"path_per_floor":["M","$","?","?","M","E","?","R","T","M","M","R","?","E","R","B"],"character_chosen":"THE_SILENT","items_purchased":["Footwork","Quick Slash"],"campfire_rested":0,"item_purchase_floors":[2,2],"current_hp_per_floor":[63,63,63,63,63,63,63,63,63,56,42,42,42,31,31,0],"gold":524,"neow_bonus":"THREE_ENEMY_KILL","is_prod":false,"is_daily":false,"chose_seed":false,"campfire_upgraded":3,"win_rate":0,"timestamp":1549344694,"path_taken":["M","$","?","?","M","E","?","R","T","M","?","R","?","E","R","BOSS"],"build_version":"2019-01-23","purchased_purges":0,"victory":false,"max_hp_per_floor":[70,70,70,70,70,70,70,70,70,70,70,70,70,70,70,70],"card_choices":[{"not_picked":["Slice","Dagger Throw"],"picked":"Backflip","floor":1},{"not_picked":["Masterful Stab","Accuracy"],"picked":"Blur","floor":5},{"not_picked":["Bane","Slice"],"picked":"Escape Plan","floor":6},{"not_picked":["Cloak And Dagger","Reflex"],"picked":"Crippling Poison","floor":10},{"not_picked":["Dodge and Roll","Choke"],"picked":"Flying Knee","floor":11},{"not_picked":["Accuracy","Quick Slash","Deadly Poison"],"picked":"SKIP","floor":14}],"player_experience":559488,"relics_obtained":[{"floor":6,"key":"Pen Nib"},{"floor":9,"key":"Omamori"},{"floor":14,"key":"Smiling Mask"}],"event_choices":[{"damage_healed":0,"gold_gain":175,"player_choice":"AGREE","damage_taken":0,"max_hp_gain":0,"max_hp_loss":0,"event_name":"Liars Game","floor":3,"gold_loss":0,"cards_obtained":["Doubt"]},{"cards_removed":["Doubt"],"damage_healed":0,"gold_gain":0,"player_choice":"Card Removal","damage_taken":0,"max_hp_gain":0,"max_hp_loss":0,"event_name":"The Cleric","floor":4,"gold_loss":50},{"damage_healed":0,"gold_gain":275,"player_choice":"Desecrate","damage_taken":0,"max_hp_gain":0,"max_hp_loss":0,"event_name":"Golden Shrine","floor":7,"gold_loss":0,"cards_obtained":["Regret"]},{"damage_healed":0,"gold_gain":0,"player_choice":"Trade","damage_taken":0,"relics_obtained":["SsserpentHead"],"max_hp_gain":0,"max_hp_loss":0,"event_name":"FaceTrader","floor":13,"gold_loss":0}],"is_beta":true,"boss_relics":[],"items_purged_floors":[],"is_endless":false,"potions_floor_spawned":[5,10,14],"killed_by":"Slime Boss","ascension_level":13}