{"gold_per_floor":[113,38,188,201,23,23,51,51,77,107,107,125,178,178,178,254,254,270,270,281,281,556,556,566,566,615,615,633,46,59,59,59,59],"floor_reached":33,"playtime":968,"items_purged":["Doubt","Regret"],"score":522,"play_id":"bf0bd897-1f84-48b1-8bda-b54304b2e7e3","local_time":"20190202033743","is_ascension_mode":true,"campfire_choices":[{"data":"Jack Of All Trades","floor":6.0,"key":"SMITH"},{"data":"Streamline","floor":8.0,"key":"SMITH"},{"floor":11.0,"key":"REST"},{"data":"Hello World","floor":15.0,"key":"SMITH"},{"data":"Ghostly","floor":25,"key":"SMITH"},{"data":"Ghostly","floor":27,"key":"SMITH"},{"floor":32,"key":"REST"}],"neow_cost":"NONE","seed_source_timestamp":27723723042496,"circlet_count":0,"master_deck":["AscendersBane","Strike_B+1","Defend_B+1","Defend_B+1","Defend_B+1","Zap","Dualcast","Static Discharge+1","Core Surge+1","Chaos+1","Streamline+1","Auto Shields","Jack Of All Trades+1","Reinforced Body","Hello World+1","Compile Driver","Ball Lightning","All For One","Coolheaded","Stack","Ghostly+1","Ghostly+1","Ghostly+1","Ball Lightning+1","Sunder","Beam Cell","Gash"],"special_seed":0,"relics":["Astrolabe","Bag of Marbles","Anchor","Blood Vial","Juzu Bracelet","Lizard Tail","Smiling Mask","OrangePellets","Omamori","Dream Catcher"],"potions_floor_usage":[18,28,28,33],"damage_taken":[{"damage":1.0,"enemies":"Cultist","floor":1.0,"turns":2.0},{"damage":12.0,"enemies":"Jaw Worm","floor":4.0,"turns":2.0},{"damage":9.0,"enemies":"Lagavulin","floor":7.0,"turns":5.0},{"damage":12.0,"enemies":"3 Sentries","floor":10.0,"turns":6.0},{"damage":0.0,"enemies":"2 Louse","floor":12.0,"turns":2.0},{"damage":27.0,"enemies":"Gremlin Nob","floor":13.0,"turns":4.0},{"damage":24.0,"enemies":"Slime Boss","floor":16.0,"turns":4.0},{"damage":14,"enemies":"Spheric Guardian","floor":18,"turns":5},{"damage":13,"enemies":"Colosseum Slavers","floor":19,"turns":4},{"damage":25,"enemies":"Shell Parasite","floor":20,"turns":8},{"damage":2,"enemies":"Cultist and Chosen","floor":24,"turns":4},{"damage":13,"enemies":"Snecko","floor":28,"turns":7},{"damage":0,"enemies":"Centurion and Healer","floor":30,"turns":7},{"damage":24,"enemies":"Automaton","floor":33,"turns":6}],"seed_played":"-3421263738391262806","potions_obtained":[{"floor":7.0,"key":"SteroidPotion"},{"floor":10.0,"key":"SpeedPotion"},{"floor":18,"key":"Dexterity Potion"},{"floor":24,"key":"SkillPotion"},{"floor":28,"key":"Explosive Potion"}],"is_trial":false,"path_per_floor":["M","?","?","M","$","R","E","R","T","E","R","M","E","?","R","B",null,"M","?","M","?","?","?","M","R","T","R","M","$","M","?","R","B"],"character_chosen":"DEFECT","items_purchased":["Jack Of All Trades","OrangePellets","Omamori","Dream Catcher"],"campfire_rested":2,"item_purchase_floors":[5,29,29,29],"current_hp_per_floor":[63,63,63,51,51,51,42,42,42,30,51,53,28,51,51,29,61,49,38,15,15,15,15,15,15,15,15,4,4,6,6,16,17],"gold":59,"neow_bonus":"BOSS_RELIC","is_prod":false,"is_daily":false,"chose_seed":false,"campfire_upgraded":5,"win_rate":0,"timestamp":1549107463,"path_taken":["M","?","?","M","$","R","E","R","T","E","R","M","E","?","R","BOSS","M","?","M","?","?","?","M","R","T","R","M","?","M","?","R","BOSS"],"build_version":"2019-01-23","purchased_purges":2,"victory":false,"max_hp_per_floor":[71,71,71,71,71,71,71,71,71,71,71,71,71,71,71,71,71,71,71,71,35,35,35,35,35,35,35,35,35,35,35,35,35],"card_choices":[{"not_picked":["Turbo","Coolheaded"],"picked":"Streamline","floor":1.0},{"not_picked":["Leap","Steam Power"],"picked":"Auto Shields","floor":4.0},{"not_picked":["Sunder","Conserve Battery"],"picked":"Reinforced Body","floor":7.0},{"not_picked":["Glacier","Rebound"],"picked":"Hello World","floor":10.0},{"not_picked":["Amplify","Steam"],"picked":"Compile Driver","floor":12.0},{"not_picked":["Sweeping Beam","Double Energy"],"picked":"Ball Lightning","floor":13.0},{"not_picked":["Buffer","Thunder Strike"],"picked":"All For One","floor":16.0},{"not_picked":["Fusion","Streamline"],"picked":"Coolheaded","floor":18},{"not_picked":["Doom and Gloom","Ball Lightning"],"picked":"Stack","floor":20},{"not_picked":["Leap","Melter"],"picked":"Ball Lightning+1","floor":24},{"not_picked":["Lockon","Leap"],"picked":"Sunder","floor":28},{"not_picked":["Chaos","Scrape"],"picked":"Beam Cell","floor":30},{"not_picked":["Lockon","Go for the Eyes"],"picked":"Gash","floor":32}],"player_experience":1093321,"relics_obtained":[{"floor":7.0,"key":"Bag of Marbles"},{"floor":9.0,"key":"Anchor"},{"floor":10.0,"key":"Blood Vial"},{"floor":13.0,"key":"Juzu Bracelet"},{"floor":26,"key":"Smiling Mask"}],"event_choices":[{"cards_removed":["Strike_B"],"damage_healed":0.0,"max_hp_gain":0.0,"max_hp_loss":0.0,"gold_gain":0.0,"event_name":"The Cleric","player_choice":"Card Removal","floor":2.0,"gold_loss":75.0,"damage_taken":0.0},{"damage_healed":0.0,"max_hp_gain":0.0,"max_hp_loss":0.0,"gold_gain":150.0,"event_name":"Liars Game","player_choice":"AGREE","floor":3.0,"gold_loss":0.0,"damage_taken":0.0,"cards_obtained":["Doubt"]},{"damage_healed":23.0,"max_hp_gain":0.0,"max_hp_loss":0.0,"gold_gain":0.0,"event_name":"Big Fish","player_choice":"Banana","floor":14.0,"gold_loss":0.0,"damage_taken":0.0},{"damage_healed":0,"gold_gain":0,"player_choice":"Fight","damage_taken":0,"max_hp_gain":0,"max_hp_loss":0,"event_name":"Colosseum","floor":19,"gold_loss":0},{"damage_healed":0,"gold_gain":0,"player_choice":"Fled From Nobs","damage_taken":0,"max_hp_gain":0,"max_hp_loss":0,"event_name":"Colosseum","floor":19,"gold_loss":0},{"damage_healed":0,"gold_gain":0,"player_choice":"Became a Ghost","damage_taken":0,"max_hp_gain":0,"max_hp_loss":36,"event_name":"Ghosts","floor":21,"gold_loss":0,"cards_obtained":["Ghostly","Ghostly","Ghostly"]},{"damage_healed":0,"gold_gain":275,"player_choice":"Desecrate","damage_taken":0,"max_hp_gain":0,"max_hp_loss":0,"event_name":"Golden Shrine","floor":22,"gold_loss":0,"cards_obtained":["Regret"]},{"damage_healed":0,"gold_gain":0,"player_choice":"Upgraded","damage_taken":0,"max_hp_gain":0,"max_hp_loss":0,"event_name":"Upgrade Shrine","floor":23,"gold_loss":0,"cards_upgraded":["Ghostly"]},{"damage_healed":0,"gold_gain":0,"player_choice":"Simplicity","damage_taken":0,"max_hp_gain":0,"max_hp_loss":0,"event_name":"Back to Basics","floor":31,"gold_loss":0,"cards_upgraded":["Strike_B","Defend_B","Defend_B","Defend_B"]}],"is_beta":true,"boss_relics":[{"not_picked":["Pandora\u0027s Box","Nuclear Battery"],"picked":"Lizard Tail"}],"items_purged_floors":[5,29],"is_endless":false,"potions_floor_spawned":[7,10,12,18,19,24,28],"killed_by":"Automaton","ascension_level":20}