{"gold_per_floor":[114,114,39,52,62,62,74,74,74,174,194,194,252,262,262,358,358,372,372,96,113,113,145,145],"floor_reached":24,"playtime":828,"items_purged":["Strike_B","Strike_B"],"score":216,"play_id":"c3f440ff-1fcd-4a7e-8349-fa0eb3dcb2c1","local_time":"20181219210923","is_ascension_mode":false,"campfire_choices":[{"data":"Darkness","floor":6,"key":"SMITH"},{"data":"Redo","floor":8,"key":"SMITH"},{"floor":12,"key":"REST"},{"floor":15,"key":"REST"}],"neow_cost":"PERCENT_DAMAGE","seed_source_timestamp":605786532219885,"circlet_count":0,"master_deck":["Defend_B","Defend_B","Defend_B","Defend_B","Zap","Dualcast","Darkness+1","Redo+1","Hologram","Chaos","Biased Cognition+1","Magnetism+1","Rainbow","Creative AI+1"],"relics":["Cracked Core","Nunchaku","Frozen Egg 2","Sundial","Tiny Chest","Eternal Feather","Dodecahedron","Thread and Needle"],"potions_floor_usage":[7,13,18,23],"damage_taken":[{"damage":0,"enemies":"2 Louse","floor":1,"turns":2},{"damage":1,"enemies":"Cultist","floor":4,"turns":3},{"damage":0,"enemies":"Small Slimes","floor":5,"turns":4},{"damage":3,"enemies":"Exordium Thugs","floor":7,"turns":3},{"damage":12,"enemies":"Blue Slaver","floor":11,"turns":3},{"damage":10,"enemies":"Gremlin Nob","floor":13,"turns":3},{"damage":10,"enemies":"2 Fungi Beasts","floor":14,"turns":3},{"damage":20,"enemies":"Slime Boss","floor":16,"turns":8},{"damage":0,"enemies":"Spheric Guardian","floor":18,"turns":2},{"damage":19,"enemies":"3 Byrds","floor":21,"turns":4},{"damage":53,"enemies":"Book of Stabbing","floor":23,"turns":7},{"damage":9,"enemies":"Centurion and Healer","floor":24,"turns":4}],"seed_played":"1235323787668636405","potions_obtained":[{"floor":1,"key":"Fire Potion"},{"floor":11,"key":"Weak Potion"},{"floor":18,"key":"Fruit Juice"},{"floor":21,"key":"Ancient Potion"}],"is_trial":false,"path_per_floor":["M","?","$","M","M","R","M","R","T","?","M","R","E","M","R","B",null,"M","T","$","M","?","E","M"],"character_chosen":"DEFECT","items_purchased":["Magnetism+1"],"campfire_rested":2,"item_purchase_floors":[20],"current_hp_per_floor":[54,54,54,53,53,53,50,50,50,50,38,60,50,40,62,42,75,80,80,80,61,61,8,0],"gold":145,"neow_bonus":"ONE_RARE_RELIC","is_prod":false,"is_daily":false,"chose_seed":false,"campfire_upgraded":2,"win_rate":0,"timestamp":1545253763,"path_taken":["M","?","$","?","M","R","M","R","T","?","M","R","E","M","R","BOSS","M","?","$","M","?","E","M"],"build_version":"2018-12-17","purchased_purges":2,"victory":false,"max_hp_per_floor":[75,75,75,75,75,75,75,75,75,75,75,75,75,75,75,75,75,80,80,80,80,80,80,80],"card_choices":[{"not_picked":["FTL","Beam Cell"],"picked":"Darkness","floor":1},{"not_picked":["Compile Driver","Redo","Stack"],"picked":"SKIP","floor":4},{"not_picked":["Rebound","Beam Cell","Sweeping Beam"],"picked":"SKIP","floor":5},{"not_picked":["Gash","Scrape"],"picked":"Redo","floor":7},{"not_picked":["Coolheaded","Genetic Algorithm"],"picked":"Hologram","floor":11},{"not_picked":["Go for the Eyes","Hologram"],"picked":"Chaos","floor":13},{"not_picked":["Ball Lightning","Coolheaded","Beam Cell"],"picked":"SKIP","floor":14},{"not_picked":["Hyperbeam","Amplify"],"picked":"Biased Cognition+1","floor":16},{"not_picked":["Force Field+1","Reprogram+1","Gash"],"picked":"SKIP","floor":18},{"not_picked":["Genetic Algorithm","FTL","Stack"],"picked":"SKIP","floor":21},{"not_picked":["Doom and Gloom+1","Tempest","Conserve Battery"],"picked":"SKIP","floor":23}],"player_experience":346611,"relics_obtained":[{"floor":2,"key":"Frozen Egg 2"},{"floor":9,"key":"Sundial"},{"floor":13,"key":"Tiny Chest"},{"floor":19,"key":"Dodecahedron"},{"floor":23,"key":"Thread and Needle"}],"event_choices":[{"damage_healed":0,"gold_gain":0,"player_choice":"Relic","damage_taken":0,"max_hp_gain":0,"max_hp_loss":0,"event_name":"Wheel of Change","floor":2,"gold_loss":0},{"damage_healed":0,"gold_gain":100,"player_choice":"Pray","damage_taken":0,"max_hp_gain":0,"max_hp_loss":0,"event_name":"Golden Shrine","floor":10,"gold_loss":0},{"damage_healed":0,"gold_gain":0,"cards_transformed":["Strike_B","Strike_B"],"player_choice":"Became Test Subject","damage_taken":0,"max_hp_gain":0,"max_hp_loss":0,"event_name":"Drug Dealer","floor":22,"gold_loss":0,"cards_obtained":["Rainbow","Creative AI"]}],"is_beta":true,"boss_relics":[{"not_picked":["White Beast Statue","Runic Pyramid"],"picked":"Eternal Feather"}],"items_purged_floors":[3,20],"is_endless":false,"potions_floor_spawned":[1,11,18,21],"killed_by":"Centurion and Healer","ascension_level":0}