{"gold_per_floor":[113,288,238,257,63,63,90,90,117,117,137,152,169,180,180,283,283,295,295,130,150,80,80,80,112,112,112,140,155,175,188,188,291,291,311,311,326,326,341,341,356,356,403,417,448,448,448,466,466,466],"floor_reached":51,"playtime":3880,"items_purged":[],"score":702,"play_id":"f137a5ba-22c8-45df-a0b4-4bed720e68ec","local_time":"20190207225427","is_ascension_mode":true,"campfire_choices":[{"floor":6.0,"key":"RECALL"},{"floor":8.0,"key":"REST"},{"floor":15.0,"key":"REST"},{"floor":23,"key":"REST"},{"floor":27,"key":"REST"},{"floor":32,"key":"REST"},{"floor":40,"key":"REST"},{"data":"A Thousand Cuts","floor":42,"key":"SMITH"},{"floor":46,"key":"REST"},{"floor":49,"key":"REST"}],"neow_cost":"NONE","seed_source_timestamp":0,"circlet_count":0,"master_deck":["Survivor","Neutralize","Blade Dance","PiercingWail","Footwork","Glass Knife","Heel Hook","After Image+1","Crippling Poison","A Thousand Cuts+1","Infinite Blades","Dodge and Roll","Quick Slash","Deflect","Enlightenment","Corpse Explosion","Predator","Outmaneuver","Noxious Fumes","Leg Sweep","Bullet Time","Dash","Noxious Fumes","Backstab","Backflip","Caltrops","After Image","Expertise+1","Finisher+1","Terror+1","Envenom","Accuracy+1","Catalyst+1","Escape Plan+1"],"special_seed":0,"relics":["Pandora\u0027s Box","Dodecahedron","Philosopher\u0027s Stone","Mummified Hand","Bottled Flame","Centennial Puzzle","Pantograph","Vajra","Nunchaku"],"potions_floor_usage":[25,50],"damage_taken":[{"damage":9.0,"enemies":"Jaw Worm","floor":1.0,"turns":3.0},{"damage":0.0,"enemies":"Small Slimes","floor":4.0,"turns":3.0},{"damage":41.0,"enemies":"Gremlin Nob","floor":7.0,"turns":5.0},{"damage":3.0,"enemies":"2 Louse","floor":11.0,"turns":3.0},{"damage":10.0,"enemies":"Exordium Thugs","floor":12.0,"turns":3.0},{"damage":13.0,"enemies":"3 Louse","floor":13.0,"turns":3.0},{"damage":5.0,"enemies":"Gremlin Gang","floor":14.0,"turns":3.0},{"damage":28.0,"enemies":"Slime Boss","floor":16.0,"turns":9.0},{"damage":22.0,"enemies":"3 Byrds","floor":18.0,"turns":5.0},{"damage":8,"enemies":"Chosen","floor":21,"turns":6},{"damage":7,"enemies":"Slavers","floor":25,"turns":4},{"damage":11,"enemies":"Book of Stabbing","floor":28,"turns":5},{"damage":9,"enemies":"Sentry and Sphere","floor":29,"turns":4},{"damage":1,"enemies":"Centurion and Healer","floor":30,"turns":4},{"damage":0,"enemies":"3 Cultists","floor":31,"turns":2},{"damage":8,"enemies":"Champ","floor":33,"turns":10},{"damage":6,"enemies":"Orb Walker","floor":35,"turns":4},{"damage":9,"enemies":"3 Darklings","floor":37,"turns":3},{"damage":7,"enemies":"Writhing Mass","floor":39,"turns":5},{"damage":8,"enemies":"Maw","floor":41,"turns":7},{"damage":0,"enemies":"Spire Growth","floor":44,"turns":4},{"damage":22,"enemies":"Nemesis","floor":45,"turns":5},{"damage":10,"enemies":"Sphere and 2 Shapes","floor":48,"turns":5},{"damage":20,"enemies":"Awakened One","floor":50,"turns":8}],"seed_played":"4294760990814150984","potions_obtained":[{"floor":1.0,"key":"PowerPotion"},{"floor":4.0,"key":"PowerPotion"},{"floor":12.0,"key":"SpeedPotion"},{"floor":13.0,"key":"Explosive Potion"},{"floor":18.0,"key":"GhostInAJar"},{"floor":21,"key":"SteroidPotion"},{"floor":30,"key":"Regen Potion"},{"floor":31,"key":"GamblersBrew"},{"floor":45,"key":"GhostInAJar"}],"is_trial":false,"path_per_floor":["M","?","?","M","$","R","E","R","T","$","M","M","M","M","R","B",null,"M","?","$","M","$","R","?","E","T","R","E","M","M","M","R","B",null,"M","?","M","?","M","R","M","R","T","M","E","R","?","M","R","B",null],"character_chosen":"THE_SILENT","items_purchased":["Quick Slash","Deflect","Enlightenment","Noxious Fumes","Backstab","Backflip","Caltrops"],"campfire_rested":8,"item_purchase_floors":[5,5,5,20,20,20,22],"current_hp_per_floor":[61,61,61,61,61,61,20,41,41,41,38,28,15,10,31,3,70,48,48,48,40,40,61,61,54,54,70,59,50,49,49,70,62,70,64,64,55,60,53,70,62,62,62,62,40,61,61,51,70,65],"gold":466,"neow_bonus":"BOSS_RELIC","is_prod":false,"is_daily":false,"chose_seed":false,"campfire_upgraded":1,"win_rate":0,"timestamp":1549601667,"path_taken":["M","?","?","M","?","R","E","R","T","$","M","M","M","M","R","BOSS","M","?","?","M","$","R","?","E","T","R","E","?","?","M","R","BOSS","M","?","M","?","?","R","M","R","T","M","E","R","?","M","R","BOSS"],"build_version":"2019-01-23","purchased_purges":0,"victory":true,"max_hp_per_floor":[70,70,70,70,70,70,70,70,70,70,70,70,70,70,70,70,70,70,70,70,70,70,70,70,70,70,70,70,70,70,70,70,70,70,70,70,70,70,70,70,70,70,70,70,70,70,70,70,70,70],"card_choices":[{"not_picked":["All Out Attack","Reflex","Eviscerate"],"picked":"SKIP","floor":1.0},{"not_picked":["Poisoned Stab","Flying Knee"],"picked":"Dodge and Roll","floor":4.0},{"not_picked":["Prepared","Distraction"],"picked":"Corpse Explosion","floor":7.0},{"not_picked":["All Out Attack","Dodge and Roll"],"picked":"Predator","floor":11.0},{"not_picked":["Blade Dance","Quick Slash"],"picked":"Outmaneuver","floor":12.0},{"not_picked":["Skewer","Blade Dance"],"picked":"Noxious Fumes","floor":13.0},{"not_picked":["Bane","Sucker Punch"],"picked":"Leg Sweep","floor":14.0},{"not_picked":["Adrenaline","Corpse Explosion"],"picked":"Bullet Time","floor":16.0},{"not_picked":["Masterful Stab","Poisoned Stab"],"picked":"Dash","floor":18.0},{"not_picked":["Dodge and Roll+1","Leg Sweep","Slice"],"picked":"SKIP","floor":21},{"not_picked":["Underhanded Strike","Leg Sweep"],"picked":"After Image","floor":25},{"not_picked":["Distraction+1","Prepared"],"picked":"Expertise+1","floor":28},{"not_picked":["Calculated Gamble+1","Deflect"],"picked":"Finisher+1","floor":29},{"not_picked":["Predator","Quick Slash","Acrobatics+1"],"picked":"SKIP","floor":30},{"not_picked":["Sucker Punch+1","Predator"],"picked":"Terror+1","floor":31},{"not_picked":["Die Die Die","Burst"],"picked":"Envenom","floor":33},{"not_picked":["Outmaneuver","Underhanded Strike+1","Deflect+1"],"picked":"SKIP","floor":35},{"not_picked":["Sucker Punch+1","Poisoned Stab+1"],"picked":"Accuracy+1","floor":37},{"not_picked":["Eviscerate","Footwork+1","Riddle With Holes"],"picked":"SKIP","floor":39},{"not_picked":["Deflect","Bane+1"],"picked":"Catalyst+1","floor":41},{"not_picked":["Finisher","Poisoned Stab+1","Quick Slash+1"],"picked":"SKIP","floor":44},{"not_picked":["PiercingWail+1","Caltrops"],"picked":"Escape Plan+1","floor":45},{"not_picked":["Masterful Stab+1","Deflect+1","Flying Knee"],"picked":"SKIP","floor":48}],"player_experience":101030,"relics_obtained":[{"floor":7.0,"key":"Dodecahedron"},{"floor":25,"key":"Bottled Flame"},{"floor":26,"key":"Centennial Puzzle"},{"floor":28,"key":"Pantograph"},{"floor":43,"key":"Vajra"},{"floor":45,"key":"Nunchaku"}],"event_choices":[{"damage_healed":0.0,"max_hp_gain":0.0,"max_hp_loss":0.0,"gold_gain":175.0,"event_name":"Liars Game","player_choice":"AGREE","floor":2.0,"gold_loss":0.0,"damage_taken":0.0,"cards_obtained":["Doubt"]},{"cards_removed":["Doubt"],"damage_healed":0.0,"max_hp_gain":0.0,"max_hp_loss":0.0,"gold_gain":0.0,"event_name":"The Cleric","player_choice":"Card Removal","floor":3.0,"gold_loss":50.0,"damage_taken":0.0},{"damage_healed":0.0,"max_hp_gain":0.0,"max_hp_loss":0.0,"gold_gain":0.0,"event_name":"Upgrade Shrine","player_choice":"Upgraded","floor":19.0,"gold_loss":0.0,"damage_taken":0.0,"cards_upgraded":["After Image"]},{"damage_healed":0,"gold_gain":0,"player_choice":"Gave Potion","damage_taken":0,"relics_obtained":["Mummified Hand"],"max_hp_gain":0,"max_hp_loss":0,"event_name":"WeMeetAgain","floor":24,"gold_loss":0},{"damage_healed":0,"gold_gain":0,"player_choice":"Memory 1","damage_taken":0,"max_hp_gain":0,"max_hp_loss":0,"event_name":"SensoryStone","floor":36,"gold_loss":0},{"cards_removed":["Slice"],"damage_healed":5,"gold_gain":0,"player_choice":"Offered Common","damage_taken":0,"max_hp_gain":0,"max_hp_loss":0,"event_name":"Bonfire Elementals","floor":38,"gold_loss":0},{"cards_removed":["Slice"],"damage_healed":5,"gold_gain":0,"player_choice":"Offered Special","damage_taken":0,"max_hp_gain":0,"max_hp_loss":0,"event_name":"Bonfire Elementals","floor":38,"gold_loss":0},{"damage_healed":0,"gold_gain":0,"player_choice":"Ignored","damage_taken":0,"max_hp_gain":0,"max_hp_loss":0,"event_name":"Mysterious Sphere","floor":47,"gold_loss":0}],"is_beta":false,"boss_relics":[{"not_picked":["WristBlade","Orrery"],"picked":"Philosopher\u0027s Stone"},{"not_picked":["HoveringKite","Coffee Dripper","Empty Cage"]}],"items_purged_floors":[],"is_endless":false,"potions_floor_spawned":[1,4,12,13,18,21,30,31,35,41,45],"ascension_level":1}