{"gold_per_floor":[117,130,130,176,199,199,219,219,245,245,286,286,299,324,324,444,444,469,443,443,461,461,461,461],"floor_reached":24,"playtime":1066,"items_purged":[],"score":238,"play_id":"e0732632-35be-4e6a-9464-d1340e0b1e12","local_time":"20190207185526","is_ascension_mode":true,"campfire_choices":[{"data":"Armaments","floor":6,"key":"SMITH"},{"data":"Uppercut","floor":8,"key":"SMITH"},{"data":"Dual Wield","floor":10,"key":"SMITH"},{"floor":15,"key":"REST"},{"floor":23,"key":"REST"}],"neow_cost":"NONE","seed_source_timestamp":12385452658558,"circlet_count":0,"master_deck":["Strike_R","Strike_R","Strike_R","Strike_R","Strike_R","Defend_R+1","Defend_R","Defend_R","Defend_R","Bash","Brutality","Armaments+1","Dual Wield+1","Uppercut+1","Searing Blow","Sentinel+1","Exhume","Doubt","Injury","Injury","Shrug It Off"],"relics":["Burning Blood","Golden Idol","Blood Vial","Vajra","Dead Branch","Calling Bell","Mango","Mercury Hourglass","War Paint"],"potions_floor_usage":[16,16,16,19,24],"damage_taken":[{"damage":1,"enemies":"2 Louse","floor":1,"turns":2},{"damage":9,"enemies":"Jaw Worm","floor":2,"turns":3},{"damage":6,"enemies":"Cultist","floor":5,"turns":4},{"damage":22,"enemies":"Exordium Wildlife","floor":7,"turns":5},{"damage":47,"enemies":"3 Sentries","floor":11,"turns":11},{"damage":2,"enemies":"Blue Slaver","floor":13,"turns":4},{"damage":20,"enemies":"2 Fungi Beasts","floor":14,"turns":4},{"damage":32,"enemies":"Hexaghost","floor":16,"turns":11},{"damage":24,"enemies":"Chosen","floor":18,"turns":8},{"damage":26,"enemies":"2 Thieves","floor":19,"turns":5},{"damage":41,"enemies":"Cultist and Chosen","floor":21,"turns":10},{"damage":71,"enemies":"Book of Stabbing","floor":24,"turns":6}],"seed_played":"-6700055853274209612","potions_obtained":[{"floor":1,"key":"Poison Potion"},{"floor":13,"key":"PowerPotion"},{"floor":14,"key":"SpeedPotion"},{"floor":16,"key":"Block Potion"},{"floor":19,"key":"Strength Potion"},{"floor":21,"key":"Poison Potion"}],"is_trial":false,"path_per_floor":["M","M","?","T","M","R","M","R","T","R","E","T","M","M","R","B",null,"M","M","?","M","?","R","E"],"character_chosen":"IRONCLAD","items_purchased":[],"campfire_rested":2,"item_purchase_floors":[],"current_hp_per_floor":[80,77,74,74,74,74,58,58,58,58,19,19,25,13,35,11,88,70,52,44,11,40,66,0],"gold":461,"neow_bonus":"ONE_RANDOM_RARE_CARD","is_prod":false,"is_daily":false,"chose_seed":false,"campfire_upgraded":3,"win_rate":0,"timestamp":1549562126,"path_taken":["M","M","?","?","M","R","M","R","T","R","E","?","M","M","R","BOSS","M","M","?","?","?","R","E"],"build_version":"2019-01-23","purchased_purges":0,"victory":false,"max_hp_per_floor":[80,80,74,74,74,74,74,74,74,74,74,74,74,74,74,74,88,88,88,88,88,88,88,88],"card_choices":[{"not_picked":["Reckless Charge","Clothesline"],"picked":"Armaments","floor":1},{"not_picked":["Cleave","Fire Breathing"],"picked":"Dual Wield","floor":2},{"not_picked":["Dropkick","Body Slam"],"picked":"Uppercut","floor":5},{"not_picked":["Anger","Havoc","Clothesline"],"picked":"SKIP","floor":7},{"not_picked":["Hemokinesis","Uppercut","True Grit"],"picked":"SKIP","floor":11},{"not_picked":["Anger","Shrug It Off"],"picked":"Searing Blow","floor":13},{"not_picked":["True Grit","Burning Pact"],"picked":"Sentinel","floor":14},{"not_picked":["Double Tap","Berserk"],"picked":"Exhume","floor":16},{"not_picked":["Cleave","Sword Boomerang","Berserk"],"picked":"SKIP","floor":18},{"not_picked":["Perfected Strike","Cleave+1","Clothesline"],"picked":"SKIP","floor":19},{"not_picked":["Exhume","Pummel+1"],"picked":"Shrug It Off","floor":21}],"player_experience":230661,"relics_obtained":[{"floor":4,"key":"Blood Vial"},{"floor":9,"key":"Vajra"},{"floor":11,"key":"Dead Branch"},{"floor":17,"key":"Mango"},{"floor":17,"key":"Mercury Hourglass"},{"floor":17,"key":"War Paint"}],"event_choices":[{"damage_healed":0,"gold_gain":0,"player_choice":"Lose Max HP","damage_taken":0,"relics_obtained":["Golden Idol"],"max_hp_gain":0,"max_hp_loss":6,"event_name":"Golden Idol","floor":3,"gold_loss":0},{"damage_healed":0,"gold_gain":0,"player_choice":"","damage_taken":8,"max_hp_gain":0,"max_hp_loss":0,"event_name":"Knowing Skull","floor":20,"potions_obtained":[],"gold_loss":0,"cards_obtained":[]},{"damage_healed":29,"gold_gain":0,"player_choice":"Heal","damage_taken":0,"max_hp_gain":0,"max_hp_loss":0,"event_name":"The Library","floor":22,"gold_loss":0}],"is_beta":false,"boss_relics":[{"not_picked":["Pandora\u0027s Box","White Beast Statue"],"picked":"Calling Bell"}],"items_purged_floors":[],"is_endless":false,"potions_floor_spawned":[1,13,14,16,19,21],"killed_by":"Book of Stabbing","ascension_level":4}