{"gold_per_floor":[115,129,146,158,158,158,158,158,158,183,183,38,71,81,81,81],"floor_reached":16,"playtime":764,"items_purged":[],"score":193,"play_id":"10bbe5b1-d433-4e95-a84e-f7e6ed8d1b51","local_time":"20190211013621","is_ascension_mode":true,"campfire_choices":[{"data":"Chaos","floor":6,"key":"SMITH"},{"floor":8,"key":"REST"},{"floor":11,"key":"REST"},{"data":"Loop","floor":15,"key":"SMITH"}],"neow_cost":"NONE","seed_source_timestamp":1653988592208381,"circlet_count":0,"master_deck":["AscendersBane","Strike_B","Strike_B","Strike_B","Defend_B","Defend_B","Defend_B","Defend_B","Zap+1","Dualcast","Glacier","Rebound","Chaos+1","Coolheaded","Melter","Loop+1","Streamline"],"relics":["Cracked Core","Peace Pipe","Ginger","Bottled Lightning","Bronze Scales","Darkstone Periapt"],"potions_floor_usage":[4],"damage_taken":[{"damage":9,"enemies":"2 Louse","floor":1,"turns":3},{"damage":3,"enemies":"Jaw Worm","floor":2,"turns":4},{"damage":0,"enemies":"Cultist","floor":3,"turns":4},{"damage":2,"enemies":"Blue Slaver","floor":4,"turns":5},{"damage":13,"enemies":"Lagavulin","floor":10,"turns":9},{"damage":9,"enemies":"3 Sentries","floor":13,"turns":6},{"damage":4,"enemies":"Large Slime","floor":14,"turns":5},{"damage":41,"enemies":"Slime Boss","floor":16,"turns":9}],"seed_played":"-1706811193418307920","potions_obtained":[{"floor":2,"key":"SkillPotion"},{"floor":10,"key":"Energy Potion"},{"floor":14,"key":"FairyPotion"}],"is_trial":false,"path_per_floor":["M","M","M","M","?","R","?","R","T","E","R","$","E","M","R","B"],"character_chosen":"DEFECT","items_purchased":["Bronze Scales"],"campfire_rested":2,"item_purchase_floors":[12],"current_hp_per_floor":[55,52,52,50,39,39,39,60,60,47,68,68,59,55,55,14],"gold":81,"neow_bonus":"UPGRADE_CARD","is_prod":false,"is_daily":false,"chose_seed":false,"campfire_upgraded":2,"win_rate":0,"timestamp":1549816581,"path_taken":["M","M","M","M","?","R","?","R","T","E","R","$","E","M","R","BOSS"],"build_version":"2019-01-23","purchased_purges":0,"victory":false,"max_hp_per_floor":[71,71,71,71,71,71,71,71,71,71,71,71,71,71,71,71],"card_choices":[{"not_picked":["Cold Snap","Beam Cell"],"picked":"Glacier","floor":1},{"not_picked":["Barrage","Steam"],"picked":"Rebound","floor":2},{"not_picked":["Darkness","Streamline"],"picked":"Chaos","floor":3},{"not_picked":["Barrage","Lockon"],"picked":"Coolheaded","floor":4},{"not_picked":["White Noise","Hello World"],"picked":"Melter","floor":10},{"not_picked":["Storm","Compile Driver"],"picked":"Loop","floor":13},{"not_picked":["Lockon","Chill"],"picked":"Streamline","floor":14}],"player_experience":964364,"relics_obtained":[{"floor":9,"key":"Ginger"},{"floor":10,"key":"Bottled Lightning"},{"floor":13,"key":"Darkstone Periapt"}],"event_choices":[{"damage_healed":0,"gold_gain":0,"player_choice":"Success","damage_taken":11,"relics_obtained":["Peace Pipe"],"max_hp_gain":0,"max_hp_loss":0,"event_name":"Scrap Ooze","floor":5,"gold_loss":0},{"cards_removed":["Strike_B"],"damage_healed":0,"gold_gain":0,"player_choice":"Card Removal","damage_taken":0,"max_hp_gain":0,"max_hp_loss":0,"event_name":"Wheel of Change","floor":7,"gold_loss":0}],"is_beta":false,"boss_relics":[],"items_purged_floors":[],"is_endless":false,"potions_floor_spawned":[2,10,14],"killed_by":"Slime Boss","ascension_level":15}