{"path_per_floor":["M","$","?","?","M","R","E","M","T","M","$","R","E","M","R","B",null,"M","M","$","?","?","R"],"character_chosen":"DEFECT","items_purchased":["Finesse","Swift Strike"],"gold_per_floor":[117,17,17,17,27,27,60,75,75,94,19,19,47,60,60,159,159,175,157,65,65,65,65,65],"floor_reached":24,"campfire_rested":2,"playtime":1591,"current_hp_per_floor":[75,75,75,82,84,84,48,50,50,48,48,48,38,33,58,34,85,69,47,47,47,31,58,0],"items_purged":["Dualcast"],"gold":65,"score":270,"play_id":"5aee0eb2-eb6b-432f-968b-ae721361681d","local_time":"20180508212944","is_prod":false,"is_daily":false,"chose_seed":false,"is_ascension_mode":true,"campfire_upgraded":2,"timestamp":1525840184,"path_taken":["M","$","?","?","M","R","E","M","T","M","$","R","E","M","R","BOSS","M","M","$","?","?","R","E"],"build_version":"2018-05-07","seed_source_timestamp":134897884113710,"purchased_purges":1,"victory":false,"master_deck":["Strike_B","Strike_B","Strike_B","Defend_B","Defend_B","Defend_B","Defend_B","Zap","Gash+1","Finesse","Scrape+1","Beam Cell","Skim+1","Swift Strike"],"max_hp_per_floor":[75,75,75,85,85,85,85,85,85,85,85,85,85,85,85,85,85,85,85,85,85,90,90,90],"relics":["Cracked Core","Blood Vial","Pear","Pen Nib","Omamori","Du-Vu Doll","Black Star"],"card_choices":[{"not_picked":["Impulse","Buffer"],"picked":"Gash","floor":1},{"not_picked":["Cold Snap","Redo"],"picked":"Scrape","floor":5},{"not_picked":["Barrage","White Noise"],"picked":"Beam Cell","floor":14},{"not_picked":["Undo","Sweeping Beam"],"picked":"Skim","floor":18}],"player_experience":188019,"potions_floor_usage":[10,16],"damage_taken":[{"damage":0,"enemies":"Small Slimes","floor":1,"turns":2},{"damage":0,"enemies":"Jaw Worm","floor":5,"turns":3},{"damage":37,"enemies":"Lagavulin","floor":7,"turns":6},{"damage":0,"enemies":"2 Louse","floor":8,"turns":1},{"damage":4,"enemies":"Large Slime","floor":10,"turns":5},{"damage":12,"enemies":"3 Sentries","floor":13,"turns":9},{"damage":7,"enemies":"3 Louse","floor":14,"turns":3},{"damage":26,"enemies":"Slime Boss","floor":16,"turns":8},{"damage":16,"enemies":"Spheric Guardian","floor":18,"turns":4},{"damage":24,"enemies":"2 Thieves","floor":19,"turns":4},{"damage":80,"enemies":"Book of Stabbing","floor":24,"turns":5}],"event_choices":[{"event_name":"Living Wall","player_choice":"Forget","floor":3,"damage_taken":0},{"event_name":"Scrap Ooze","player_choice":"success","floor":4,"damage_taken":3},{"event_name":"Drug Dealer","player_choice":"Ignored","floor":21,"damage_taken":0},{"event_name":"Forgotten Altar","player_choice":"Shed Blood","floor":22,"damage_taken":0}],"boss_relics":[{"not_picked":["Runic Dome","Lizard Tail"],"picked":"Black Star"}],"potions_floor_spawned":[8,13],"seed_played":"733401612476563868","killed_by":"Book of Stabbing","ascension_level":4,"is_trial":false}