{"gold_per_floor":[111,34,34,34,47,75,89,109,109,121,121,46,46,76,76,154,154,172,172,185,185,116,116,216,216,216,228,228,228,246,20,20,92,92,110,110,156,31,45,45,65,75,145,163,9,27,37,53,53,53],"floor_reached":51,"playtime":3448,"items_purged":["Strike_G","Strike_G","Shame"],"score":1121,"play_id":"ec9ace17-0718-4108-bdb4-637ccfc9aba5","local_time":"20190213052102","is_ascension_mode":true,"campfire_choices":[{"floor":11.0,"key":"REST"},{"floor":13.0,"key":"REST"},{"floor":15.0,"key":"REST"},{"data":"Storm of Steel","floor":23.0,"key":"SMITH"},{"floor":29.0,"key":"REST"},{"data":"1","floor":32.0,"key":"LIFT"},{"floor":40.0,"key":"REST"},{"floor":49.0,"key":"REST"}],"neow_cost":"NONE","seed_source_timestamp":0,"circlet_count":0,"master_deck":["AscendersBane","Defend_G","Defend_G","Defend_G","Defend_G","Strike_G","Strike_G","Strike_G+1","Survivor","Neutralize+1","Footwork+1","Skewer+1","Acrobatics","Underhanded Strike","Storm of Steel+1","Leg Sweep","Eviscerate+1","Footwork+1","Underhanded Strike","Corpse Explosion","Clumsy","Writhe","Madness","Madness","Calculated Gamble","Crippling Poison","PiercingWail+1","Dodge and Roll+1","Outmaneuver+1","Doppelganger+1","Crippling Poison+1"],"special_seed":0,"relics":["Snecko Eye","Orichalcum","Singing Bowl","FossilizedHelix","Lizard Tail","Pocketwatch","Frozen Egg 2","Girya","Ninja Scroll","Calling Bell","Centennial Puzzle","Matryoshka","Prayer Wheel","Ginger","Whetstone","Toxic Egg 2","Oddly Smooth Stone"],"potions_floor_usage":[],"damage_taken":[{"damage":0.0,"enemies":"2 Louse","floor":1.0,"turns":4.0},{"damage":0.0,"enemies":"Cultist","floor":5.0,"turns":4.0},{"damage":46.0,"enemies":"Gremlin Nob","floor":6.0,"turns":5.0},{"damage":4.0,"enemies":"Small Slimes","floor":7.0,"turns":4.0},{"damage":0.0,"enemies":"Exordium Wildlife","floor":8.0,"turns":3.0},{"damage":0.0,"enemies":"3 Louse","floor":10.0,"turns":3.0},{"damage":18.0,"enemies":"Lagavulin","floor":14.0,"turns":6.0},{"damage":4.0,"enemies":"Slime Boss","floor":16.0,"turns":10.0},{"damage":11.0,"enemies":"2 Thieves","floor":18.0,"turns":4.0},{"damage":10.0,"enemies":"Chosen","floor":20.0,"turns":7.0},{"damage":11.0,"enemies":"Colosseum Slavers","floor":24.0,"turns":6.0},{"damage":3.0,"enemies":"Colosseum Nobs","floor":24.0,"turns":5.0},{"damage":0.0,"enemies":"Snake Plant","floor":27.0,"turns":3.0},{"damage":0.0,"enemies":"Snecko","floor":30.0,"turns":4.0},{"damage":52.0,"enemies":"Collector","floor":33.0,"turns":11.0},{"damage":0.0,"enemies":"3 Shapes","floor":35.0,"turns":5.0},{"damage":48.0,"enemies":"2 Orb Walkers","floor":37.0,"turns":4.0},{"damage":14.0,"enemies":"3 Darklings","floor":39.0,"turns":3.0},{"damage":31.0,"enemies":"Spire Growth","floor":41.0,"turns":5.0},{"damage":0.0,"enemies":"4 Shapes","floor":42.0,"turns":6.0},{"damage":4.0,"enemies":"Transient","floor":44.0,"turns":5.0},{"damage":19.0,"enemies":"Sphere and 2 Shapes","floor":46.0,"turns":8.0},{"damage":14.0,"enemies":"Spire Growth","floor":47.0,"turns":7.0},{"damage":0.0,"enemies":"4 Shapes","floor":48.0,"turns":4.0},{"damage":76,"enemies":"Time Eater","floor":50,"turns":16}],"seed_played":"-2546948357827887372","potions_obtained":[{"floor":5.0,"key":"Fruit Juice"},{"floor":8.0,"key":"Block Potion"},{"floor":14.0,"key":"EntropicBrew"},{"floor":16.0,"key":"LiquidBronze"},{"floor":24.0,"key":"Explosive Potion"},{"floor":30.0,"key":"Ancient Potion"},{"floor":33.0,"key":"Explosive Potion"},{"floor":37.0,"key":"FairyPotion"}],"is_trial":false,"path_per_floor":["M","$","?","?","M","E","M","M","T","M","R","$","R","E","R","B",null,"M","$","M","?","$","R","?","?","T","M","?","R","M","$","R","B",null,"M","?","?","$","M","R","M","M","T","M","$","M","M","M","R","B",null],"character_chosen":"THE_SILENT","items_purchased":["Skewer","Eviscerate","Footwork+1","Underhanded Strike","Oddly Smooth Stone"],"campfire_rested":6,"item_purchase_floors":[2,22,31,31,45],"current_hp_per_floor":[63,63,49,49,54,8,4,4,4,4,26,26,48,32,55,53,73,62,62,54,39,39,39,27,27,27,29,29,56,58,58,58,6,71,75,63,15,15,3,32,5,7,7,5,5,4,46,48,81,5],"gold":53,"neow_bonus":"BOSS_RELIC","is_prod":false,"is_daily":false,"chose_seed":false,"campfire_upgraded":1,"win_rate":0,"timestamp":1550035262,"path_taken":["M","$","?","?","M","E","M","?","T","M","R","?","R","E","R","BOSS","M","?","M","?","$","R","?","?","T","?","?","R","M","$","R","BOSS","M","?","?","$","M","R","M","M","T","M","$","M","M","M","R","BOSS"],"build_version":"2019-02-06","purchased_purges":3,"victory":true,"max_hp_per_floor":[70,70,70,70,75,75,75,75,75,75,75,75,75,77,77,79,79,79,79,81,86,86,86,88,88,88,90,90,90,92,92,92,92,92,96,96,96,96,98,98,102,104,104,106,106,108,110,112,112,112],"card_choices":[{"not_picked":["Deadly Poison","Quick Slash"],"picked":"Footwork","floor":1.0},{"not_picked":["Poisoned Stab","Bane"],"picked":"Acrobatics","floor":5.0},{"not_picked":["Bane","Acrobatics","Flying Knee"],"picked":"SKIP","floor":6.0},{"not_picked":["Endless Agony","Dagger Spray"],"picked":"Underhanded Strike","floor":7.0},{"not_picked":["Flechettes","Bane","Blade Dance"],"picked":"SKIP","floor":8.0},{"not_picked":["Bane","Sucker Punch"],"picked":"Storm of Steel","floor":10.0},{"not_picked":["Quick Slash","Noxious Fumes","Backflip"],"picked":"Singing Bowl","floor":14.0},{"not_picked":["Unload","Grand Finale","Venomology"],"picked":"Singing Bowl","floor":16.0},{"not_picked":["PiercingWail","Deadly Poison"],"picked":"Leg Sweep","floor":18.0},{"not_picked":["Acrobatics","Underhanded Strike","Eviscerate+1"],"picked":"Singing Bowl","floor":20.0},{"not_picked":["Acrobatics","Poisoned Stab","PiercingWail+1"],"picked":"Singing Bowl","floor":24.0},{"not_picked":["Underhanded Strike","Escape Plan","Grand Finale"],"picked":"Singing Bowl","floor":27.0},{"not_picked":["PiercingWail","Heel Hook","Sucker Punch"],"picked":"Singing Bowl","floor":30.0},{"not_picked":["Doppelganger","Malaise"],"picked":"Corpse Explosion","floor":33.0},{"not_picked":["Deflect+1","Dagger Throw","Concentrate"],"picked":"Singing Bowl","floor":35.0},{"not_picked":["Escape Plan+1","Acrobatics","Prepared"],"picked":"Singing Bowl","floor":35.0},{"not_picked":["Bane+1","Quick Slash"],"picked":"Calculated Gamble","floor":37.0},{"not_picked":["Infinite Blades+1","Deadly Poison+1","Glass Knife"],"picked":"Singing Bowl","floor":39.0},{"not_picked":["Setup","Outmaneuver"],"picked":"Crippling Poison","floor":39.0},{"not_picked":["Quick Slash","PiercingWail+1","Bane"],"picked":"Singing Bowl","floor":41.0},{"not_picked":["Predator+1","Bane+1","Riddle With Holes"],"picked":"Singing Bowl","floor":41.0},{"not_picked":["Deflect+1","Flying Knee","Quick Slash+1"],"picked":"Singing Bowl","floor":42.0},{"not_picked":["Distraction","Corpse Explosion"],"picked":"PiercingWail+1","floor":42.0},{"not_picked":["Deflect+1","Predator","Outmaneuver+1"],"picked":"Singing Bowl","floor":44.0},{"not_picked":["Dagger Spray","Deadly Poison+1"],"picked":"Dodge and Roll+1","floor":44.0},{"not_picked":["Slice","Deflect+1","Outmaneuver+1"],"picked":"Singing Bowl","floor":46.0},{"not_picked":["Poisoned Stab+1","Cloak And Dagger+1"],"picked":"Outmaneuver+1","floor":46.0},{"not_picked":["Poisoned Stab","Concentrate+1"],"picked":"Doppelganger+1","floor":47.0},{"not_picked":["Quick Slash","Flying Knee","Cloak And Dagger+1"],"picked":"Singing Bowl","floor":47.0},{"not_picked":["Prepared+1","Blade Dance+1"],"picked":"Crippling Poison+1","floor":48.0},{"not_picked":["Setup+1","PiercingWail+1","Prepared+1"],"picked":"Singing Bowl","floor":48.0}],"player_experience":596727,"relics_obtained":[{"floor":6.0,"key":"Orichalcum"},{"floor":9.0,"key":"Singing Bowl"},{"floor":14.0,"key":"FossilizedHelix"},{"floor":24.0,"key":"Pocketwatch"},{"floor":24.0,"key":"Frozen Egg 2"},{"floor":26.0,"key":"Ninja Scroll"},{"floor":34.0,"key":"Centennial Puzzle"},{"floor":34.0,"key":"Matryoshka"},{"floor":34.0,"key":"Prayer Wheel"},{"floor":37.0,"key":"Ginger"},{"floor":43.0,"key":"Whetstone"},{"floor":43.0,"key":"Toxic Egg 2"}],"event_choices":[{"damage_healed":0.0,"max_hp_gain":0.0,"max_hp_loss":0.0,"gold_gain":0.0,"event_name":"Shining Light","player_choice":"Entered Light","floor":3.0,"gold_loss":0.0,"damage_taken":14.0,"cards_upgraded":["Neutralize","Skewer"]},{"damage_healed":0.0,"max_hp_gain":0.0,"max_hp_loss":0.0,"gold_gain":0.0,"event_name":"Upgrade Shrine","player_choice":"Upgraded","floor":4.0,"gold_loss":0.0,"damage_taken":0.0,"cards_upgraded":["Footwork"]},{"damage_healed":0.0,"max_hp_gain":5.0,"max_hp_loss":0.0,"gold_gain":0.0,"event_name":"Forgotten Altar","player_choice":"Shed Blood","floor":21.0,"gold_loss":0.0,"damage_taken":20.0},{"damage_healed":0.0,"max_hp_gain":0.0,"max_hp_loss":0.0,"gold_gain":0.0,"event_name":"Colosseum","player_choice":"Fight","floor":24.0,"gold_loss":0.0,"damage_taken":0.0},{"damage_healed":0.0,"max_hp_gain":0.0,"max_hp_loss":0.0,"gold_gain":0.0,"event_name":"Colosseum","player_choice":"Fought Nobs","floor":24.0,"gold_loss":0.0,"damage_taken":0.0},{"damage_healed":0.0,"max_hp_gain":0.0,"max_hp_loss":0.0,"gold_gain":0.0,"event_name":"WeMeetAgain","player_choice":"Gave Potion","floor":25.0,"gold_loss":0.0,"damage_taken":0.0,"relics_obtained":["Girya"]},{"cards_removed":["Defend_G"],"damage_healed":0.0,"max_hp_gain":0.0,"max_hp_loss":0.0,"gold_gain":0.0,"event_name":"Back to Basics","player_choice":"Elegance","floor":28.0,"gold_loss":0.0,"damage_taken":0.0},{"damage_healed":0.0,"max_hp_gain":0.0,"max_hp_loss":0.0,"gold_gain":0.0,"event_name":"Winding Halls","player_choice":"Embrace Madness","floor":36.0,"gold_loss":0.0,"damage_taken":12.0,"cards_obtained":["Madness","Madness"]},{"damage_healed":0.0,"max_hp_gain":0.0,"max_hp_loss":0.0,"gold_gain":0.0,"event_name":"Mysterious Sphere","player_choice":"Fight","floor":37.0,"gold_loss":0.0,"damage_taken":0.0}],"is_beta":true,"boss_relics":[{"not_picked":["Busted Crown","WristBlade"],"picked":"Lizard Tail"},{"not_picked":["Velvet Choker","Runic Dome"],"picked":"Calling Bell"}],"items_purged_floors":[12,31,38],"is_endless":false,"potions_floor_spawned":[5,8,14,16,24,30,33,35,37,41,44],"ascension_level":13}