{"gold_per_floor":[114,129,145,145,156,156,191,191,191,203,353,353,70,100,100,171,171,181,195,195,171,191,191,222,242,269,269,287,287,301,45,45,116,166,178,178,188,69,82,82,82,98,122,122,46,46],"floor_reached":46,"playtime":2067,"items_purged":["Doubt"],"score":813,"play_id":"78bbf98f-3d9f-4c06-8880-939a53c24a8c","local_time":"20190208173633","is_ascension_mode":true,"campfire_choices":[{"data":"Beam Cell","floor":6,"key":"SMITH"},{"data":"Hyperbeam","floor":8,"key":"SMITH"},{"data":"Chaos","floor":15,"key":"SMITH"},{"floor":23,"key":"REST"},{"floor":27,"key":"REST"},{"floor":29,"key":"REST"},{"floor":32,"key":"REST"},{"data":"Static Discharge","floor":41,"key":"SMITH"},{"floor":44,"key":"REST"}],"neow_cost":"TEN_PERCENT_HP_LOSS","seed_source_timestamp":1451081246909225,"circlet_count":0,"master_deck":["AscendersBane","Strike_B+1","Strike_B+1","Strike_B+1","Strike_B+1","Defend_B+1","Defend_B+1","Defend_B+1","Defend_B+1","Zap","Dualcast","Hyperbeam+1","Rebound","Beam Cell+1","Go for the Eyes","Rip and Tear","Conserve Battery","Chaos+1","Electrodynamics","Core Surge","FTL","Leap","Ball Lightning+1","Capacitor","Undo+1","Storm+1","Blind","Self Repair","Auto Shields","Machine Learning","Hologram","Coolheaded","Static Discharge+1","Parasite","Cold Snap+1","BootSequence"],"relics":["Cracked Core","Symbiotic Virus","Mummified Hand","Cables","Nuclear Battery","Happy Flower","DataDisk","Tiny House","Meat on the Bone","Blood Vial"],"potions_floor_usage":[16,24,33,33,34,42,46],"damage_taken":[{"damage":3,"enemies":"Small Slimes","floor":1,"turns":2},{"damage":0,"enemies":"2 Louse","floor":2,"turns":1},{"damage":7,"enemies":"Jaw Worm","floor":3,"turns":3},{"damage":13,"enemies":"Gremlin Gang","floor":5,"turns":3},{"damage":6,"enemies":"Gremlin Nob","floor":7,"turns":3},{"damage":0,"enemies":"3 Louse","floor":10,"turns":1},{"damage":3,"enemies":"3 Sentries","floor":14,"turns":2},{"damage":21,"enemies":"Hexaghost","floor":16,"turns":9},{"damage":16,"enemies":"Shell Parasite","floor":18,"turns":3},{"damage":8,"enemies":"Chosen","floor":19,"turns":2},{"damage":0,"enemies":"3 Cultists","floor":22,"turns":3},{"damage":15,"enemies":"Book of Stabbing","floor":24,"turns":4},{"damage":30,"enemies":"Snake Plant","floor":25,"turns":3},{"damage":7,"enemies":"Centurion and Healer","floor":28,"turns":4},{"damage":1,"enemies":"3 Cultists","floor":30,"turns":5},{"damage":33,"enemies":"Collector","floor":33,"turns":10},{"damage":11,"enemies":"3 Darklings","floor":35,"turns":2},{"damage":0,"enemies":"3 Shapes","floor":37,"turns":2},{"damage":40,"enemies":"Writhing Mass","floor":39,"turns":6},{"damage":30,"enemies":"Sphere and 2 Shapes","floor":42,"turns":6},{"damage":55,"enemies":"Reptomancer","floor":46,"turns":3}],"seed_played":"1019669639357087112","potions_obtained":[{"floor":2,"key":"LiquidBronze"},{"floor":10,"key":"Fire Potion"},{"floor":18,"key":"AttackPotion"},{"floor":28,"key":"SpeedPotion"},{"floor":33,"key":"Fire Potion"},{"floor":34,"key":"Fruit Juice"},{"floor":35,"key":"Weak Potion"},{"floor":39,"key":"Dexterity Potion"},{"floor":42,"key":"SpeedPotion"}],"is_trial":false,"path_per_floor":["M","M","M","$","M","R","E","R","T","M","?","?","$","E","R","B",null,"M","M","?","$","M","R","E","M","T","R","M","R","M","$","R","B",null,"M","?","M","$","M","?","R","M","T","R","$","E"],"character_chosen":"DEFECT","items_purchased":["Chaos","Electrodynamics","Ball Lightning","Blind","Self Repair","Auto Shields","Coolheaded","Static Discharge","BootSequence"],"campfire_rested":5,"item_purchase_floors":[13,13,21,31,31,31,38,38,45],"current_hp_per_floor":[61,61,54,54,41,41,35,35,35,35,35,35,35,32,32,11,51,35,27,27,27,27,46,31,1,1,20,13,32,31,31,50,24,64,60,60,60,60,39,39,39,28,28,50,50,0],"gold":46,"neow_bonus":"THREE_RARE_CARDS","is_prod":false,"is_daily":false,"chose_seed":false,"campfire_upgraded":4,"win_rate":0,"timestamp":1549614993,"path_taken":["M","M","M","$","M","R","E","R","T","M","?","?","$","E","R","BOSS","M","M","?","$","M","R","E","M","T","R","M","R","M","$","R","BOSS","M","?","?","$","M","?","R","M","T","R","$","E"],"build_version":"2019-01-23","purchased_purges":1,"victory":false,"max_hp_per_floor":[64,64,64,64,64,64,64,64,64,64,64,64,64,64,64,64,64,64,64,64,64,64,64,64,64,64,64,64,64,64,64,64,64,74,74,74,74,74,74,74,74,74,74,74,74,74],"card_choices":[{"not_picked":["All For One","Meteor Strike"],"picked":"Hyperbeam","floor":0},{"not_picked":["Go for the Eyes","Streamline"],"picked":"Rebound","floor":1},{"not_picked":["Capacitor","Compile Driver"],"picked":"Beam Cell","floor":2},{"not_picked":["Beam Cell","Turbo"],"picked":"Go for the Eyes","floor":3},{"not_picked":["Steam","Beam Cell"],"picked":"Rip and Tear","floor":5},{"not_picked":["Turbo","Streamline","Beam Cell"],"picked":"SKIP","floor":7},{"not_picked":["Turbo","Streamline","Beam Cell"],"picked":"SKIP","floor":7},{"not_picked":["Melter","Rebound"],"picked":"Conserve Battery","floor":10},{"not_picked":["Doom and Gloom","Scrape","Sweeping Beam"],"picked":"SKIP","floor":14},{"not_picked":["Buffer","Thunder Strike"],"picked":"Core Surge","floor":16},{"not_picked":["Darkness","Sweeping Beam"],"picked":"FTL","floor":18},{"not_picked":["Conserve Battery","Chaos"],"picked":"Leap","floor":19},{"not_picked":["Sunder","Recycle","Go for the Eyes"],"picked":"SKIP","floor":22},{"not_picked":["Beam Cell","Heatsinks"],"picked":"Capacitor","floor":24},{"not_picked":["Beam Cell","Recycle"],"picked":"Undo+1","floor":25},{"not_picked":["Streamline","Beam Cell"],"picked":"Storm+1","floor":28},{"not_picked":["Cold Snap","White Noise"],"picked":"Coolheaded","floor":30},{"not_picked":["Multi-Cast","Rainbow"],"picked":"Machine Learning","floor":33},{"not_picked":["Leap","Melter"],"picked":"Hologram","floor":35},{"not_picked":["Compile Driver","Melter+1","Undo"],"picked":"SKIP","floor":37},{"not_picked":["Doom and Gloom","Skim","Sweeping Beam"],"picked":"SKIP","floor":39},{"not_picked":["Rebound","Redo"],"picked":"Cold Snap+1","floor":42}],"player_experience":931919,"relics_obtained":[{"floor":7,"key":"Symbiotic Virus"},{"floor":9,"key":"Mummified Hand"},{"floor":14,"key":"Cables"},{"floor":24,"key":"Happy Flower"},{"floor":26,"key":"DataDisk"},{"floor":43,"key":"Blood Vial"}],"event_choices":[{"damage_healed":0,"gold_gain":150,"player_choice":"AGREE","damage_taken":0,"max_hp_gain":0,"max_hp_loss":0,"event_name":"Liars Game","floor":11,"gold_loss":0,"cards_obtained":["Doubt"]},{"damage_healed":0,"gold_gain":0,"player_choice":"Fled","damage_taken":0,"max_hp_gain":0,"max_hp_loss":0,"event_name":"Scrap Ooze","floor":12,"gold_loss":0},{"damage_healed":0,"gold_gain":0,"player_choice":"Simplicity","damage_taken":0,"max_hp_gain":0,"max_hp_loss":0,"event_name":"Back to Basics","floor":20,"gold_loss":0,"cards_upgraded":["Strike_B","Strike_B","Strike_B","Strike_B","Defend_B","Defend_B","Defend_B","Defend_B"]},{"damage_healed":0,"gold_gain":0,"player_choice":"Gave Potion","damage_taken":0,"relics_obtained":["Meat on the Bone"],"max_hp_gain":0,"max_hp_loss":0,"event_name":"WeMeetAgain","floor":36,"gold_loss":0},{"cards_removed":["Coolheaded"],"damage_healed":0,"gold_gain":0,"player_choice":"Removed Skill","damage_taken":0,"max_hp_gain":0,"max_hp_loss":0,"event_name":"Falling","floor":40,"gold_loss":0}],"is_beta":false,"boss_relics":[{"not_picked":["Astrolabe","Busted Crown"],"picked":"Nuclear Battery"},{"not_picked":["Pandora\u0027s Box","Sozu"],"picked":"Tiny House"}],"items_purged_floors":[13],"is_endless":false,"potions_floor_spawned":[2,10,14,18,28,33,35,39,42],"killed_by":"Reptomancer","ascension_level":15}