{"gold_per_floor":[116,116,41,41,41,98,98,124,124,24,34,44,77,91,91,91],"floor_reached":16,"playtime":261,"items_purged":["Defend_R","Defend_R"],"score":124,"play_id":"3195c7e9-5ca1-40fc-9356-a65fba3b5938","local_time":"20190202144302","is_ascension_mode":true,"campfire_choices":[{"data":"Bash","floor":7,"key":"SMITH"},{"floor":15,"key":"REST"}],"neow_cost":"NONE","seed_source_timestamp":44120476349818,"circlet_count":0,"master_deck":["Strike_R","Strike_R","Strike_R","Strike_R","Strike_R","Defend_R","Bash+1","Inflame"],"relics":["Eternal Feather","Paper Frog","Tiny Chest","Shuriken","Potion Belt","Blue Candle"],"potions_floor_usage":[13,16],"damage_taken":[{"damage":0,"enemies":"Small Slimes","floor":1,"turns":3},{"damage":15,"enemies":"Gremlin Nob","floor":6,"turns":4},{"damage":31,"enemies":"Lagavulin","floor":8,"turns":5},{"damage":0,"enemies":"2 Louse","floor":11,"turns":2},{"damage":1,"enemies":"Cultist","floor":12,"turns":3},{"damage":14,"enemies":"Gremlin Nob","floor":13,"turns":3},{"damage":15,"enemies":"Looter","floor":14,"turns":3},{"damage":34,"enemies":"The Guardian","floor":16,"turns":7}],"seed_played":"-6948484456961396758","potions_obtained":[{"floor":11,"key":"SteroidPotion"},{"floor":14,"key":"SpeedPotion"}],"is_trial":false,"path_per_floor":["M","?","$","?","?","E","R","E","T","$","M","M","E","M","R","B"],"character_chosen":"IRONCLAD","items_purchased":[],"campfire_rested":1,"item_purchase_floors":[],"current_hp_per_floor":[80,77,77,77,77,62,65,34,34,34,34,33,19,4,31,0],"gold":91,"neow_bonus":"BOSS_RELIC","is_prod":false,"is_daily":false,"chose_seed":false,"campfire_upgraded":1,"win_rate":0,"timestamp":1549147382,"path_taken":["M","?","$","?","?","E","R","E","T","$","M","M","E","?","R","BOSS"],"build_version":"2019-01-23","purchased_purges":2,"victory":false,"max_hp_per_floor":[80,80,80,80,80,80,80,80,80,80,80,80,80,80,80,80],"card_choices":[{"not_picked":["Shrug It Off","Heavy Blade","Twin Strike"],"picked":"SKIP","floor":6},{"not_picked":["Entrench","Wild Strike","Spot Weakness"],"picked":"SKIP","floor":8},{"not_picked":["Blood for Blood","True Grit","Uppercut"],"picked":"SKIP","floor":11},{"not_picked":["Metallicize","Combust","Cleave"],"picked":"SKIP","floor":12},{"not_picked":["Sword Boomerang","Seeing Red","Thunderclap"],"picked":"SKIP","floor":14}],"player_experience":1104092,"relics_obtained":[{"floor":6,"key":"Tiny Chest"},{"floor":8,"key":"Shuriken"},{"floor":9,"key":"Potion Belt"},{"floor":13,"key":"Blue Candle"}],"event_choices":[{"damage_healed":0,"gold_gain":0,"player_choice":"Success","damage_taken":3,"relics_obtained":["Paper Frog"],"max_hp_gain":0,"max_hp_loss":0,"event_name":"Scrap Ooze","floor":2,"gold_loss":0},{"damage_healed":0,"gold_gain":0,"player_choice":"Leave","damage_taken":0,"max_hp_gain":0,"max_hp_loss":0,"event_name":"The Cleric","floor":4,"gold_loss":0},{"damage_healed":0,"gold_gain":0,"cards_transformed":["Defend_R"],"player_choice":"Transformed","damage_taken":0,"max_hp_gain":0,"max_hp_loss":0,"event_name":"Transmorgrifier","floor":5,"gold_loss":0,"cards_obtained":["Inflame"]}],"is_beta":true,"boss_relics":[],"items_purged_floors":[3,10],"is_endless":false,"potions_floor_spawned":[11,14],"killed_by":"The Guardian","ascension_level":1}