{"path_per_floor":["M","$","M","$","M","E","R","?","T","M","R","T","$","M","R","B",null,"M","$","M","?","T","E","R","?","T","M","?","R","?","M","R"],"character_chosen":"DEFECT","items_purchased":["Chaos","Thinking Ahead"],"gold_per_floor":[115,40,51,11,26,56,56,131,185,196,196,196,96,106,106,207,207,223,21,38,38,65,94,94,94,94,109,109,109,109,122,122,122],"floor_reached":33,"campfire_rested":3,"playtime":1106,"current_hp_per_floor":[73,73,73,73,72,52,52,41,41,33,33,33,33,18,40,37,75,65,65,65,65,65,18,40,40,40,34,34,56,56,56,56,0],"items_purged":["Defend_B","Strike_B"],"gold":122,"score":263,"play_id":"a6523210-7287-473a-b7ba-706a1462267a","local_time":"20180503150543","is_prod":false,"is_daily":false,"chose_seed":false,"is_ascension_mode":false,"campfire_upgraded":3,"timestamp":1525385143,"path_taken":["M","$","M","$","M","E","R","?","T","M","R","?","?","M","R","BOSS","M","$","M","?","?","E","R","?","T","M","?","R","?","M","R","BOSS"],"build_version":"2018-05-02","seed_source_timestamp":1371334338753513,"purchased_purges":2,"victory":false,"master_deck":["Strike_B","Strike_B","Strike_B","Defend_B","Defend_B","Zap+1","Dualcast","Thunder Strike","Auto Shields","Chaos+1","Tempest","FTL","Consume","Thinking Ahead+1","BootSequence"],"max_hp_per_floor":[75,75,75,75,75,75,75,75,75,75,75,75,75,75,75,75,75,75,75,75,75,75,75,75,75,75,75,75,75,75,75,75,75],"relics":["Cracked Core","Prayer Wheel","Tiny Chest","Anchor","Runic Pyramid","Juzu Bracelet","Dream Catcher","Ornamental Fan"],"card_choices":[{"not_picked":["Coolheaded","Chill"],"picked":"Auto Shields","floor":1},{"not_picked":["Auto Shields","Defragment"],"picked":"Tempest","floor":5},{"not_picked":["Axe Kick","Leap"],"picked":"FTL","floor":9},{"not_picked":["Ball Lightning","Heatsinks"],"picked":"Consume","floor":10},{"not_picked":["Capacitor","Axe Kick"],"picked":"BootSequence","floor":29}],"player_experience":144681,"potions_floor_usage":[16,18,31,31,33],"damage_taken":[{"damage":2,"enemies":"2 Louse","floor":1,"turns":2},{"damage":0,"enemies":"Jaw Worm","floor":3,"turns":3},{"damage":1,"enemies":"Cultist","floor":5,"turns":3},{"damage":20,"enemies":"Lagavulin","floor":6,"turns":5},{"damage":8,"enemies":"Looter","floor":10,"turns":3},{"damage":15,"enemies":"Exordium Wildlife","floor":14,"turns":3},{"damage":15,"enemies":"Slime Boss","floor":16,"turns":6},{"damage":10,"enemies":"2 Thieves","floor":18,"turns":4},{"damage":0,"enemies":"Spheric Guardian","floor":20,"turns":3},{"damage":47,"enemies":"Gremlin Leader","floor":23,"turns":6},{"damage":6,"enemies":"Chosen and Byrds","floor":27,"turns":6},{"damage":0,"enemies":"Snecko","floor":31,"turns":3},{"damage":68,"enemies":"Collector","floor":33,"turns":10}],"event_choices":[{"event_name":"World of Goop","player_choice":"Gather Gold","floor":8,"damage_taken":0},{"event_name":"Bonfire Elementals","player_choice":"BASIC","floor":21,"damage_taken":0},{"event_name":"The Lab","player_choice":"Got Potions","floor":25,"damage_taken":0},{"event_name":"Vampires","player_choice":"Ignored","floor":28,"damage_taken":0},{"event_name":"Ghosts","player_choice":"Ignored","floor":30,"damage_taken":0}],"boss_relics":[{"not_picked":["Eternal Feather","Velvet Choker"],"picked":"Runic Pyramid"}],"potions_floor_spawned":[1,10,23],"seed_played":"8531455040377535089","killed_by":"Collector","ascension_level":0,"is_trial":false}