{"gold_per_floor":[11,11,30,30,30,43,43,56,56,99,111,148,172,200,212,298,310,311,323,335,262,274,286,308,320,332,355,367,391,436,465,477,489],"floor_reached":33,"playtime":1288,"items_purged":[],"score":457,"play_id":"ff80822a-1b69-4317-9ed8-41a17f76ec05","local_time":"20190130214112","is_ascension_mode":true,"campfire_choices":[{"data":"Anger","floor":11,"key":"SMITH"},{"floor":15,"key":"REST"},{"data":"Flex","floor":23,"key":"SMITH"},{"floor":25,"key":"REST"},{"data":"Bash","floor":28,"key":"SMITH"},{"data":"Defend_R","floor":32,"key":"SMITH"}],"neow_cost":"NO_GOLD","seed_source_timestamp":1747023277929124,"circlet_count":0,"master_deck":["AscendersBane","Strike_R","Defend_R+1","Defend_R","Bash+1","Headbutt","Clash","Anger+1","Flex+1","Shockwave+1","Disarm+1","Reaper","Sever Soul+1","Warcry+1","Battle Trance+1","Warcry+1","Decay","Necronomicurse","Ghostly Armor+1","Infernal Blade+1","Sentinel+1","True Grit+1"],"relics":["Burning Blood","MawBank","Toxic Egg 2","Blue Candle","Astrolabe","Necronomicon","Sundial","Ornamental Fan","Singing Bowl"],"potions_floor_usage":[12,12,16,18],"damage_taken":[{"damage":0,"enemies":"Small Slimes","floor":1,"turns":3},{"damage":1,"enemies":"Cultist","floor":3,"turns":3},{"damage":7,"enemies":"2 Louse","floor":6,"turns":3},{"damage":7,"enemies":"Looter","floor":8,"turns":3},{"damage":32,"enemies":"Gremlin Nob","floor":10,"turns":4},{"damage":10,"enemies":"Lagavulin","floor":12,"turns":5},{"damage":15,"enemies":"Large Slime","floor":13,"turns":5},{"damage":12,"enemies":"Exordium Wildlife","floor":14,"turns":2},{"damage":39,"enemies":"Hexaghost","floor":16,"turns":8},{"damage":34,"enemies":"2 Thieves","floor":18,"turns":4},{"damage":19,"enemies":"Shell Parasite","floor":24,"turns":4},{"damage":5,"enemies":"Chosen and Byrds","floor":27,"turns":3},{"damage":26,"enemies":"Shelled Parasite and Fungi","floor":29,"turns":4},{"damage":30,"enemies":"Book of Stabbing","floor":30,"turns":6},{"damage":18,"enemies":"Snake Plant","floor":31,"turns":3},{"damage":97,"enemies":"Collector","floor":33,"turns":11}],"seed_played":"6162425798669148897","potions_obtained":[{"floor":1,"key":"Energy Potion"},{"floor":3,"key":"Strength Potion"},{"floor":13,"key":"Energy Potion"},{"floor":14,"key":"AttackPotion"},{"floor":31,"key":"LiquidBronze"}],"is_trial":false,"path_per_floor":["M","?","M","$","?","M","$","M","T","E","R","E","M","M","R","B",null,"M","?","?","?","?","R","M","R","T","M","R","M","E","M","R","B"],"character_chosen":"IRONCLAD","items_purchased":[],"campfire_rested":2,"item_purchase_floors":[],"current_hp_per_floor":[78,78,80,80,80,79,79,78,78,52,52,48,39,33,57,24,66,56,56,40,40,40,40,32,56,56,80,80,80,74,67,67,0],"gold":489,"neow_bonus":"REMOVE_TWO","is_prod":false,"is_daily":false,"chose_seed":false,"campfire_upgraded":4,"win_rate":0,"timestamp":1548884472,"path_taken":["M","?","?","$","?","M","$","M","T","E","R","E","M","M","R","BOSS","M","?","?","?","?","R","M","R","T","M","R","M","E","?","R","BOSS"],"build_version":"2019-01-23","purchased_purges":0,"victory":false,"max_hp_per_floor":[80,80,80,80,80,80,80,80,80,80,80,80,80,80,80,80,80,80,80,80,80,80,80,80,80,80,80,80,80,82,82,82,82],"card_choices":[{"not_picked":["Intimidate","Clothesline"],"picked":"Headbutt","floor":1},{"not_picked":["Thunderclap","Body Slam"],"picked":"Clash","floor":3},{"not_picked":["Dropkick","Second Wind"],"picked":"Anger","floor":6},{"not_picked":["Whirlwind","Iron Wave"],"picked":"Flex","floor":8},{"not_picked":["Fire Breathing","Body Slam"],"picked":"Shockwave","floor":10},{"not_picked":["Clash","Pummel"],"picked":"Disarm+1","floor":12},{"not_picked":["Flex+1","Clothesline","Clash"],"picked":"SKIP","floor":13},{"not_picked":["Anger","Pommel Strike","Thunderclap"],"picked":"SKIP","floor":14},{"not_picked":["Dark Embrace","Offering+1"],"picked":"Reaper","floor":16},{"not_picked":["Anger","Headbutt"],"picked":"Warcry+1","floor":18},{"not_picked":["Burning Pact+1","Wild Strike"],"picked":"Ghostly Armor+1","floor":24},{"not_picked":["Thunderclap","Pommel Strike+1"],"picked":"Infernal Blade+1","floor":27},{"not_picked":["Clash","Armaments+1"],"picked":"Sentinel+1","floor":29},{"not_picked":["Immolate","Hemokinesis+1","Headbutt+1"],"picked":"Singing Bowl","floor":30},{"not_picked":["Blood for Blood","Whirlwind"],"picked":"True Grit+1","floor":31}],"player_experience":530662,"relics_obtained":[{"floor":9,"key":"MawBank"},{"floor":10,"key":"Toxic Egg 2"},{"floor":12,"key":"Blue Candle"},{"floor":20,"key":"Necronomicon"},{"floor":26,"key":"Ornamental Fan"},{"floor":30,"key":"Singing Bowl"}],"event_choices":[{"cards_removed":["Strike_R"],"damage_healed":0,"gold_gain":0,"player_choice":"Purged","damage_taken":0,"max_hp_gain":0,"max_hp_loss":0,"event_name":"Purifier","floor":2,"gold_loss":0},{"damage_healed":0,"gold_gain":0,"player_choice":"Leave","damage_taken":0,"max_hp_gain":0,"max_hp_loss":0,"event_name":"The Cleric","floor":5,"gold_loss":0},{"damage_healed":0,"gold_gain":0,"player_choice":"Smashed Altar","damage_taken":0,"max_hp_gain":0,"max_hp_loss":0,"event_name":"Forgotten Altar","floor":19,"gold_loss":0,"cards_obtained":["Decay"]},{"damage_healed":0,"gold_gain":0,"player_choice":"Obtained Book","damage_taken":16,"max_hp_gain":0,"max_hp_loss":0,"event_name":"Cursed Tome","floor":20,"gold_loss":0},{"damage_healed":0,"gold_gain":0,"player_choice":"Obtained Relic","damage_taken":0,"relics_obtained":["Sundial"],"max_hp_gain":0,"max_hp_loss":0,"event_name":"Addict","floor":21,"gold_loss":85},{"damage_healed":0,"gold_gain":0,"player_choice":"Ignored","damage_taken":0,"max_hp_gain":0,"max_hp_loss":0,"event_name":"Vampires","floor":22,"gold_loss":0}],"is_beta":true,"boss_relics":[{"not_picked":["Black Star","Busted Crown"],"picked":"Astrolabe"}],"items_purged_floors":[],"is_endless":false,"potions_floor_spawned":[1,3,6,13,14,31],"killed_by":"Collector","ascension_level":13}