{"gold_per_floor":[115,45,120,135,85,120,120,149,149,164,144,170,234,245,245,245],"floor_reached":16,"playtime":541,"items_purged":[],"score":239,"play_id":"fe656198-155c-4929-b142-816f5c64d4e4","local_time":"20190129221420","is_ascension_mode":true,"campfire_choices":[{"data":"Armaments","floor":7,"key":"SMITH"},{"data":"Body Slam","floor":15,"key":"SMITH"}],"neow_cost":"NONE","seed_source_timestamp":1663354539681171,"circlet_count":0,"master_deck":["AscendersBane","Strike_R","Strike_R","Strike_R","Strike_R","Defend_R","Defend_R","Defend_R","Defend_R","Bash","Body Slam+1","Evolve","Armaments+1","Rage","Power Through","Iron Wave","Flame Barrier","Burning Pact","Intimidate"],"relics":["Burning Blood","NeowsBlessing","Paper Frog","Darkstone Periapt","Happy Flower","Orichalcum","Regal Pillow"],"potions_floor_usage":[8,8,13,13],"damage_taken":[{"damage":0,"enemies":"2 Louse","floor":1,"turns":1},{"damage":0,"enemies":"Small Slimes","floor":4,"turns":1},{"damage":0,"enemies":"Gremlin Nob","floor":6,"turns":1},{"damage":26,"enemies":"Lagavulin","floor":8,"turns":6},{"damage":6,"enemies":"Jaw Worm","floor":10,"turns":3},{"damage":9,"enemies":"Exordium Thugs","floor":11,"turns":5},{"damage":23,"enemies":"Gremlin Nob","floor":12,"turns":5},{"damage":23,"enemies":"Gremlin Nob","floor":13,"turns":5},{"damage":0,"enemies":"Blue Slaver","floor":14,"turns":4},{"damage":29,"enemies":"The Guardian","floor":16,"turns":7}],"seed_played":"8473098082454882729","potions_obtained":[{"floor":1,"key":"Poison Potion"},{"floor":6,"key":"Strength Potion"},{"floor":8,"key":"SpeedPotion"},{"floor":12,"key":"Poison Potion"}],"is_trial":false,"path_per_floor":["M","$","?","M","?","E","R","E","T","M","M","E","?","M","R","B"],"character_chosen":"IRONCLAD","items_purchased":["Evolve"],"campfire_rested":0,"item_purchase_floors":[2],"current_hp_per_floor":[78,78,67,73,73,79,79,59,59,59,56,39,22,28,28,0],"gold":245,"neow_bonus":"THREE_ENEMY_KILL","is_prod":false,"is_daily":false,"chose_seed":false,"campfire_upgraded":2,"win_rate":0,"timestamp":1548800060,"path_taken":["M","$","?","M","?","E","R","E","T","M","M","E","?","?","R","BOSS"],"build_version":"2019-01-23","purchased_purges":0,"victory":false,"max_hp_per_floor":[80,80,80,80,80,80,80,80,80,80,80,80,80,80,80,80],"card_choices":[{"not_picked":["Dropkick","Perfected Strike"],"picked":"Body Slam","floor":1},{"not_picked":["Sentinel","Ghostly Armor"],"picked":"Armaments","floor":4},{"not_picked":["Infernal Blade","Warcry"],"picked":"Rage","floor":6},{"not_picked":["Havoc","Body Slam"],"picked":"Power Through","floor":8},{"not_picked":["Cleave","Twin Strike"],"picked":"Iron Wave","floor":10},{"not_picked":["Rupture","Havoc","Hemokinesis"],"picked":"SKIP","floor":11},{"not_picked":["Havoc","Impervious"],"picked":"Flame Barrier","floor":12},{"not_picked":["Sentinel","Hemokinesis"],"picked":"Burning Pact","floor":13},{"not_picked":["Anger","Iron Wave"],"picked":"Intimidate","floor":14}],"player_experience":524032,"relics_obtained":[{"floor":6,"key":"Paper Frog"},{"floor":8,"key":"Darkstone Periapt"},{"floor":9,"key":"Happy Flower"},{"floor":12,"key":"Orichalcum"},{"floor":13,"key":"Regal Pillow"}],"event_choices":[{"damage_healed":0,"gold_gain":75,"player_choice":"Gather Gold","damage_taken":11,"max_hp_gain":0,"max_hp_loss":0,"event_name":"World of Goop","floor":3,"gold_loss":0},{"cards_removed":["Strike_R"],"damage_healed":0,"gold_gain":0,"player_choice":"Card Removal","damage_taken":0,"max_hp_gain":0,"max_hp_loss":0,"event_name":"The Cleric","floor":5,"gold_loss":50},{"damage_healed":0,"gold_gain":0,"player_choice":"Searched \u00271\u0027 times","damage_taken":0,"max_hp_gain":0,"max_hp_loss":0,"event_name":"Dead Adventurer","floor":13,"gold_loss":0}],"is_beta":true,"boss_relics":[],"items_purged_floors":[],"is_endless":false,"potions_floor_spawned":[1,6,8,12],"killed_by":"The Guardian","ascension_level":13}