{"gold_per_floor":[119,269,288,363,12,44,44,44,69,134,45,45,60,95,95,170,170,185,185,43,43,43,43,58,58,58,58,71,71,87,107,107,107],"floor_reached":33,"playtime":832,"items_purged":["Doubt","Strike_R"],"score":622,"play_id":"161c4fd9-c9ec-4e76-8f91-fe0961969ae4","local_time":"20190213211633","is_ascension_mode":true,"campfire_choices":[{"data":"Bash","floor":7,"key":"SMITH"},{"floor":12,"key":"REST"},{"data":"Sword Boomerang","floor":15,"key":"SMITH"},{"data":"RitualDagger","floor":23,"key":"SMITH"},{"data":"Inflame","floor":25,"key":"SMITH"},{"floor":29,"key":"REST"},{"floor":32,"key":"REST"}],"neow_cost":"NONE","seed_source_timestamp":15407795087700,"circlet_count":0,"master_deck":["AscendersBane","Strike_R","Strike_R","Strike_R","Defend_R","Defend_R","Defend_R","Defend_R","Bash+1","Sword Boomerang+1","Panacea","Pummel","Exhume","Sword Boomerang","Inflame+1","RitualDagger+1","Ghostly Armor"],"relics":["Burning Blood","PreservedInsect","Bag of Preparation","Regal Pillow","Tiny Chest","Lantern","Sozu","The Courier","Happy Flower"],"potions_floor_usage":[10,16,16,24],"damage_taken":[{"damage":12,"enemies":"Small Slimes","floor":1,"turns":3},{"damage":18,"enemies":"Cultist","floor":3,"turns":5},{"damage":8,"enemies":"Gremlin Nob","floor":6,"turns":3},{"damage":25,"enemies":"Lagavulin","floor":10,"turns":4},{"damage":5,"enemies":"2 Louse","floor":13,"turns":3},{"damage":30,"enemies":"Gremlin Nob","floor":14,"turns":4},{"damage":0,"enemies":"Slime Boss","floor":16,"turns":4},{"damage":18,"enemies":"Chosen","floor":18,"turns":5},{"damage":1,"enemies":"Spheric Guardian","floor":24,"turns":3},{"damage":57,"enemies":"Snake Plant","floor":28,"turns":5},{"damage":19,"enemies":"Cultist and Chosen","floor":30,"turns":4},{"damage":17,"enemies":"Centurion and Healer","floor":31,"turns":4},{"damage":68,"enemies":"Collector","floor":33,"turns":7}],"seed_played":"7189188969466427103","potions_obtained":[{"floor":6,"key":"Fire Potion"},{"floor":10,"key":"PowerPotion"},{"floor":16,"key":"Swift Potion"}],"is_trial":false,"path_per_floor":["M","?","M","?","$","E","R","?","T","E","$","R","M","E","R","B",null,"M","T","$","?","?","R","M","R","T","$","M","R","M","M","R","B"],"character_chosen":"IRONCLAD","items_purchased":["PreservedInsect","SteroidPotion","SteroidPotion","Panacea","Inflame"],"campfire_rested":3,"item_purchase_floors":[5,5,5,11,20],"current_hp_per_floor":[69,69,57,46,46,44,44,44,44,25,25,64,65,41,41,47,73,61,61,61,55,55,55,60,60,60,60,9,48,35,24,63,0],"gold":107,"neow_bonus":"TEN_PERCENT_HP_BONUS","is_prod":false,"is_daily":false,"chose_seed":false,"campfire_upgraded":4,"win_rate":0,"timestamp":1550085393,"path_taken":["M","?","M","?","$","E","R","?","T","E","$","R","?","E","R","BOSS","M","?","$","?","?","R","M","R","T","?","M","R","?","M","R","BOSS"],"build_version":"2019-01-23","purchased_purges":2,"victory":false,"max_hp_per_floor":[82,82,82,82,82,82,82,82,82,82,82,82,82,82,82,82,82,82,82,82,82,82,82,82,82,82,82,82,82,82,82,82,82],"card_choices":[{"not_picked":["Shrug It Off","Anger","Hemokinesis"],"picked":"SKIP","floor":1},{"not_picked":["Seeing Red","Reckless Charge"],"picked":"Sword Boomerang","floor":3},{"not_picked":["Anger","Entrench","Body Slam"],"picked":"SKIP","floor":6},{"not_picked":["Reckless Charge","Shrug It Off","Perfected Strike"],"picked":"SKIP","floor":10},{"not_picked":["Twin Strike","Clothesline"],"picked":"Pummel","floor":13},{"not_picked":["Bloodletting","Fire Breathing","Metallicize"],"picked":"SKIP","floor":14},{"not_picked":["Bludgeon","Dark Embrace"],"picked":"Exhume","floor":16},{"not_picked":["Carnage","Fire Breathing"],"picked":"Sword Boomerang","floor":18},{"not_picked":["Whirlwind","Dropkick","Flex"],"picked":"SKIP","floor":24},{"not_picked":["Armaments","True Grit","Infernal Blade"],"picked":"SKIP","floor":28},{"not_picked":["Perfected Strike","Havoc","Clash"],"picked":"SKIP","floor":30},{"not_picked":["Iron Wave","Heavy Blade"],"picked":"Ghostly Armor","floor":31}],"player_experience":741711,"relics_obtained":[{"floor":6,"key":"Bag of Preparation"},{"floor":9,"key":"Regal Pillow"},{"floor":10,"key":"Tiny Chest"},{"floor":14,"key":"Lantern"},{"floor":19,"key":"The Courier"},{"floor":26,"key":"Happy Flower"}],"event_choices":[{"damage_healed":0,"gold_gain":150,"player_choice":"AGREE","damage_taken":0,"max_hp_gain":0,"max_hp_loss":0,"event_name":"Liars Game","floor":2,"gold_loss":0,"cards_obtained":["Doubt"]},{"damage_healed":0,"gold_gain":75,"player_choice":"Gather Gold","damage_taken":11,"max_hp_gain":0,"max_hp_loss":0,"event_name":"World of Goop","floor":4,"gold_loss":0},{"cards_removed":["Strike_R"],"damage_healed":0,"gold_gain":0,"player_choice":"Purged","damage_taken":0,"max_hp_gain":0,"max_hp_loss":0,"event_name":"Purifier","floor":8,"gold_loss":0},{"damage_healed":0,"gold_gain":0,"player_choice":"Joined the Cult","damage_taken":6,"max_hp_gain":0,"max_hp_loss":0,"event_name":"Nest","floor":21,"gold_loss":0,"cards_obtained":["RitualDagger"]},{"damage_healed":0,"gold_gain":0,"player_choice":"Ignored","damage_taken":0,"max_hp_gain":0,"max_hp_loss":0,"event_name":"The Mausoleum","floor":22,"gold_loss":0}],"is_beta":false,"boss_relics":[{"not_picked":["Astrolabe","Mark of Pain"],"picked":"Sozu"}],"items_purged_floors":[5,20],"is_endless":false,"potions_floor_spawned":[6,10,13,14,16,28,31],"killed_by":"Collector","ascension_level":20}