{"path_per_floor":["M","?","M","?","$","R","M","M","T","M","R","E","$","E","R"],"character_chosen":"THE_SILENT","items_purchased":["Die Die Die","Backstab"],"gold_per_floor":[114,189,204,204,25,25,40,55,55,70,70,100,57,87,87],"floor_reached":16,"campfire_rested":2,"playtime":670,"current_hp_per_floor":[70,59,59,59,59,59,58,58,58,56,70,51,51,34,55],"items_purged":[],"gold":87,"score":110,"play_id":"580a8fd0-f3c5-4f56-bcb8-4f3515ea9a4b","local_time":"20180305215104","daily_mods":[{"name":"All Star","description":"Start with 2 colorless cards.","modID":"Allstar","img":{"data":{"file":{"file":{"path":"images\\ui\\run_mods\\all_star.png"},"type":"Internal"},"width":64,"height":64,"format":"RGBA8888","useMipMaps":false,"isPrepared":false},"glTarget":3553,"glHandle":684,"minFilter":"Linear","magFilter":"Linear","uWrap":"ClampToEdge","vWrap":"ClampToEdge"},"positive":true},{"name":"Lethal Enemies","description":"All enemies start with +3 Strength.","modID":"Lethal Enemies","img":{"data":{"file":{"file":{"path":"images\\ui\\run_mods\\lethal_enemies.png"},"type":"Internal"},"width":64,"height":64,"format":"RGBA8888","useMipMaps":false,"isPrepared":false},"glTarget":3553,"glHandle":675,"minFilter":"Linear","magFilter":"Linear","uWrap":"ClampToEdge","vWrap":"ClampToEdge"},"positive":false},{"name":"Restless Journey","description":"You no longer heal when entering new acts.","modID":"Restless Journey","img":{"data":{"file":{"file":{"path":"images\\ui\\run_mods\\restless_journey.png"},"type":"Internal"},"width":64,"height":64,"format":"RGBA8888","useMipMaps":false,"isPrepared":false},"glTarget":3553,"glHandle":676,"minFilter":"Linear","magFilter":"Linear","uWrap":"ClampToEdge","vWrap":"ClampToEdge"},"positive":false},{"name":"Vintage","description":"The Merchant\u0027s prices are increased by 25%.","modID":"Vintage","img":{"data":{"file":{"file":{"path":"images\\ui\\run_mods\\vintage.png"},"type":"Internal"},"width":64,"height":64,"format":"RGBA8888","useMipMaps":false,"isPrepared":false},"glTarget":3553,"glHandle":677,"minFilter":"Linear","magFilter":"Linear","uWrap":"ClampToEdge","vWrap":"ClampToEdge"},"positive":false}],"is_prod":false,"is_daily":true,"is_ascension_mode":false,"campfire_upgraded":1,"timestamp":1520286664,"path_taken":["M","?","M","?","?","R","M","?","T","M","R","E","$","E","R","BOSS"],"build_version":"2018-03-02-BETA2","purchased_purges":0,"victory":false,"master_deck":["Defend_G","Defend_G","Defend_G","Defend_G","Defend_G","Strike_G","Strike_G","Strike_G","Strike_G","Survivor","Neutralize","Dramatic Entrance","Trip+1","Catalyst","Poisoned Stab","Die Die Die","Dagger Throw","PiercingWail","Bullet Time","Backstab","Deadly Poison"],"max_hp_per_floor":[70,70,70,70,70,70,70,70,70,70,70,70,70,70,70],"relics":["Ring of the Snake","Unceasing Top","Bag of Marbles","Dodecahedron"],"card_choices":[{"not_picked":["Sucker Punch","Dagger Throw"],"picked":"Catalyst"},{"not_picked":["Leg Sweep","Underhanded Strike"],"picked":"Poisoned Stab"},{"not_picked":["Flying Knee","Deflect"],"picked":"Dagger Throw"},{"not_picked":["Dodge and Roll","Malaise"],"picked":"PiercingWail"},{"not_picked":["After Image","Prepared"],"picked":"Bullet Time"},{"not_picked":["Dagger Spray","Dash"],"picked":"Deadly Poison"}],"player_experience":13865,"potions_floor_usage":[12,14,16],"damage_taken":[{"damage":0,"enemies":"Jaw Worm","floor":1,"turns":3},{"damage":0,"enemies":"2 Louse","floor":3,"turns":2},{"damage":1,"enemies":"Cultist","floor":7,"turns":3},{"damage":0,"enemies":"Gremlin Gang","floor":8,"turns":2},{"damage":2,"enemies":"Exordium Wildlife","floor":10,"turns":4},{"damage":19,"enemies":"3 Sentries","floor":12,"turns":8},{"damage":17,"enemies":"Gremlin Nob","floor":14,"turns":3},{"damage":0,"enemies":"The Guardian","floor":16,"turns":2}],"event_choices":[{"event_name":"World of Goop","player_choice":"Gather Gold","floor":2,"damage_taken":0},{"event_name":"Bonfire Elementals","player_choice":"BASIC","floor":4,"damage_taken":0}],"boss_relics":[],"potions_floor_spawned":[7,10,12],"seed_played":"1440800474786276678","killed_by":"The Guardian","ascension_level":0,"is_trial":false}