{"path_per_floor":["M","$","?","?","?","E","?","E","T","R","M","R","M","?","R","B",null,"M","$","?","?","M","R","?","R","T","R","?","R","M","E","R"],"character_chosen":"DEFECT","items_purchased":["Gash","Secret Weapon","Dexterity Potion"],"gold_per_floor":[119,6,6,0,0,27,27,62,62,62,82,82,100,100,100,223,223,244,18,18,18,31,31,31,31,56,56,56,56,76,115,115,115],"floor_reached":33,"campfire_rested":1,"playtime":808,"current_hp_per_floor":[75,75,75,75,75,75,80,82,82,82,81,81,81,81,81,38,86,78,78,78,78,77,77,77,77,77,77,77,77,58,7,34,0],"items_purged":["Strike_B"],"gold":115,"score":405,"play_id":"7414bde8-a6d5-48de-a0dc-80c28c8689c9","local_time":"20180511153157","is_prod":false,"is_daily":false,"chose_seed":false,"is_ascension_mode":true,"campfire_upgraded":7,"timestamp":1526077917,"path_taken":["M","$","?","?","?","E","?","E","T","R","M","R","?","?","R","BOSS","M","$","?","?","?","R","?","R","T","R","?","R","M","E","R","BOSS"],"build_version":"2018-05-10","seed_source_timestamp":144627752898221,"purchased_purges":1,"victory":false,"master_deck":["Strike_B","Strike_B","Defend_B+1","Defend_B","Defend_B","Defend_B","Zap+1","Dualcast+1","Gash+1","Gash+1","White Noise+1","Sweeping Beam+1","Injury","Axe Kick","Secret Weapon+1","BootSequence","Scrape+1"],"max_hp_per_floor":[75,75,75,75,75,75,80,82,82,82,84,84,84,84,84,86,86,86,86,86,86,86,86,86,86,86,86,86,86,88,90,90,90],"relics":["Cracked Core","NeowsBlessing","Whetstone","Singing Bowl","Gambling Chip","Golden Idol","White Beast Statue","Happy Flower","Lantern","Mummified Hand"],"card_choices":[{"not_picked":["Hologram","Capacitor"],"picked":"Gash","floor":1},{"not_picked":["Undo","Redo"],"picked":"White Noise","floor":6},{"not_picked":["Stack","Chill"],"picked":"Sweeping Beam","floor":13},{"not_picked":["Skim","Rebound"],"picked":"Axe Kick","floor":18},{"not_picked":["Loop","Capacitor"],"picked":"BootSequence","floor":22}],"player_experience":207788,"potions_floor_usage":[16,22,22,30,31,31,33],"damage_taken":[{"damage":0,"enemies":"2 Louse","floor":1,"turns":1},{"damage":0,"enemies":"Gremlin Nob","floor":6,"turns":1},{"damage":0,"enemies":"3 Sentries","floor":8,"turns":1},{"damage":3,"enemies":"Small Slimes","floor":11,"turns":2},{"damage":0,"enemies":"Jaw Worm","floor":13,"turns":2},{"damage":45,"enemies":"The Guardian","floor":16,"turns":10},{"damage":8,"enemies":"Chosen","floor":18,"turns":3},{"damage":1,"enemies":"Spheric Guardian","floor":22,"turns":3},{"damage":21,"enemies":"Snecko","floor":30,"turns":5},{"damage":53,"enemies":"Gremlin Leader","floor":31,"turns":6},{"damage":45,"enemies":"Collector","floor":33,"turns":3}],"event_choices":[{"event_name":"Scrap Ooze","player_choice":"unsuccessful","floor":3,"damage_taken":0},{"event_name":"World of Goop","player_choice":"Left","floor":4,"damage_taken":0},{"event_name":"Bonfire Elementals","player_choice":"BASIC","floor":5,"damage_taken":0},{"event_name":"Big Fish","player_choice":"Donut","floor":7,"damage_taken":0},{"event_name":"Golden Idol","player_choice":"Take Wound","floor":14,"damage_taken":0},{"event_name":"Cursed Tome","player_choice":"Ignored","floor":20,"damage_taken":0},{"event_name":"The Mausoleum","player_choice":"Yes","floor":21,"damage_taken":0},{"event_name":"The Library","player_choice":"Read","floor":24,"damage_taken":0},{"event_name":"Vampires","player_choice":"Ignored","floor":28,"damage_taken":0}],"boss_relics":[{"not_picked":["Velvet Choker","Inserter"],"picked":"White Beast Statue"}],"potions_floor_spawned":[1,16,18,22,30,31],"seed_played":"-6988577057814457234","killed_by":"Collector","ascension_level":4,"is_trial":false}