{"gold_per_floor":[119,25,25,25,42,42,72,72,72,72,72,86,86,101,101,201,251,266,277,156,172,182,182,193,211,211,30,42,42,42,57,57,162,162,178,278,291,166,166,166,266,279,279,306,320,330,92,92,92,92],"floor_reached":51,"playtime":2362,"items_purged":["Defend_B","Defend_B","Defend_B","Strike_B"],"score":1356,"play_id":"3d3a4aa5-2284-4bee-8f02-93811b42e4ac","local_time":"20190127033608","is_ascension_mode":true,"campfire_choices":[{"data":"Chrysalis","floor":6,"key":"SMITH"},{"data":"Zap","floor":8,"key":"SMITH"},{"data":"Dualcast","floor":10,"key":"SMITH"},{"floor":15,"key":"REST"},{"data":"Redo","floor":23,"key":"SMITH"},{"floor":30,"key":"REST"},{"floor":32,"key":"REST"},{"data":"Gash","floor":40,"key":"SMITH"},{"data":"Reprogram","floor":49,"key":"SMITH"}],"neow_cost":"PERCENT_DAMAGE","seed_source_timestamp":1421619888674322,"circlet_count":0,"master_deck":["Strike_B+1","Zap+1","Dualcast+1","Flash of Steel","Blind+1","Steam","Reprogram+1","Redo+1","Beam Cell","Gash+1","Beam Cell","Panacea","Gash+1","Chill","Beam Cell+1"],"relics":["Cracked Core","Pear","Unceasing Top","Letter Opener","Tiny House","Ornamental Fan","GremlinMask","Empty Cage","Toxic Egg 2","The Courier","Bag of Marbles"],"potions_floor_usage":[16,24,33,33,45,50,50],"damage_taken":[{"damage":0,"enemies":"Cultist","floor":1,"turns":2},{"damage":8,"enemies":"Small Slimes","floor":5,"turns":3},{"damage":9,"enemies":"Lagavulin","floor":7,"turns":10},{"damage":0,"enemies":"2 Louse","floor":12,"turns":2},{"damage":0,"enemies":"Exordium Wildlife","floor":14,"turns":2},{"damage":0,"enemies":"The Guardian","floor":16,"turns":2},{"damage":17,"enemies":"2 Thieves","floor":18,"turns":3},{"damage":10,"enemies":"Shell Parasite","floor":19,"turns":5},{"damage":17,"enemies":"Centurion and Healer","floor":21,"turns":3},{"damage":0,"enemies":"Chosen and Byrds","floor":22,"turns":3},{"damage":0,"enemies":"Snake Plant","floor":24,"turns":3},{"damage":23,"enemies":"Shelled Parasite and Fungi","floor":25,"turns":3},{"damage":0,"enemies":"Cultist and Chosen","floor":28,"turns":3},{"damage":8,"enemies":"Snake Plant","floor":31,"turns":2},{"damage":0,"enemies":"Collector","floor":33,"turns":6},{"damage":0,"enemies":"3 Darklings","floor":35,"turns":2},{"damage":0,"enemies":"Mind Bloom Boss Battle","floor":36,"turns":2},{"damage":7,"enemies":"Orb Walker","floor":37,"turns":3},{"damage":0,"enemies":"Writhing Mass","floor":42,"turns":2},{"damage":0,"enemies":"Giant Head","floor":44,"turns":2},{"damage":0,"enemies":"Transient","floor":45,"turns":3},{"damage":0,"enemies":"Sphere and 2 Shapes","floor":46,"turns":2},{"damage":0,"enemies":"Donu and Deca","floor":50,"turns":3}],"seed_played":"1369262077812465371","potions_obtained":[{"floor":14,"key":"EssenceOfSteel"},{"floor":16,"key":"Dexterity Potion"},{"floor":17,"key":"Swift Potion"},{"floor":19,"key":"GamblersBrew"},{"floor":24,"key":"Swift Potion"},{"floor":28,"key":"PowerPotion"},{"floor":33,"key":"Weak Potion"},{"floor":36,"key":"Strength Potion"},{"floor":45,"key":"SpeedPotion"}],"is_trial":false,"path_per_floor":["M","$","?","?","M","R","E","R","T","R","$","M","?","M","R","B",null,"M","M","$","M","M","R","M","M","T","$","M","?","R","M","R","B",null,"M","?","M","$","?","R","?","M","T","E","M","M","$","?","R","B",null],"character_chosen":"DEFECT","items_purchased":["Blind","Gash","Panacea","Bag of Marbles"],"campfire_rested":3,"item_purchase_floors":[2,20,27,47],"current_hp_per_floor":[50,50,48,41,33,33,24,24,24,24,24,24,24,24,49,49,81,64,54,54,37,37,37,37,14,14,14,14,14,41,33,60,60,83,83,83,76,76,76,76,76,76,76,76,76,76,76,76,76,76],"gold":92,"neow_bonus":"RANDOM_COLORLESS_2","is_prod":false,"is_daily":false,"chose_seed":false,"campfire_upgraded":6,"win_rate":0,"timestamp":1548560168,"path_taken":["M","?","?","?","M","R","E","R","T","R","$","?","?","M","R","BOSS","M","M","$","M","M","R","M","M","T","$","M","?","R","?","R","BOSS","M","?","M","$","?","R","?","M","T","E","M","?","$","?","R","BOSS"],"build_version":"2019-01-23","purchased_purges":4,"victory":true,"max_hp_per_floor":[75,75,85,85,85,85,85,85,85,85,85,85,85,85,85,85,90,90,90,90,90,90,90,90,90,90,90,90,90,90,90,90,90,90,90,90,90,90,90,90,90,90,90,90,90,90,90,90,90,90],"card_choices":[{"not_picked":["Steam","Compile Driver","Fusion"],"picked":"SKIP","floor":1},{"not_picked":["Reprogram","Double Energy","Steam Power"],"picked":"SKIP","floor":5},{"not_picked":["Ball Lightning","Leap"],"picked":"Steam","floor":7},{"not_picked":["Aggregate","Darkness","Steam Power"],"picked":"SKIP","floor":12},{"not_picked":["Barrage","Seek"],"picked":"Reprogram","floor":14},{"not_picked":["Reboot","Thunder Strike"],"picked":"Biased Cognition","floor":16},{"not_picked":["Coolheaded","Storm"],"picked":"Redo","floor":17},{"not_picked":["Conserve Battery+1","Coolheaded"],"picked":"Beam Cell","floor":18},{"not_picked":["Amplify","Capacitor","Streamline"],"picked":"SKIP","floor":19},{"not_picked":["Sunder","Heatsinks","Consume"],"picked":"SKIP","floor":21},{"not_picked":["Conserve Battery","Hologram"],"picked":"Beam Cell","floor":22},{"not_picked":["Compile Driver","Cold Snap","Recycle"],"picked":"SKIP","floor":24},{"not_picked":["Conserve Battery+1","Redo","Beam Cell"],"picked":"SKIP","floor":25},{"not_picked":["Doom and Gloom","Rebound"],"picked":"Gash+1","floor":28},{"not_picked":["Sweeping Beam+1","All For One","Reinforced Body+1"],"picked":"SKIP","floor":31},{"not_picked":["Turbo+1","Hologram+1"],"picked":"Chill","floor":35},{"not_picked":["Rebound","Sweeping Beam+1"],"picked":"Beam Cell+1","floor":37},{"not_picked":["Skim+1","Loop","Redo"],"picked":"SKIP","floor":42},{"not_picked":["Turbo+1","Scrape+1","Tempest+1"],"picked":"SKIP","floor":44},{"not_picked":["Barrage+1","Turbo+1","Undo+1"],"picked":"SKIP","floor":45},{"not_picked":["Recycle+1","Barrage","Compile Driver"],"picked":"SKIP","floor":46}],"player_experience":486316,"relics_obtained":[{"floor":7,"key":"Unceasing Top"},{"floor":9,"key":"Letter Opener"},{"floor":26,"key":"Ornamental Fan"},{"floor":43,"key":"Toxic Egg 2"},{"floor":44,"key":"The Courier"}],"event_choices":[{"damage_healed":0,"gold_gain":0,"player_choice":"Success","damage_taken":12,"relics_obtained":["Pear"],"max_hp_gain":0,"max_hp_loss":0,"event_name":"Scrap Ooze","floor":3,"gold_loss":0},{"cards_removed":["Strike_B"],"damage_healed":0,"gold_gain":0,"player_choice":"Card Removal","damage_taken":7,"max_hp_gain":0,"max_hp_loss":0,"event_name":"Golden Wing","floor":4,"gold_loss":0},{"cards_removed":["Defend_B"],"damage_healed":0,"gold_gain":0,"player_choice":"Forget","damage_taken":0,"max_hp_gain":0,"max_hp_loss":0,"event_name":"Living Wall","floor":13,"gold_loss":0},{"damage_healed":0,"gold_gain":0,"player_choice":"Trade","damage_taken":0,"relics_obtained":["GremlinMask"],"max_hp_gain":0,"max_hp_loss":0,"event_name":"FaceTrader","floor":29,"gold_loss":0},{"damage_healed":0,"gold_gain":0,"player_choice":"Fight","damage_taken":0,"max_hp_gain":0,"max_hp_loss":0,"event_name":"MindBloom","floor":36,"gold_loss":0},{"cards_removed":["Biased Cognition"],"damage_healed":0,"gold_gain":0,"player_choice":"Removed Power","damage_taken":0,"max_hp_gain":0,"max_hp_loss":0,"event_name":"Falling","floor":39,"gold_loss":0},{"damage_healed":0,"gold_gain":100,"player_choice":"Pray","damage_taken":0,"max_hp_gain":0,"max_hp_loss":0,"event_name":"Golden Shrine","floor":41,"gold_loss":0},{"damage_healed":0,"gold_gain":0,"player_choice":"Forge","damage_taken":0,"max_hp_gain":0,"max_hp_loss":0,"event_name":"Accursed Blacksmith","floor":48,"gold_loss":0,"cards_upgraded":["Blind"]}],"is_beta":true,"boss_relics":[{"not_picked":["FrozenCore","Sozu"],"picked":"Tiny House"},{"not_picked":["White Beast Statue","Cursed Key"],"picked":"Empty Cage"}],"items_purged_floors":[20,27,38,47],"is_endless":false,"potions_floor_spawned":[14,16,19,24,25,28,33,36,45],"ascension_level":8}