{"path_per_floor":["M","?","?","M","M","R","E","$","T","M","$","R","M","$","R","B",null,"M","?","?"],"character_chosen":"DEFECT","items_purchased":["Membership Card","Gremlin Horn","Capacitor"],"gold_per_floor":[112,362,437,452,463,463,488,25,25,41,41,41,58,18,18,120,120,133,133,133,133],"floor_reached":21,"campfire_rested":1,"playtime":679,"current_hp_per_floor":[71,71,60,55,41,41,17,17,17,7,7,29,29,29,29,16,75,28,28,28,0],"items_purged":["Regret"],"gold":133,"score":195,"play_id":"6c5e0d76-f91a-4d9b-a111-b9f6de5f316d","local_time":"20180512035329","is_prod":false,"is_daily":false,"chose_seed":false,"is_ascension_mode":true,"campfire_upgraded":2,"timestamp":1526093609,"path_taken":["M","?","?","M","?","R","E","$","T","M","?","R","?","?","R","BOSS","M","?","?","?"],"build_version":"2018-05-10","seed_source_timestamp":35530308734643,"purchased_purges":1,"victory":false,"master_deck":["Strike_B","Strike_B","Defend_B","Defend_B","Defend_B","Defend_B","Zap","Dualcast","Chaos+1","Barrage","Darkness+1","Capacitor","Creative AI"],"max_hp_per_floor":[75,75,75,75,75,75,75,75,75,75,75,75,75,75,75,75,75,75,75,75,75],"relics":["Cracked Core","Unceasing Top","Membership Card","Gremlin Horn","Blue Candle","Sozu"],"card_choices":[{"not_picked":["Leap","Cold Snap"],"picked":"Chaos","floor":1},{"not_picked":["Rebound","Streamline"],"picked":"Barrage","floor":10},{"not_picked":["Axe Kick","Ball Lightning"],"picked":"Darkness","floor":13},{"not_picked":["Rainbow","Buffer"],"picked":"Creative AI","floor":16}],"player_experience":136506,"potions_floor_usage":[16],"damage_taken":[{"damage":4,"enemies":"Jaw Worm","floor":1,"turns":3},{"damage":5,"enemies":"Cultist","floor":4,"turns":4},{"damage":14,"enemies":"Small Slimes","floor":5,"turns":3},{"damage":24,"enemies":"Gremlin Nob","floor":7,"turns":6},{"damage":10,"enemies":"Exordium Wildlife","floor":10,"turns":4},{"damage":0,"enemies":"Large Slime","floor":13,"turns":3},{"damage":13,"enemies":"Slime Boss","floor":16,"turns":10},{"damage":47,"enemies":"Shell Parasite","floor":18,"turns":5},{"damage":32,"enemies":"Masked Bandits","floor":21,"turns":3}],"event_choices":[{"event_name":"Golden Shrine","player_choice":"Desecrate","floor":2,"damage_taken":0},{"event_name":"World of Goop","player_choice":"Gather Gold","floor":3,"damage_taken":0},{"event_name":"Back to Basics","player_choice":"Elegance","floor":19,"damage_taken":0},{"event_name":"Bonfire Elementals","player_choice":"BASIC","floor":20,"damage_taken":0},{"event_name":"Masked Bandits","player_choice":"Fought over 133 gold","floor":21,"damage_taken":0}],"boss_relics":[{"not_picked":["Runic Dome","Snecko Eye"],"picked":"Sozu"}],"potions_floor_spawned":[7,10,18],"seed_played":"-2422095469672715107","killed_by":"Masked Bandits","ascension_level":2,"is_trial":false}