{"gold_per_floor":[117,117,117,137,156,184,184,202,229,229,229,243,254,287,287,287],"floor_reached":16,"playtime":692,"items_purged":[],"score":151,"play_id":"26abc251-1b2f-4ae3-907f-250a14a7ccb1","local_time":"20190211133617","is_ascension_mode":true,"campfire_choices":[{"floor":7,"key":"REST"},{"floor":10,"key":"REST"},{"floor":15,"key":"REST"}],"neow_cost":"NONE","seed_source_timestamp":87696836540615,"circlet_count":0,"master_deck":["Defend_G","Defend_G","Defend_G+1","Defend_G","Defend_G+1","Strike_G","Strike_G","Strike_G","Strike_G","Survivor","Neutralize","Deflect","Blur","Skewer","Setup","Leg Sweep","Bouncing Flask","Backflip","Deflect","Bullet Time"],"relics":["Ring of the Snake","Boot","War Paint","Blood Vial","Juzu Bracelet","Gambling Chip"],"potions_floor_usage":[6,14,16],"damage_taken":[{"damage":6,"enemies":"Jaw Worm","floor":1,"turns":4},{"damage":2,"enemies":"Small Slimes","floor":4,"turns":5},{"damage":1,"enemies":"Cultist","floor":5,"turns":4},{"damage":50,"enemies":"Lagavulin","floor":6,"turns":10},{"damage":0,"enemies":"3 Louse","floor":8,"turns":5},{"damage":15,"enemies":"Exordium Thugs","floor":12,"turns":7},{"damage":0,"enemies":"Blue Slaver","floor":13,"turns":5},{"damage":37,"enemies":"Gremlin Nob","floor":14,"turns":5},{"damage":26,"enemies":"Slime Boss","floor":16,"turns":6}],"seed_played":"-4387073198189904481","potions_obtained":[{"floor":4,"key":"LiquidBronze"},{"floor":5,"key":"SteroidPotion"},{"floor":6,"key":"Ancient Potion"},{"floor":13,"key":"SkillPotion"}],"is_trial":false,"path_per_floor":["M","?","?","M","M","E","R","M","T","R","?","M","M","E","R","B"],"character_chosen":"THE_SILENT","items_purchased":[],"campfire_rested":3,"item_purchase_floors":[],"current_hp_per_floor":[57,57,57,55,54,4,25,27,27,48,48,35,37,2,23,0],"gold":287,"neow_bonus":"RANDOM_COMMON_RELIC","is_prod":false,"is_daily":false,"chose_seed":false,"campfire_upgraded":0,"win_rate":0,"timestamp":1549888577,"path_taken":["M","?","?","?","M","E","R","M","T","R","?","M","M","E","R","BOSS"],"build_version":"2019-01-23","purchased_purges":0,"victory":false,"max_hp_per_floor":[70,70,70,70,70,70,70,70,70,70,70,70,70,70,70,70],"card_choices":[{"not_picked":["Flying Knee","Poisoned Stab"],"picked":"Deflect","floor":1},{"not_picked":["Infinite Blades","Quick Slash"],"picked":"Skewer","floor":4},{"not_picked":["Skewer","Bane"],"picked":"Setup","floor":5},{"not_picked":["Envenom","Poisoned Stab"],"picked":"Leg Sweep","floor":6},{"not_picked":["Flechettes","Outmaneuver"],"picked":"Bouncing Flask","floor":8},{"not_picked":["Predator","Distraction"],"picked":"Backflip","floor":12},{"not_picked":["Acrobatics","Blade Dance"],"picked":"Deflect","floor":13},{"not_picked":["Blade Dance","Heel Hook"],"picked":"Bullet Time","floor":14}],"player_experience":280809,"relics_obtained":[{"floor":6,"key":"Blood Vial"},{"floor":9,"key":"Juzu Bracelet"},{"floor":14,"key":"Gambling Chip"}],"event_choices":[{"damage_healed":0,"gold_gain":0,"player_choice":"Box","damage_taken":0,"relics_obtained":["War Paint"],"max_hp_gain":0,"max_hp_loss":0,"event_name":"Big Fish","floor":2,"gold_loss":0,"cards_obtained":["Regret"]},{"damage_healed":0,"gold_gain":0,"cards_transformed":["Strike_G"],"player_choice":"Transformed","damage_taken":0,"max_hp_gain":0,"max_hp_loss":0,"event_name":"Transmorgrifier","floor":3,"gold_loss":0,"cards_obtained":["Blur"]},{"cards_removed":["Regret"],"damage_healed":0,"gold_gain":0,"player_choice":"Purged","damage_taken":0,"max_hp_gain":0,"max_hp_loss":0,"event_name":"Purifier","floor":11,"gold_loss":0}],"is_beta":false,"boss_relics":[],"items_purged_floors":[],"is_endless":false,"potions_floor_spawned":[4,5,6,13],"killed_by":"Slime Boss","ascension_level":7}