{"gold_per_floor":[111,111,111,123,74,74,107,107,184,211,211,244,264,264],"floor_reached":14,"playtime":540,"items_purged":[],"score":106,"play_id":"033a69fd-6f36-4cd7-8ead-46e028f526a5","local_time":"20190131204025","is_ascension_mode":true,"campfire_choices":[{"data":"Prepared","floor":6,"key":"SMITH"},{"floor":8,"key":"REST"}],"neow_cost":"NONE","seed_source_timestamp":22658425316930,"circlet_count":0,"master_deck":["Defend_G","Defend_G","Defend_G","Defend_G","Defend_G","Strike_G","Strike_G","Strike_G","Strike_G","Strike_G","Survivor","Neutralize","Tactician+1","Prepared+1","Slice","Deflect","Deadly Poison","Injury","Eviscerate"],"relics":["Ring of the Snake","Lantern","Mercury Hourglass","Boot","Golden Idol","Odd Mushroom"],"potions_floor_usage":[10,14,14],"damage_taken":[{"damage":0,"enemies":"Cultist","floor":1,"turns":5},{"damage":11,"enemies":"Jaw Worm","floor":4,"turns":6},{"damage":59,"enemies":"Gremlin Nob","floor":7,"turns":6},{"damage":10,"enemies":"3 Sentries","floor":10,"turns":8},{"damage":10,"enemies":"The Mushroom Lair","floor":12,"turns":5},{"damage":4,"enemies":"Small Slimes","floor":13,"turns":3},{"damage":12,"enemies":"Lagavulin","floor":14,"turns":5}],"seed_played":"-3917866538107078188","potions_obtained":[{"floor":1,"key":"Energy Potion"},{"floor":12,"key":"SpeedPotion"},{"floor":13,"key":"SkillPotion"}],"is_trial":false,"path_per_floor":["M","?","?","M","$","R","E","R","T","E","?","?","M","E"],"character_chosen":"THE_SILENT","items_purchased":["Slice"],"campfire_rested":1,"item_purchase_floors":[5],"current_hp_per_floor":[77,77,77,66,66,66,7,30,30,20,20,10,6,0],"gold":264,"neow_bonus":"TEN_PERCENT_HP_BONUS","is_prod":false,"is_daily":false,"chose_seed":false,"campfire_upgraded":1,"win_rate":0,"timestamp":1548963625,"path_taken":["M","?","?","M","$","R","E","R","T","E","?","?","M","E"],"build_version":"2019-01-23","purchased_purges":0,"victory":false,"max_hp_per_floor":[77,77,77,77,77,77,77,77,77,77,77,77,77,77],"card_choices":[{"not_picked":["Bouncing Flask","Backflip"],"picked":"Tactician","floor":1},{"not_picked":["Catalyst","Riddle With Holes"],"picked":"Prepared","floor":4},{"not_picked":["Bane","Setup"],"picked":"Deflect","floor":7},{"not_picked":["Underhanded Strike","Leg Sweep"],"picked":"Deadly Poison","floor":10},{"not_picked":["Prepared","Flying Knee"],"picked":"Eviscerate","floor":12},{"not_picked":["Blade Dance","Dagger Throw","Acrobatics"],"picked":"SKIP","floor":13}],"player_experience":141614,"relics_obtained":[{"floor":7,"key":"Lantern"},{"floor":9,"key":"Mercury Hourglass"},{"floor":10,"key":"Boot"},{"floor":12,"key":"Odd Mushroom"}],"event_choices":[{"damage_healed":0,"gold_gain":0,"player_choice":"Grow","damage_taken":0,"max_hp_gain":0,"max_hp_loss":0,"event_name":"Living Wall","floor":2,"gold_loss":0,"cards_upgraded":["Tactician"]},{"damage_healed":0,"gold_gain":0,"player_choice":"Leave","damage_taken":0,"max_hp_gain":0,"max_hp_loss":0,"event_name":"The Cleric","floor":3,"gold_loss":0},{"damage_healed":0,"gold_gain":0,"player_choice":"Take Wound","damage_taken":0,"relics_obtained":["Golden Idol"],"max_hp_gain":0,"max_hp_loss":0,"event_name":"Golden Idol","floor":11,"gold_loss":0,"cards_obtained":["Injury"]},{"damage_healed":0,"gold_gain":0,"player_choice":"Fought Mushrooms","damage_taken":0,"max_hp_gain":0,"max_hp_loss":0,"event_name":"Mushrooms","floor":12,"gold_loss":0}],"is_beta":false,"boss_relics":[],"items_purged_floors":[],"is_endless":false,"potions_floor_spawned":[1,12,13],"killed_by":"Lagavulin","ascension_level":2}