{"path_per_floor":["M","M","?","?","T","E","M","?","T","R","$","M","M","?","R","B",null,"M","?","M","?","$","E","R","T","T","M","$","$","E","M","R","B",null,"M","M","M","$","M","R","E","R","T","E","M","E","?","?","R","B"],"character_chosen":"THE_SILENT","items_purchased":["Footwork","Bouncing Flask","Well Laid Plans","Apotheosis"],"gold_per_floor":[114,129,129,129,129,159,174,174,174,174,100,115,130,130,130,230,230,245,160,175,175,91,121,121,121,121,136,136,55,85,100,100,200,200,215,230,245,47,62,62,92,92,92,122,137,167,167,167,167,167],"floor_reached":51,"campfire_rested":2,"playtime":2749,"current_hp_per_floor":[70,70,70,70,70,66,66,59,59,59,59,59,59,59,59,19,70,64,64,34,34,34,18,65,65,65,65,65,65,65,65,65,54,65,65,65,65,65,65,65,64,64,64,64,64,50,42,42,60,34],"items_purged":["Writhe"],"gold":167,"score":898,"play_id":"f84a0264-4ab0-4001-9656-8b72e6eb3c7c","local_time":"20180428193019","daily_mods":["Insanity","Time Dilation","Night Terrors"],"is_prod":false,"is_daily":true,"chose_seed":false,"is_ascension_mode":false,"campfire_upgraded":2,"timestamp":1524940219,"path_taken":["M","?","?","?","?","E","M","?","T","R","$","M","M","?","R","BOSS","M","?","M","?","$","E","R","?","T","M","?","$","E","M","R","BOSS","M","M","M","$","M","R","E","R","T","E","M","E","?","?","R","BOSS"],"build_version":"2018-04-27v3","seed_source_timestamp":0,"purchased_purges":2,"victory":true,"master_deck":["After Image+1","Well Laid Plans","A Thousand Cuts","Expertise","After Image","Cloak And Dagger","Quick Slash","Envenom","Riddle With Holes","Heel Hook","Night Terror","A Thousand Cuts","Phantasmal Killer","Calculated Gamble","Corpse Explosion","Corpse Explosion","Unload","Prepared","Deflect","Finisher","Leg Sweep","Storm of Steel","Well Laid Plans","Outmaneuver","Tools of the Trade","Flying Knee","Backstab","Blade Dance","Phantasmal Killer","PiercingWail","Masterful Stab","Blur","Dagger Spray","Unload","All Out Attack","Setup","Noxious Fumes","Corpse Explosion","Predator","A Thousand Cuts","Quick Slash","Tactician","Deflect","Setup","Noxious Fumes","Tools of the Trade","Skewer","Neutralize","Finisher","Caltrops","Regret","Concentrate","Footwork","Outmaneuver","Underhanded Strike","Tools of the Trade","Distraction","Leg Sweep","Bouncing Flask","Adrenaline","Malaise+1","Well Laid Plans","PiercingWail","Blur","Die Die Die","Backflip","Calculated Gamble","Well Laid Plans+1","Apotheosis+1","Terror+1","Deflect+1","Backflip+1","Backstab","Concentrate+1","Madness","Madness","Dash"],"max_hp_per_floor":[70,70,70,70,70,70,70,70,70,70,70,70,70,70,70,70,70,70,70,70,70,70,70,65,65,65,65,65,65,65,65,65,65,65,65,65,65,65,65,65,65,65,65,65,65,65,65,65,60,60],"relics":["Ring of the Snake","Girya","Juzu Bracelet","Bottled Flame","Unceasing Top","Smiling Mask","Black Star","Tingsha","Blue Candle","Gambling Chip","Ginger","Thread and Needle","Toolbox","Art of War","Ancient Tea Set","Philosopher\u0027s Stone","Matryoshka","Question Card","Dream Catcher","Gremlin Horn","Mummified Hand","Bottled Tornado","Centennial Puzzle","Ninja Scroll"],"card_choices":[{"not_picked":["Flying Knee","Backflip"],"picked":"Finisher","floor":1},{"not_picked":["Poisoned Stab","Flying Knee"],"picked":"Caltrops","floor":2},{"not_picked":["Expertise","Night Terror"],"picked":"Concentrate","floor":6},{"not_picked":["Blur","Catalyst"],"picked":"Outmaneuver","floor":12},{"not_picked":["Grand Finale","Wraith Form v2"],"picked":"Tools of the Trade","floor":16},{"not_picked":["Dagger Throw","Flying Knee"],"picked":"Distraction","floor":18},{"not_picked":["Deflect","Bane"],"picked":"Leg Sweep","floor":20},{"not_picked":["Slice","Deadly Poison"],"picked":"Adrenaline","floor":23},{"not_picked":["Quick Slash","Poisoned Stab"],"picked":"Malaise","floor":27},{"not_picked":["Dagger Spray","Predator"],"picked":"PiercingWail","floor":30},{"not_picked":["Quick Slash","Flying Knee"],"picked":"Blur","floor":31},{"not_picked":["Corpse Explosion","Tools of the Trade"],"picked":"Die Die Die","floor":33},{"not_picked":["Quick Slash","Bane"],"picked":"Backflip","floor":35},{"not_picked":["Slice","Dagger Spray"],"picked":"Calculated Gamble","floor":36},{"not_picked":["Expertise","Blade Dance"],"picked":"Well Laid Plans","floor":37},{"not_picked":["Eviscerate","Blade Dance"],"picked":"Terror","floor":39},{"not_picked":["Dagger Spray","Quick Slash"],"picked":"Deflect","floor":41},{"not_picked":["Slice","Underhanded Strike","Acrobatics"],"picked":"Backflip","floor":44},{"not_picked":["Infinite Blades","Backflip","Slice"],"picked":"Backstab","floor":45},{"not_picked":["Blade Dance","Distraction","Poisoned Stab"],"picked":"Concentrate","floor":46},{"not_picked":["Quick Slash","Predator","Endless Agony"],"picked":"Dash","floor":49}],"player_experience":83376,"potions_floor_usage":[6,23,23,23,39,41,41,44,46],"damage_taken":[{"damage":0,"enemies":"Cultist","floor":1,"turns":3},{"damage":0,"enemies":"2 Louse","floor":2,"turns":1},{"damage":4,"enemies":"Gremlin Nob","floor":6,"turns":3},{"damage":0,"enemies":"Small Slimes","floor":7,"turns":1},{"damage":0,"enemies":"Blue Slaver","floor":12,"turns":1},{"damage":0,"enemies":"Lots of Slimes","floor":13,"turns":2},{"damage":40,"enemies":"The Guardian","floor":16,"turns":7},{"damage":6,"enemies":"Chosen","floor":18,"turns":3},{"damage":30,"enemies":"Spheric Guardian","floor":20,"turns":3},{"damage":25,"enemies":"Slavers","floor":23,"turns":3},{"damage":0,"enemies":"Snake Plant","floor":27,"turns":3},{"damage":0,"enemies":"Gremlin Leader","floor":30,"turns":1},{"damage":0,"enemies":"Centurion and Healer","floor":31,"turns":2},{"damage":11,"enemies":"Champ","floor":33,"turns":9},{"damage":0,"enemies":"Orb Walker","floor":35,"turns":2},{"damage":0,"enemies":"3 Shapes","floor":36,"turns":2},{"damage":0,"enemies":"Flame Bruiser 2 Orb","floor":37,"turns":2},{"damage":0,"enemies":"3 Darklings","floor":39,"turns":3},{"damage":1,"enemies":"Nemesis","floor":41,"turns":3},{"damage":0,"enemies":"2 Orb Walkers","floor":44,"turns":2},{"damage":0,"enemies":"Sphere and 2 Shapes","floor":45,"turns":1},{"damage":14,"enemies":"Nemesis","floor":46,"turns":3},{"damage":26,"enemies":"Donu and Deca","floor":50,"turns":5}],"event_choices":[{"event_name":"Big Fish","player_choice":"Box","floor":3,"damage_taken":0},{"event_name":"Accursed Blacksmith","player_choice":"Rummage","floor":4,"damage_taken":0},{"event_name":"Golden Wing","player_choice":"Card Removal","floor":8,"damage_taken":0},{"event_name":"Transmorgrifier","player_choice":"Transform","floor":14,"damage_taken":0},{"event_name":"Addict","player_choice":"Obtained Relic","floor":19,"damage_taken":0},{"event_name":"The Mausoleum","player_choice":"Yes","floor":21,"damage_taken":0},{"event_name":"Winding Halls","player_choice":"Embrace Madness","floor":47,"damage_taken":0},{"event_name":"Purifier","player_choice":"One Purge","floor":48,"damage_taken":0}],"boss_relics":[{"not_picked":["Cursed Key","Ectoplasm"],"picked":"Black Star"},{"not_picked":["White Beast Statue","Runic Pyramid"],"picked":"Philosopher\u0027s Stone"}],"potions_floor_spawned":[1,2,16,18,27,35,36,41,44],"seed_played":"8797904352761270822","ascension_level":0,"is_trial":false}