{"path_per_floor":["M","?","M","M","M","E","?","M","T","E","?","R","M","E","R","B",null,"M","M","$","?","M","R","E","R","T","R","?","M","R","M","R","B",null,"M","?","M","$","M"],"character_chosen":"THE_SILENT","items_purchased":["War Paint","Dramatic Entrance+1","Bottled Flame","Noxious Fumes","Dream Catcher","Master of Strategy","Toxic Egg 2","Darkstone Periapt"],"gold_per_floor":[144,219,264,309,354,444,540,585,585,675,925,925,970,1060,1060,1360,1360,1405,1450,822,822,867,867,957,957,982,982,905,950,950,995,995,1295,1295,1340,2339,2384,1502,1547,1547],"floor_reached":40,"campfire_rested":7,"playtime":2729,"item_purchase_floors":[20,20,20,20,38,38,38,38],"current_hp_per_floor":[68,57,57,57,57,57,57,57,57,50,50,57,56,47,54,53,52,51,50,49,48,32,46,45,44,43,42,41,40,39,38,37,36,35,23,23,31,31,30,0],"items_purged":["Regret","Normality"],"gold":1547,"score":678,"play_id":"d9938ee4-9dc7-4139-a699-14aef62b1499","local_time":"20180605192441","daily_mods":["Shiny","Midas","Terminal"],"is_prod":false,"is_daily":true,"chose_seed":false,"is_ascension_mode":false,"campfire_upgraded":0,"win_rate":0,"timestamp":1528223081,"campfire_choices":[{"floor":12,"key":"REST"},{"floor":15,"key":"REST"},{"floor":23,"key":"REST"},{"floor":25,"key":"REST"},{"floor":27,"key":"REST"},{"floor":30,"key":"REST"},{"floor":32,"key":"REST"}],"path_taken":["M","?","M","M","M","E","?","?","T","E","?","R","M","E","R","BOSS","M","M","$","?","M","R","E","R","T","R","?","?","R","?","R","BOSS","M","?","M","$","M","E"],"build_version":"2018-06-04v2","seed_source_timestamp":0,"purchased_purges":2,"victory":false,"master_deck":["Venomology+1","Corpse Explosion","Phantasmal Killer","Die Die Die","Adrenaline","Envenom","Doppelganger","Burst","Wraith Form v2","Tools of the Trade","Night Terror","Unload","After Image","Tactician","Bullet Time","Storm of Steel","Glass Knife","A Thousand Cuts","Grand Finale","Deflect","Expertise","Setup","Well Laid Plans","Adrenaline","Predator","Backstab","Venomology+1","Deflect","Dramatic Entrance+1","Noxious Fumes","Backstab+1","RitualDagger+1","Bane+1","J.A.X.","PiercingWail+1","Glass Knife+1","Normality","Dagger Spray+1","Master of Strategy"],"max_hp_per_floor":[68,67,66,65,64,63,62,61,60,59,58,57,56,55,54,53,52,51,50,49,48,47,46,45,44,43,42,41,40,39,38,37,36,35,34,33,32,31,30,30],"relics":["Ring of the Snake","Blue Candle","Ancient Tea Set","Smiling Mask","Bird Faced Urn","Molten Egg 2","Busted Crown","War Paint","Bottled Flame","Frozen Egg 2","Bag of Preparation","Black Star","Dream Catcher","Toxic Egg 2","Darkstone Periapt"],"card_choices":[{"not_picked":["Crippling Poison","Prepared","Deadly Poison"],"picked":"SKIP","floor":1},{"not_picked":["Eviscerate","Quick Slash"],"picked":"Deflect","floor":3},{"not_picked":["Bane","Malaise"],"picked":"Expertise","floor":4},{"not_picked":["Dodge and Roll","Bane"],"picked":"Setup","floor":5},{"not_picked":["Crippling Poison","Dodge and Roll","Poisoned Stab"],"picked":"SKIP","floor":6},{"not_picked":["Eviscerate","Acrobatics"],"picked":"Well Laid Plans","floor":7},{"not_picked":["Reflex","Cloak And Dagger"],"picked":"Adrenaline","floor":8},{"not_picked":["Accuracy","Deadly Poison"],"picked":"Predator","floor":10},{"not_picked":["Flying Knee","Bane"],"picked":"Backstab","floor":13},{"not_picked":["Poisoned Stab","Malaise"],"picked":"Backstab","floor":14},{"not_picked":["Corpse Explosion+1","Bullet Time"],"picked":"Venomology","floor":16},{"not_picked":["Sucker Punch+1"],"picked":"SKIP","floor":18},{"not_picked":[],"picked":"Deflect","floor":19},{"not_picked":["Concentrate"],"picked":"SKIP","floor":22},{"not_picked":[],"picked":"Bane+1","floor":24},{"not_picked":["Deadly Poison+1"],"picked":"SKIP","floor":29},{"not_picked":[],"picked":"PiercingWail+1","floor":31},{"not_picked":[],"picked":"Glass Knife+1","floor":33},{"not_picked":["Predator+1"],"picked":"SKIP","floor":35},{"not_picked":[],"picked":"Dagger Spray+1","floor":37},{"not_picked":["Cloak And Dagger+1"],"picked":"SKIP","floor":39}],"player_experience":237375,"potions_floor_usage":[3,3,5,6,7,8,13,14,16,16,19,22,24,24,24,33,33,33,33,33,33,35,35,37,39,39,40,40,40,40,40,40],"damage_taken":[{"damage":0,"enemies":"Cultist","floor":1,"turns":4},{"damage":0,"enemies":"Jaw Worm","floor":3,"turns":1},{"damage":0,"enemies":"2 Louse","floor":4,"turns":2},{"damage":0,"enemies":"2 Fungi Beasts","floor":5,"turns":2},{"damage":0,"enemies":"Lagavulin","floor":6,"turns":4},{"damage":0,"enemies":"Lagavulin Event","floor":7,"turns":2},{"damage":0,"enemies":"Large Slime","floor":8,"turns":4},{"damage":7,"enemies":"3 Sentries","floor":10,"turns":4},{"damage":1,"enemies":"Exordium Thugs","floor":13,"turns":2},{"damage":9,"enemies":"Gremlin Nob","floor":14,"turns":4},{"damage":1,"enemies":"The Guardian","floor":16,"turns":8},{"damage":6,"enemies":"Chosen","floor":18,"turns":5},{"damage":1,"enemies":"Spheric Guardian","floor":19,"turns":3},{"damage":18,"enemies":"Chosen and Byrds","floor":22,"turns":6},{"damage":0,"enemies":"Gremlin Leader","floor":24,"turns":5},{"damage":0,"enemies":"Centurion and Healer","floor":29,"turns":2},{"damage":3,"enemies":"Cultist and Chosen","floor":31,"turns":3},{"damage":3,"enemies":"Collector","floor":33,"turns":5},{"damage":14,"enemies":"3 Darklings","floor":35,"turns":5},{"damage":2,"enemies":"Flame Bruiser 1 Orb","floor":37,"turns":5},{"damage":0,"enemies":"Spire Growth","floor":39,"turns":4},{"damage":69,"enemies":"Nemesis","floor":40,"turns":3}],"relics_obtained":[{"floor":6,"key":"Blue Candle"},{"floor":7,"key":"Ancient Tea Set"},{"floor":9,"key":"Smiling Mask"},{"floor":10,"key":"Bird Faced Urn"},{"floor":14,"key":"Molten Egg 2"},{"floor":24,"key":"Frozen Egg 2"},{"floor":26,"key":"Bag of Preparation"}],"event_choices":[{"event_name":"World of Goop","player_choice":"Gather Gold","floor":2,"damage_taken":0},{"event_name":"Dead Adventurer","player_choice":"Searched \u00273\u0027 times","floor":7,"damage_taken":0},{"event_name":"Golden Shrine","player_choice":"Desecrate","floor":11,"damage_taken":0},{"event_name":"Nest","player_choice":"Joined the Cult","floor":21,"damage_taken":0},{"event_name":"Drug Dealer","player_choice":"Got JAXXED","floor":28,"damage_taken":0},{"event_name":"MindBloom","player_choice":"Gold","floor":36,"damage_taken":0}],"boss_relics":[{"not_picked":["Runic Dome","Philosopher\u0027s Stone"],"picked":"Busted Crown"},{"not_picked":["Sozu","Tiny House"],"picked":"Black Star"}],"items_purged_floors":[20,38],"potions_floor_spawned":[4,5,7,13,14,19,24,29,31,35],"seed_played":"7492258390209351747","killed_by":"Nemesis","ascension_level":0,"potions_obtained":[{"floor":4,"key":"Strength Potion"},{"floor":5,"key":"Block Potion"},{"floor":7,"key":"Poison Potion"},{"floor":24,"key":"SneckoOil"},{"floor":35,"key":"Regen Potion"}],"is_trial":false}