{"path_per_floor":["M","$","?","M","M","R","M","?","T","M","M","M","M","M","R","B",null,"M","M","?","?","?"],"character_chosen":"DEFECT","items_purchased":["Torii"],"gold_per_floor":[367,1,1,15,29,29,43,18,41,61,72,87,107,117,117,222,222,239,251,251,251,251,251],"floor_reached":23,"campfire_rested":1,"playtime":654,"current_hp_per_floor":[73,73,58,57,57,57,36,36,36,28,27,26,26,25,47,34,75,52,16,16,16,16,0],"items_purged":["Pain"],"gold":251,"score":224,"play_id":"51e4c9b9-a04c-43e6-89c0-ee65065d4d7f","local_time":"20180511150835","is_prod":false,"is_daily":false,"chose_seed":false,"is_ascension_mode":true,"campfire_upgraded":1,"timestamp":1526076515,"path_taken":["M","$","?","M","M","R","M","?","T","M","M","M","?","M","R","BOSS","M","M","?","?","?","E"],"build_version":"2018-05-10","seed_source_timestamp":143376769097976,"purchased_purges":1,"victory":false,"master_deck":["Strike_B","Strike_B","Strike_B+1","Strike_B","Defend_B","Defend_B","Defend_B","Defend_B","Zap+1","Dualcast+1","Force Field","Axe Kick","Auto Shields","Rip and Tear","White Noise+1","White Noise","Ball Lightning","Machine Learning","FTL"],"max_hp_per_floor":[75,75,75,75,75,75,75,75,75,75,75,75,75,75,75,75,75,75,75,75,75,75,75],"relics":["Cracked Core","Torii","Prayer Wheel","Black Star"],"card_choices":[{"not_picked":["Defragment","Tempest"],"picked":"Force Field","floor":1},{"not_picked":["Cold Snap","Steam"],"picked":"Reprogram","floor":4},{"not_picked":["Rebound","Skim"],"picked":"Axe Kick","floor":7},{"not_picked":["Steam Power","Axe Kick"],"picked":"Auto Shields","floor":10},{"not_picked":["Axe Kick","Glacier"],"picked":"Rip and Tear","floor":11},{"not_picked":["Turbo","Aggregate"],"picked":"White Noise","floor":12},{"not_picked":["Skim","Heatsinks"],"picked":"White Noise","floor":13},{"not_picked":["Steam","Meteor Strike"],"picked":"Ball Lightning","floor":14},{"not_picked":["Multi-Cast","Rainbow"],"picked":"Machine Learning","floor":16}],"player_experience":206561,"potions_floor_usage":[5,13],"damage_taken":[{"damage":2,"enemies":"Small Slimes","floor":1,"turns":3},{"damage":1,"enemies":"2 Louse","floor":4,"turns":2},{"damage":0,"enemies":"Jaw Worm","floor":5,"turns":2},{"damage":21,"enemies":"Gremlin Gang","floor":7,"turns":4},{"damage":8,"enemies":"Exordium Thugs","floor":10,"turns":4},{"damage":1,"enemies":"Looter","floor":11,"turns":2},{"damage":1,"enemies":"Blue Slaver","floor":12,"turns":2},{"damage":0,"enemies":"Red Slaver","floor":13,"turns":3},{"damage":1,"enemies":"3 Louse","floor":14,"turns":3},{"damage":13,"enemies":"Slime Boss","floor":16,"turns":7},{"damage":23,"enemies":"2 Thieves","floor":18,"turns":4},{"damage":36,"enemies":"Chosen","floor":19,"turns":6},{"damage":38,"enemies":"Book of Stabbing","floor":23,"turns":4}],"event_choices":[{"event_name":"Shining Light","player_choice":"Entered Light","floor":3,"damage_taken":0},{"event_name":"World of Goop","player_choice":"Left","floor":8,"damage_taken":0},{"event_name":"The Mausoleum","player_choice":"No","floor":20,"damage_taken":0},{"event_name":"Upgrade Shrine","player_choice":"Upgraded","floor":21,"damage_taken":0},{"event_name":"Transmorgrifier","player_choice":"Transform","floor":22,"damage_taken":0}],"boss_relics":[{"not_picked":["Runic Dome","Orrery"],"picked":"Black Star"}],"potions_floor_spawned":[1,11,12,13],"seed_played":"6582528734057289449","killed_by":"Book of Stabbing","ascension_level":4,"is_trial":false}