{"gold_per_floor":[13,26,26,126,140,140,151,151,151,185,204,204,204,223,223,318,318,328,5,5,205,217,217,229,229,229,229,247,172,72,129,129,227,227,241,260,260,260,73,73,93,93,93,193,210,210,221,221],"floor_reached":48,"playtime":2719,"items_purged":["Venomology","Strike_G"],"score":541,"play_id":"c07677bb-0c98-49a2-a80f-bef113b5f017","local_time":"20190207202230","is_ascension_mode":true,"campfire_choices":[{"data":"Sucker Punch","floor":6,"key":"SMITH"},{"data":"Footwork","floor":8,"key":"SMITH"},{"data":"Caltrops","floor":13,"key":"SMITH"},{"data":"After Image","floor":15,"key":"SMITH"},{"floor":25,"key":"REST"},{"floor":27,"key":"REST"},{"floor":32,"key":"REST"},{"floor":40,"key":"REST"},{"floor":42,"key":"REST"},{"floor":46,"key":"REST"}],"neow_cost":"NO_GOLD","seed_source_timestamp":15955963815800,"circlet_count":0,"master_deck":["Defend_G","Defend_G","Defend_G","Defend_G","Defend_G","Strike_G","Strike_G","Strike_G","Strike_G","Neutralize","Finesse","Magnetism+1","Footwork+1","Backstab","Sucker Punch+1","Infinite Blades","Caltrops+1","Cloak And Dagger","After Image+1","Finisher","A Thousand Cuts","Underhanded Strike+1","Blur","PanicButton","Footwork","Well Laid Plans+1"],"relics":["Ring of the Snake","Orichalcum","Darkstone Periapt","Strawberry","Sozu","Ornamental Fan","Nilry\u0027s Codex","Bottled Flame","Tiny Chest","HoveringKite","Snake Skull","Frozen Egg 2"],"potions_floor_usage":[14,16,22],"damage_taken":[{"damage":5,"enemies":"Small Slimes","floor":1,"turns":4},{"damage":1,"enemies":"Cultist","floor":2,"turns":6},{"damage":2,"enemies":"Jaw Worm","floor":5,"turns":4},{"damage":1,"enemies":"Blue Slaver","floor":7,"turns":2},{"damage":18,"enemies":"3 Sentries","floor":10,"turns":7},{"damage":0,"enemies":"Large Slime","floor":11,"turns":6},{"damage":6,"enemies":"Lots of Slimes","floor":14,"turns":2},{"damage":12,"enemies":"Hexaghost","floor":16,"turns":9},{"damage":2,"enemies":"3 Byrds","floor":18,"turns":2},{"damage":39,"enemies":"Chosen","floor":22,"turns":6},{"damage":8,"enemies":"Centurion and Healer","floor":24,"turns":7},{"damage":15,"enemies":"Snake Plant","floor":28,"turns":5},{"damage":63,"enemies":"Collector","floor":33,"turns":12},{"damage":23,"enemies":"3 Darklings","floor":35,"turns":6},{"damage":24,"enemies":"Orb Walker","floor":36,"turns":5},{"damage":25,"enemies":"Sphere and 2 Shapes","floor":41,"turns":7},{"damage":31,"enemies":"Maw","floor":45,"turns":11},{"damage":55,"enemies":"4 Shapes","floor":47,"turns":7},{"damage":20,"enemies":"Transient","floor":48,"turns":2}],"seed_played":"2816983311920454748","potions_obtained":[{"floor":2,"key":"Block Potion"},{"floor":5,"key":"Explosive Potion"},{"floor":16,"key":"GamblersBrew"}],"is_trial":false,"path_per_floor":["M","M","?","?","M","R","M","R","T","E","M","?","R","M","R","B",null,"M","$","?","?","M","?","M","R","T","R","M","?","$","T","R","B",null,"M","M","?","?","$","R","M","R","T","?","M","R","M","M"],"character_chosen":"THE_SILENT","items_purchased":["Ornamental Fan","Footwork","Snake Skull"],"campfire_rested":6,"item_purchase_floors":[19,39,39],"current_hp_per_floor":[65,64,64,64,62,62,61,61,61,43,43,56,56,50,50,38,83,81,81,65,65,26,10,2,28,28,54,39,39,39,39,65,2,88,65,41,41,41,41,67,42,68,68,68,37,63,8,0],"gold":221,"neow_bonus":"RANDOM_COLORLESS_2","is_prod":false,"is_daily":false,"chose_seed":false,"campfire_upgraded":4,"win_rate":0,"timestamp":1549567350,"path_taken":["M","M","?","?","?","R","M","R","T","E","M","?","R","M","R","BOSS","M","$","?","?","?","?","M","R","T","R","M","?","$","?","R","BOSS","M","M","?","?","$","R","M","R","T","?","M","R","M","M"],"build_version":"2019-01-23","purchased_purges":2,"victory":false,"max_hp_per_floor":[70,70,70,70,70,70,70,70,70,70,70,83,83,83,83,83,83,83,83,83,83,83,88,88,88,88,88,88,88,88,88,88,88,88,88,88,88,88,88,88,88,88,88,88,88,88,88,88],"card_choices":[{"not_picked":["All Out Attack","Blade Dance"],"picked":"Footwork","floor":1},{"not_picked":["Dagger Throw","Underhanded Strike"],"picked":"Backstab","floor":2},{"not_picked":["Acrobatics","PiercingWail"],"picked":"Sucker Punch","floor":5},{"not_picked":["Unload","Deflect"],"picked":"Infinite Blades","floor":7},{"not_picked":["Flechettes","Poisoned Stab"],"picked":"Caltrops","floor":10},{"not_picked":["Choke","Dagger Throw"],"picked":"Cloak And Dagger","floor":11},{"not_picked":["Bane","All Out Attack"],"picked":"After Image","floor":14},{"not_picked":["Phantasmal Killer","Storm of Steel"],"picked":"Venomology","floor":16},{"not_picked":["Outmaneuver","Deadly Poison+1","Underhanded Strike"],"picked":"SKIP","floor":18},{"not_picked":["Dodge and Roll","Phantasmal Killer"],"picked":"Finisher","floor":22},{"not_picked":["Reflex+1","Backflip","Terror"],"picked":"SKIP","floor":24},{"not_picked":["All Out Attack","Skewer","Deadly Poison"],"picked":"SKIP","floor":28},{"not_picked":["Wraith Form v2","Glass Knife"],"picked":"A Thousand Cuts","floor":33},{"not_picked":["Sucker Punch","Deadly Poison+1"],"picked":"Underhanded Strike+1","floor":35},{"not_picked":["Deadly Poison","Heel Hook+1"],"picked":"Blur","floor":36},{"not_picked":["Chrysalis","Deep Breath"],"picked":"PanicButton","floor":38},{"not_picked":["Slice+1","Backflip","Sucker Punch+1"],"picked":"SKIP","floor":41},{"not_picked":["Terror+1","Slice+1","Deflect"],"picked":"SKIP","floor":45},{"not_picked":["Expertise+1","Dagger Throw"],"picked":"Well Laid Plans+1","floor":47}],"player_experience":234024,"relics_obtained":[{"floor":9,"key":"Orichalcum"},{"floor":10,"key":"Darkstone Periapt"},{"floor":20,"key":"Nilry\u0027s Codex"},{"floor":26,"key":"Bottled Flame"},{"floor":31,"key":"Tiny Chest"},{"floor":43,"key":"Frozen Egg 2"}],"event_choices":[{"damage_healed":0,"gold_gain":0,"player_choice":"Grow","damage_taken":0,"max_hp_gain":0,"max_hp_loss":0,"event_name":"Living Wall","floor":3,"gold_loss":0,"cards_upgraded":["Magnetism"]},{"damage_healed":0,"gold_gain":100,"player_choice":"Pray","damage_taken":0,"max_hp_gain":0,"max_hp_loss":0,"event_name":"Golden Shrine","floor":4,"gold_loss":0},{"damage_healed":0,"gold_gain":0,"player_choice":"Box","damage_taken":0,"relics_obtained":["Strawberry"],"max_hp_gain":0,"max_hp_loss":0,"event_name":"Big Fish","floor":12,"gold_loss":0,"cards_obtained":["Regret"]},{"damage_healed":0,"gold_gain":0,"player_choice":"Obtained Book","damage_taken":16,"max_hp_gain":0,"max_hp_loss":0,"event_name":"Cursed Tome","floor":20,"gold_loss":0},{"damage_healed":0,"gold_gain":200,"player_choice":"Gold","damage_taken":0,"max_hp_gain":0,"max_hp_loss":0,"event_name":"Wheel of Change","floor":21,"gold_loss":0},{"damage_healed":0,"gold_gain":0,"player_choice":"Shed Blood","damage_taken":21,"max_hp_gain":5,"max_hp_loss":0,"event_name":"Forgotten Altar","floor":23,"gold_loss":0},{"cards_removed":["Regret"],"damage_healed":0,"gold_gain":0,"player_choice":"Gave Gold","damage_taken":0,"max_hp_gain":0,"max_hp_loss":0,"event_name":"Beggar","floor":29,"gold_loss":75},{"cards_removed":["Survivor"],"damage_healed":0,"gold_gain":0,"player_choice":"Removed Skill","damage_taken":0,"max_hp_gain":0,"max_hp_loss":0,"event_name":"Falling","floor":37,"gold_loss":0},{"damage_healed":0,"gold_gain":0,"player_choice":"Memory 1","damage_taken":0,"max_hp_gain":0,"max_hp_loss":0,"event_name":"SensoryStone","floor":38,"gold_loss":0},{"damage_healed":0,"gold_gain":100,"player_choice":"Pray","damage_taken":0,"max_hp_gain":0,"max_hp_loss":0,"event_name":"Golden Shrine","floor":44,"gold_loss":0}],"is_beta":false,"boss_relics":[{"not_picked":["Eternal Feather","Orrery"],"picked":"Sozu"},{"not_picked":["White Beast Statue","Lizard Tail"],"picked":"HoveringKite"}],"items_purged_floors":[19,30],"is_endless":false,"potions_floor_spawned":[2,5,16,28,33,41,47],"killed_by":"Transient","ascension_level":4}