{"path_per_floor":["M","M","M","?","$","R","E","M","T","R","M","M","?","E","R","B",null,"M","M","?","$","M","E","M","R","T","R","?","?","M","M","R","B",null,"M","?","?","?","$","R","M","M","T","M","M","R","?","?","R"],"character_chosen":"DEFECT","items_purchased":["Reboot","Thinking Ahead","Sadistic Nature","Madness"],"gold_per_floor":[111,127,142,142,4,4,35,47,47,47,64,84,84,148,148,253,253,271,285,285,210,221,249,260,260,328,328,328,328,340,360,360,461,461,476,476,476,476,10,10,26,44,44,57,70,70,70,70,70,70],"floor_reached":50,"campfire_rested":4,"playtime":1965,"current_hp_per_floor":[74,70,70,63,63,63,37,28,28,28,23,18,43,43,65,70,80,57,57,47,47,47,22,13,38,38,63,63,63,57,54,54,8,86,83,83,83,83,83,83,58,50,50,50,50,50,50,50,75,0],"items_purged":["Strike_B","Strike_B"],"gold":70,"score":659,"play_id":"7ae6c75d-c4d0-4c7c-8859-d9c724e27bea","local_time":"20180510152124","is_prod":false,"is_daily":false,"chose_seed":false,"is_ascension_mode":true,"campfire_upgraded":5,"timestamp":1525990884,"path_taken":["M","M","?","?","$","R","E","M","T","R","M","M","?","E","R","BOSS","M","M","?","$","M","E","M","R","T","R","?","?","M","?","R","BOSS","M","?","?","?","$","R","M","?","T","M","M","R","?","?","R","BOSS"],"build_version":"2018-05-10","seed_source_timestamp":56417415295448,"purchased_purges":2,"victory":false,"master_deck":["Strike_B","Strike_B","Defend_B","Defend_B","Defend_B","Zap+1","Dualcast+1","Ball Lightning+1","Reboot","Sunder","Seek","Seek","Scrape","Leap+1","Necronomicurse","Sunder","Hyperbeam+1","Double Energy","Thinking Ahead+1","Sadistic Nature","Madness","Beam Cell+1","Madness"],"max_hp_per_floor":[75,75,75,75,75,75,75,75,75,75,75,75,75,75,75,80,80,80,80,86,86,86,86,86,86,86,86,86,86,86,86,86,86,86,86,86,86,86,86,86,86,86,86,86,86,86,86,86,86,86],"relics":["Cracked Core","Lantern","Darkstone Periapt","Kunai","Tiny Chest","Orrery","Necronomicon","Pantograph","The Courier","Lizard Tail","Shuriken","Mercury Hourglass"],"card_choices":[{"not_picked":["Impulse","Capacitor"],"picked":"Ball Lightning","floor":1},{"not_picked":["Steam Power","Genetic Algorithm"],"picked":"Sunder","floor":11},{"not_picked":["Beam Cell","Aggregate"],"picked":"Seek","floor":12},{"not_picked":["Amplify","Echo Form"],"picked":"Seek","floor":16},{"not_picked":["Chaos","Capacitor"],"picked":"Seek","floor":17},{"not_picked":["Rebound","Cold Snap"],"picked":"Scrape","floor":17},{"not_picked":["Static Discharge","Streamline"],"picked":"Leap","floor":18},{"not_picked":["Storm","Chill"],"picked":"Sunder","floor":22},{"not_picked":["Fission","Fusion"],"picked":"Hyperbeam","floor":33},{"not_picked":["Rebound","Hologram"],"picked":"Beam Cell","floor":41},{"not_picked":["Transmutation","Bandage Up"],"picked":"Madness","floor":48}],"player_experience":198166,"potions_floor_usage":[3,14,14,16,16,16,23,23,50,50,50],"damage_taken":[{"damage":1,"enemies":"Cultist","floor":1,"turns":4},{"damage":4,"enemies":"Small Slimes","floor":2,"turns":2},{"damage":0,"enemies":"Jaw Worm","floor":3,"turns":2},{"damage":26,"enemies":"3 Sentries","floor":7,"turns":6},{"damage":9,"enemies":"Red Slaver","floor":8,"turns":2},{"damage":5,"enemies":"Looter","floor":11,"turns":2},{"damage":5,"enemies":"Large Slime","floor":12,"turns":4},{"damage":0,"enemies":"Lagavulin","floor":14,"turns":3},{"damage":0,"enemies":"Slime Boss","floor":16,"turns":6},{"damage":23,"enemies":"Shell Parasite","floor":18,"turns":3},{"damage":0,"enemies":"3 Byrds","floor":19,"turns":4},{"damage":0,"enemies":"3 Cultists","floor":22,"turns":3},{"damage":25,"enemies":"Gremlin Leader","floor":23,"turns":8},{"damage":9,"enemies":"Snake Plant","floor":24,"turns":4},{"damage":6,"enemies":"Cultist and Chosen","floor":30,"turns":3},{"damage":3,"enemies":"Centurion and Healer","floor":31,"turns":3},{"damage":98,"enemies":"Collector","floor":33,"turns":12},{"damage":3,"enemies":"Orb Walker","floor":35,"turns":2},{"damage":25,"enemies":"3 Darklings","floor":41,"turns":3},{"damage":8,"enemies":"4 Shapes","floor":42,"turns":1},{"damage":0,"enemies":"Flame Bruiser 2 Orb","floor":44,"turns":2},{"damage":0,"enemies":"3 Darklings","floor":45,"turns":1},{"damage":146,"enemies":"Awakened One","floor":50,"turns":8}],"event_choices":[{"event_name":"Golden Wing","player_choice":"Card Removal","floor":4,"damage_taken":0},{"event_name":"Big Fish","player_choice":"Banana","floor":13,"damage_taken":0},{"event_name":"Cursed Tome","player_choice":"Obtained Book","floor":20,"damage_taken":0},{"event_name":"Ghosts","player_choice":"Ignored","floor":28,"damage_taken":0},{"event_name":"The Mausoleum","player_choice":"No","floor":29,"damage_taken":0},{"event_name":"Mysterious Sphere","player_choice":"Ignore","floor":36,"damage_taken":0},{"event_name":"Match and Keep!","player_choice":"1 cards matched","floor":37,"damage_taken":0},{"event_name":"Wheel of Change","player_choice":"Relic","floor":47,"damage_taken":0},{"event_name":"SensoryStone","player_choice":"Memory 1","floor":48,"damage_taken":0}],"boss_relics":[{"not_picked":["Sozu","Black Star"],"picked":"Orrery"},{"not_picked":["Calling Bell","Pandora\u0027s Box"],"picked":"Lizard Tail"}],"potions_floor_spawned":[1,3,11,14,18,22,23,33,35,45],"seed_played":"3951869639510605060","killed_by":"Awakened One","ascension_level":4,"is_trial":false}