{"gold_per_floor":[16,16,16,16,16,44,44,44,44,60,83,97,137,137,137,260,260,274,274,292,292],"floor_reached":21,"playtime":581,"items_purged":[],"score":294,"play_id":"628bfc5f-93d1-43fc-8c9b-eb203794f4c6","local_time":"20190123203952","is_ascension_mode":true,"campfire_choices":[{"data":"Chaos","floor":7,"key":"SMITH"},{"data":"Lockon","floor":15,"key":"SMITH"}],"neow_cost":"NO_GOLD","seed_source_timestamp":0,"circlet_count":0,"master_deck":["Strike_B","Strike_B","Defend_B","Defend_B","Defend_B","Defend_B","Zap+1","Dualcast","Biased Cognition","Ball Lightning","Chaos+1","Lockon+1","Undo","Multi-Cast","Capacitor+1","Consume"],"special_seed":0,"relics":["Cracked Core","Boot","Golden Idol","Frozen Egg 2","Regal Pillow","PreservedInsect","Sozu"],"potions_floor_usage":[13,13],"damage_taken":[{"damage":0.0,"enemies":"Small Slimes","floor":1.0,"turns":2.0},{"damage":25,"enemies":"3 Sentries","floor":6,"turns":6},{"damage":0,"enemies":"Cultist","floor":10,"turns":2},{"damage":0,"enemies":"2 Louse","floor":12,"turns":2},{"damage":0,"enemies":"Gremlin Nob","floor":13,"turns":3},{"damage":39,"enemies":"Hexaghost","floor":16,"turns":8},{"damage":11,"enemies":"3 Byrds","floor":18,"turns":4},{"damage":24,"enemies":"2 Thieves","floor":20,"turns":4},{"damage":18,"enemies":"Snake Plant","floor":21,"turns":2}],"seed_played":"-223859789440595874","potions_obtained":[{"floor":6,"key":"Swift Potion"},{"floor":10,"key":"Weak Potion"},{"floor":13,"key":"Fire Potion"}],"is_trial":false,"path_per_floor":["M","$","?","$","$","E","R","?","T","M","T","M","E","?","R","B",null,"M","?","M","M"],"character_chosen":"DEFECT","items_purchased":[],"campfire_rested":0,"item_purchase_floors":[],"current_hp_per_floor":[68,68,68,68,68,43,43,43,43,43,43,43,43,43,43,4,53,42,42,18,0],"gold":292,"neow_bonus":"THREE_RARE_CARDS","is_prod":false,"is_daily":false,"chose_seed":false,"campfire_upgraded":2,"win_rate":0,"timestamp":1548275992,"path_taken":["M","$","?","?","$","E","R","?","T","M","?","?","E","?","R","BOSS","M","?","M","M"],"build_version":"2019-01-23","purchased_purges":0,"victory":false,"max_hp_per_floor":[75,75,75,75,75,75,75,69,69,69,69,69,69,69,69,69,69,69,69,69,69],"card_choices":[{"not_picked":["Reboot","Fission"],"picked":"Biased Cognition","floor":0.0},{"not_picked":["Gash","Streamline"],"picked":"Ball Lightning","floor":1.0},{"not_picked":["FTL","Streamline"],"picked":"Chaos","floor":6},{"not_picked":["Sunder","Leap"],"picked":"Lockon","floor":10},{"not_picked":["Chaos","Storm+1","Leap"],"picked":"SKIP","floor":12},{"not_picked":["Steam Power","Sweeping Beam"],"picked":"Undo","floor":13},{"not_picked":["Thunder Strike","Rainbow"],"picked":"Multi-Cast","floor":16},{"not_picked":["Aggregate","Rebound"],"picked":"Capacitor+1","floor":18},{"not_picked":["Leap+1","Coolheaded"],"picked":"Consume","floor":20}],"player_experience":466617,"relics_obtained":[{"floor":6,"key":"Boot"},{"floor":9,"key":"Frozen Egg 2"},{"floor":11,"key":"Regal Pillow"},{"floor":13,"key":"PreservedInsect"}],"event_choices":[{"damage_healed":0.0,"max_hp_gain":0.0,"max_hp_loss":0.0,"gold_gain":0.0,"event_name":"Accursed Blacksmith","player_choice":"Forge","floor":3.0,"gold_loss":0.0,"damage_taken":0.0,"cards_upgraded":["Zap"]},{"damage_healed":0,"gold_gain":0,"player_choice":"Lose Max HP","damage_taken":0,"relics_obtained":["Golden Idol"],"max_hp_gain":0,"max_hp_loss":6,"event_name":"Golden Idol","floor":8,"gold_loss":0},{"cards_removed":["Strike_B"],"damage_healed":0,"gold_gain":0,"player_choice":"Forget","damage_taken":0,"max_hp_gain":0,"max_hp_loss":0,"event_name":"Living Wall","floor":14,"gold_loss":0},{"cards_removed":["Strike_B"],"damage_healed":0,"gold_gain":0,"player_choice":"Offered Basic","damage_taken":0,"max_hp_gain":0,"max_hp_loss":0,"event_name":"Bonfire Elementals","floor":19,"gold_loss":0}],"is_beta":true,"boss_relics":[{"not_picked":["Tiny House","Astrolabe"],"picked":"Sozu"}],"items_purged_floors":[],"is_endless":false,"potions_floor_spawned":[6,10,13],"killed_by":"Snake Plant","ascension_level":8}