{"gold_per_floor":[112,187,187,207,225,256,37,68,95,95,95,107,118,132,132,132],"floor_reached":16,"playtime":640,"items_purged":[],"score":129,"play_id":"9d9c983c-b64c-4152-b401-eb159b3e752e","local_time":"20190201020848","is_ascension_mode":true,"campfire_choices":[{"floor":11,"key":"REST"},{"floor":15,"key":"REST"}],"neow_cost":"NONE","seed_source_timestamp":38663079158657,"circlet_count":0,"master_deck":["Strike_R","Strike_R","Strike_R","Strike_R","Strike_R","Defend_R","Defend_R","Defend_R","Defend_R","Bash","Cleave","Flex","Disarm","Barricade","Armaments","Metamorphosis","Infernal Blade","Inflame","Flex","Twin Strike"],"relics":["Burning Blood","Potion Belt","Bag of Marbles","Bag of Preparation","NlothsMask"],"potions_floor_usage":[12],"damage_taken":[{"damage":3,"enemies":"Jaw Worm","floor":1,"turns":5},{"damage":1,"enemies":"Cultist","floor":4,"turns":4},{"damage":8,"enemies":"Small Slimes","floor":5,"turns":3},{"damage":65,"enemies":"Lagavulin","floor":6,"turns":7},{"damage":30,"enemies":"3 Sentries","floor":8,"turns":7},{"damage":0,"enemies":"2 Fungi Beasts","floor":12,"turns":4},{"damage":12,"enemies":"Exordium Wildlife","floor":13,"turns":5},{"damage":15,"enemies":"Looter","floor":14,"turns":3},{"damage":66,"enemies":"Hexaghost","floor":16,"turns":11}],"seed_played":"-7204781454031197993","potions_obtained":[{"floor":4,"key":"FairyPotion"},{"floor":8,"key":"Dexterity Potion"},{"floor":12,"key":"FairyPotion"},{"floor":13,"key":"Explosive Potion"}],"is_trial":false,"path_per_floor":["M","?","$","M","M","E","$","E","T","?","R","M","M","M","R","B"],"character_chosen":"IRONCLAD","items_purchased":["Armaments","Metamorphosis"],"campfire_rested":2,"item_purchase_floors":[7,7],"current_hp_per_floor":[88,77,77,82,80,21,21,9,9,9,35,41,35,26,52,0],"gold":132,"neow_bonus":"TEN_PERCENT_HP_BONUS","is_prod":false,"is_daily":false,"chose_seed":false,"campfire_upgraded":0,"win_rate":0,"timestamp":1548983328,"path_taken":["M","?","$","M","M","E","$","E","T","?","R","M","M","M","R","BOSS"],"build_version":"2019-01-23","purchased_purges":0,"victory":false,"max_hp_per_floor":[88,88,88,88,88,88,88,88,88,88,88,88,88,88,88,88],"card_choices":[{"not_picked":["Wild Strike","Body Slam"],"picked":"Cleave","floor":1},{"not_picked":["Wild Strike","True Grit"],"picked":"Flex","floor":4},{"not_picked":["Dropkick","Anger"],"picked":"Disarm","floor":5},{"not_picked":["Headbutt","Fiend Fire"],"picked":"Barricade","floor":6},{"not_picked":["Headbutt","Iron Wave"],"picked":"Infernal Blade","floor":8},{"not_picked":["Intimidate","Cleave"],"picked":"Inflame","floor":12},{"not_picked":["Whirlwind","Perfected Strike"],"picked":"Flex","floor":13},{"not_picked":["Carnage","Seeing Red"],"picked":"Twin Strike","floor":14}],"player_experience":147866,"relics_obtained":[{"floor":6,"key":"Potion Belt"},{"floor":8,"key":"Bag of Marbles"},{"floor":9,"key":"Bag of Preparation"}],"event_choices":[{"damage_healed":0,"gold_gain":75,"player_choice":"Gather Gold","damage_taken":11,"max_hp_gain":0,"max_hp_loss":0,"event_name":"World of Goop","floor":2,"gold_loss":0},{"damage_healed":0,"gold_gain":0,"player_choice":"Trade","damage_taken":0,"relics_obtained":["NlothsMask"],"max_hp_gain":0,"max_hp_loss":0,"event_name":"FaceTrader","floor":10,"gold_loss":0}],"is_beta":false,"boss_relics":[],"items_purged_floors":[],"is_endless":false,"potions_floor_spawned":[4,8,12,13],"killed_by":"Hexaghost","ascension_level":3}