{"gold_per_floor":[10,10,35,55,78,78,119,119,119,133,133,173,173,173,173,173],"floor_reached":16,"playtime":768,"items_purged":[],"score":127,"play_id":"aa4b3966-d184-43e0-a928-43b9f4717928","local_time":"20190202225247","is_ascension_mode":true,"campfire_choices":[{"floor":6,"key":"RECALL"},{"floor":8,"key":"REST"},{"floor":11,"key":"REST"},{"floor":13,"key":"REST"},{"floor":15,"key":"REST"}],"neow_cost":"NO_GOLD","seed_source_timestamp":28340016506060,"circlet_count":0,"master_deck":["Defend_G","Defend_G","Defend_G","Defend_G","Defend_G","Strike_G","Strike_G","Strike_G","Strike_G","Strike_G","Survivor","Neutralize","Night Terror","Poisoned Stab","Setup","Poisoned Stab","Outmaneuver","Noxious Fumes","All Out Attack"],"relics":["Ring of the Snake","Golden Idol","Oddly Smooth Stone","Bag of Marbles","Matryoshka","Vajra"],"potions_floor_usage":[7],"damage_taken":[{"damage":1,"enemies":"Cultist","floor":1,"turns":5},{"damage":0,"enemies":"Small Slimes","floor":3,"turns":4},{"damage":6,"enemies":"Jaw Worm","floor":4,"turns":5},{"damage":1,"enemies":"2 Fungi Beasts","floor":5,"turns":4},{"damage":34,"enemies":"Lagavulin","floor":7,"turns":6},{"damage":19,"enemies":"Large Slime","floor":10,"turns":8},{"damage":30,"enemies":"Gremlin Nob","floor":12,"turns":4},{"damage":51,"enemies":"The Guardian","floor":16,"turns":5}],"seed_played":"5856089023190838300","potions_obtained":[{"floor":3,"key":"Swift Potion"},{"floor":5,"key":"Poison Potion"},{"floor":12,"key":"SteroidPotion"}],"is_trial":false,"path_per_floor":["M","?","M","M","M","R","E","R","T","M","R","E","R","?","R","B"],"character_chosen":"THE_SILENT","items_purchased":[],"campfire_rested":4,"item_purchase_floors":[],"current_hp_per_floor":[69,65,65,59,58,58,24,43,43,24,43,13,32,32,51,0],"gold":173,"neow_bonus":"THREE_RARE_CARDS","is_prod":false,"is_daily":false,"chose_seed":false,"campfire_upgraded":0,"win_rate":0,"timestamp":1549144367,"path_taken":["M","?","M","M","M","R","E","R","T","M","R","E","R","?","R","BOSS"],"build_version":"2019-01-23","purchased_purges":0,"victory":false,"max_hp_per_floor":[70,65,65,65,65,65,65,65,65,65,65,65,65,65,65,65],"card_choices":[{"not_picked":["Doppelganger","Bullet Time"],"picked":"Night Terror","floor":0},{"not_picked":["Bane","Sucker Punch"],"picked":"Poisoned Stab","floor":1},{"not_picked":["Dagger Throw","Cloak And Dagger"],"picked":"Setup","floor":3},{"not_picked":["Deadly Poison","Quick Slash"],"picked":"Poisoned Stab","floor":4},{"not_picked":["Unload","Predator"],"picked":"Outmaneuver","floor":5},{"not_picked":["Escape Plan","Acrobatics","Prepared"],"picked":"SKIP","floor":7},{"not_picked":["Flying Knee","Dodge and Roll"],"picked":"Noxious Fumes","floor":10},{"not_picked":["Terror","Dagger Spray"],"picked":"All Out Attack","floor":12}],"player_experience":196124,"relics_obtained":[{"floor":7,"key":"Oddly Smooth Stone"},{"floor":9,"key":"Bag of Marbles"},{"floor":12,"key":"Matryoshka"}],"event_choices":[{"damage_healed":0,"gold_gain":0,"player_choice":"Lose Max HP","damage_taken":0,"relics_obtained":["Golden Idol"],"max_hp_gain":0,"max_hp_loss":5,"event_name":"Golden Idol","floor":2,"gold_loss":0},{"damage_healed":0,"gold_gain":0,"player_choice":"Searched \u00272\u0027 times","damage_taken":0,"relics_obtained":["Vajra"],"max_hp_gain":0,"max_hp_loss":0,"event_name":"Dead Adventurer","floor":14,"gold_loss":0}],"is_beta":false,"boss_relics":[],"items_purged_floors":[],"is_endless":false,"potions_floor_spawned":[3,5,12],"killed_by":"The Guardian","ascension_level":3}