{"gold_per_floor":[119,119,44,44,68,68,88,128,153,153,189,210,285,285,285,409,409,430,405,424,38,38],"floor_reached":22,"playtime":904,"items_purged":["Injury","Parasite"],"score":310,"play_id":"fbdba445-30b9-48e6-9f0c-186e0e1a2e80","local_time":"20190203220738","is_ascension_mode":true,"campfire_choices":[{"data":"Dualcast","floor":6.0,"key":"SMITH"},{"floor":10.0,"key":"REST"},{"floor":15,"key":"REST"}],"neow_cost":"NONE","seed_source_timestamp":0,"circlet_count":0,"master_deck":["AscendersBane","Defend_B","Defend_B","Defend_B","Defend_B","Zap","Dualcast+1","Seek","Chill","Core Surge","Capacitor","Cold Snap","Thunder Strike","Conserve Battery","Buffer","Fission+1","Seek+1","Hologram+1","Coolheaded"],"special_seed":0,"relics":["Cracked Core","Golden Idol","Bronze Scales","Potion Belt","Symbiotic Virus","Astrolabe","StoneCalendar"],"potions_floor_usage":[11,22],"damage_taken":[{"damage":7.0,"enemies":"Jaw Worm","floor":1.0,"turns":3.0},{"damage":1.0,"enemies":"2 Louse","floor":5.0,"turns":2.0},{"damage":0.0,"enemies":"Cultist","floor":7.0,"turns":3.0},{"damage":34.0,"enemies":"Gremlin Nob","floor":8.0,"turns":5.0},{"damage":9,"enemies":"Lagavulin","floor":11,"turns":6},{"damage":5,"enemies":"3 Louse","floor":12,"turns":2},{"damage":43,"enemies":"Slime Boss","floor":16,"turns":14},{"damage":0,"enemies":"Chosen","floor":18,"turns":4},{"damage":13,"enemies":"2 Thieves","floor":19,"turns":5},{"damage":16,"enemies":"Snake Plant","floor":20,"turns":4},{"damage":32,"enemies":"3 Cultists","floor":22,"turns":4}],"seed_played":"-6720803044607844260","potions_obtained":[{"floor":7.0,"key":"FocusPotion"},{"floor":11,"key":"Dexterity Potion"},{"floor":12,"key":"GamblersBrew"},{"floor":18,"key":"Explosive Potion"}],"is_trial":false,"path_per_floor":["M","?","$","?","M","R","M","E","T","R","E","M","?","?","R","B",null,"M","M","M","$","M"],"character_chosen":"DEFECT","items_purchased":["StoneCalendar"],"campfire_rested":2,"item_purchase_floors":[21],"current_hp_per_floor":[61,61,61,61,60,60,60,26,26,48,39,34,23,41,63,20,61,61,48,32,32,0],"gold":38,"neow_bonus":"ONE_RANDOM_RARE_CARD","is_prod":false,"is_daily":false,"chose_seed":false,"campfire_upgraded":1,"win_rate":0,"timestamp":1549249658,"path_taken":["M","?","$","?","?","R","M","E","T","R","E","M","?","?","R","BOSS","M","M","M","$","M"],"build_version":"2019-01-23","purchased_purges":2,"victory":false,"max_hp_per_floor":[75,75,75,75,75,75,75,75,75,75,75,75,75,75,75,75,75,75,75,75,72,72],"card_choices":[{"not_picked":["Rebound","Turbo"],"picked":"Chill","floor":1.0},{"not_picked":["Steam","Double Energy"],"picked":"Core Surge","floor":5.0},{"not_picked":["Cold Snap","Double Energy"],"picked":"Capacitor","floor":7.0},{"not_picked":["Rebound","Redo"],"picked":"Cold Snap","floor":8.0},{"not_picked":["Beam Cell","Hologram"],"picked":"Thunder Strike","floor":11},{"not_picked":["Turbo","Hello World"],"picked":"Conserve Battery","floor":12},{"not_picked":["Meteor Strike","Hyperbeam"],"picked":"Buffer","floor":16},{"not_picked":["Static Discharge","Double Energy","Tempest"],"picked":"SKIP","floor":18},{"not_picked":["Ball Lightning","Chill","Storm"],"picked":"SKIP","floor":19},{"not_picked":["Steam Power","Barrage"],"picked":"Coolheaded","floor":20}],"player_experience":220049,"relics_obtained":[{"floor":8.0,"key":"Bronze Scales"},{"floor":9.0,"key":"Potion Belt"},{"floor":11,"key":"Symbiotic Virus"}],"event_choices":[{"damage_healed":0.0,"max_hp_gain":0.0,"max_hp_loss":0.0,"gold_gain":0.0,"event_name":"Golden Idol","player_choice":"Take Wound","floor":2.0,"gold_loss":0.0,"damage_taken":0.0,"relics_obtained":["Golden Idol"],"cards_obtained":["Injury"]},{"cards_removed":["Strike_B"],"damage_healed":0.0,"max_hp_gain":0.0,"max_hp_loss":0.0,"gold_gain":0.0,"event_name":"Bonfire Elementals","player_choice":"Offered Basic","floor":4.0,"gold_loss":0.0,"damage_taken":0.0},{"damage_healed":0,"gold_gain":75,"player_choice":"Gather Gold","damage_taken":11,"max_hp_gain":0,"max_hp_loss":0,"event_name":"World of Goop","floor":13,"gold_loss":0},{"damage_healed":18,"gold_gain":0,"player_choice":"Healed and dodged fight","damage_taken":0,"max_hp_gain":0,"max_hp_loss":0,"event_name":"Mushrooms","floor":14,"gold_loss":0,"cards_obtained":["Parasite"]}],"is_beta":false,"boss_relics":[{"not_picked":["Runic Dome","White Beast Statue"],"picked":"Astrolabe"}],"items_purged_floors":[3,21],"is_endless":false,"potions_floor_spawned":[7,11,12,18],"killed_by":"3 Cultists","ascension_level":12}