{"gold_per_floor":[116,136,136,136,77,121,121,162,185,200,223,263,188,188,188,311,311,335,350,290,315,315],"floor_reached":22,"playtime":1225,"items_purged":["Injury"],"score":280,"play_id":"91201f10-e99b-4886-acb6-334caf90938c","local_time":"20181116230304","is_ascension_mode":true,"campfire_choices":[{"floor":7,"key":"REST"},{"floor":15,"key":"REST"}],"neow_cost":"NONE","seed_source_timestamp":185065939111611,"circlet_count":0,"master_deck":["Defend_G","Defend_G","Defend_G","Strike_G","Strike_G","Strike_G","Survivor","Neutralize","Predator","All Out Attack","Doppelganger","Well Laid Plans","Underhanded Strike","Footwork","Burst","Dagger Spray","Wraith Form v2"],"relics":["Sozu","Golden Idol","Happy Flower","Ninja Scroll","Mercury Hourglass","Strawberry","Pear","Empty Cage"],"potions_floor_usage":[],"damage_taken":[{"damage":0,"enemies":"Small Slimes","floor":1,"turns":3},{"damage":3,"enemies":"2 Louse","floor":2,"turns":3},{"damage":26,"enemies":"Lagavulin","floor":6,"turns":7},{"damage":10,"enemies":"3 Sentries","floor":8,"turns":6},{"damage":0,"enemies":"Cultist","floor":10,"turns":2},{"damage":0,"enemies":"Large Slime","floor":11,"turns":5},{"damage":30,"enemies":"Lagavulin","floor":12,"turns":5},{"damage":27,"enemies":"The Guardian","floor":16,"turns":12},{"damage":14,"enemies":"Spheric Guardian","floor":18,"turns":4},{"damage":24,"enemies":"Chosen","floor":19,"turns":5},{"damage":33,"enemies":"Snake Plant","floor":21,"turns":6},{"damage":0,"enemies":"Centurion and Healer","floor":22,"turns":1}],"seed_played":"-1475783941276245895","potions_obtained":[],"is_trial":false,"path_per_floor":["M","M","?","?","?","E","R","E","T","M","M","E","$","?","R","B",null,"M","M","?","M","M"],"character_chosen":"THE_SILENT","items_purchased":[],"campfire_rested":2,"item_purchase_floors":[],"current_hp_per_floor":[70,67,60,60,60,34,55,45,52,52,52,32,32,32,58,31,73,59,35,35,2,2],"gold":315,"neow_bonus":"BOSS_RELIC","is_prod":false,"is_daily":false,"chose_seed":false,"campfire_upgraded":0,"win_rate":0,"timestamp":1542409384,"path_taken":["M","M","?","?","?","E","R","E","T","M","?","E","$","?","R","BOSS","M","M","?","?","M"],"build_version":"2018-11-15","purchased_purges":1,"victory":false,"max_hp_per_floor":[70,70,70,70,70,70,70,70,77,77,77,87,87,87,87,87,87,87,87,87,87,87],"card_choices":[{"not_picked":["PiercingWail","Leg Sweep"],"picked":"Predator","floor":1},{"not_picked":["Dodge and Roll","Backflip","Sucker Punch"],"picked":"SKIP","floor":2},{"not_picked":["Deflect","Poisoned Stab"],"picked":"All Out Attack","floor":6},{"not_picked":["Dagger Spray","Bullet Time"],"picked":"Doppelganger","floor":8},{"not_picked":["Distraction","Dodge and Roll"],"picked":"Well Laid Plans","floor":10},{"not_picked":["Bane","Heel Hook"],"picked":"Underhanded Strike","floor":11},{"not_picked":["Quick Slash","Poisoned Stab"],"picked":"Footwork","floor":12},{"not_picked":["Grand Finale","After Image"],"picked":"Burst","floor":16},{"not_picked":["Poisoned Stab","Quick Slash"],"picked":"Prepared+1","floor":18},{"not_picked":["Masterful Stab+1","Deflect","Riddle With Holes"],"picked":"SKIP","floor":19},{"not_picked":["Deflect","Bouncing Flask","Riddle With Holes"],"picked":"SKIP","floor":21}],"player_experience":313399,"relics_obtained":[{"floor":6,"key":"Ninja Scroll"},{"floor":8,"key":"Mercury Hourglass"},{"floor":9,"key":"Strawberry"},{"floor":12,"key":"Pear"}],"event_choices":[{"cards_removed":["Strike_G"],"damage_healed":0,"gold_gain":0,"player_choice":"Card Removal","damage_taken":7,"max_hp_gain":0,"max_hp_loss":0,"event_name":"Golden Wing","floor":3,"gold_loss":0},{"damage_healed":0,"gold_gain":0,"player_choice":"Take Wound","damage_taken":0,"relics_obtained":["Golden Idol"],"max_hp_gain":0,"max_hp_loss":0,"event_name":"Golden Idol","floor":4,"gold_loss":0,"cards_obtained":["Injury"]},{"damage_healed":0,"gold_gain":0,"player_choice":"Paid Gold","damage_taken":0,"relics_obtained":["Happy Flower"],"max_hp_gain":0,"max_hp_loss":0,"event_name":"WeMeetAgain","floor":5,"gold_loss":59},{"damage_healed":0,"gold_gain":0,"player_choice":"Ignored","damage_taken":0,"max_hp_gain":0,"max_hp_loss":0,"event_name":"Liars Game","floor":14,"gold_loss":0},{"damage_healed":0,"gold_gain":0,"cards_transformed":["Prepared","Defend_G"],"player_choice":"Transformed Cards","damage_taken":0,"max_hp_gain":0,"max_hp_loss":0,"event_name":"Designer","floor":20,"gold_loss":60,"cards_obtained":["Dagger Spray","Wraith Form v2"]}],"is_beta":true,"boss_relics":[{"not_picked":["Eternal Feather","WristBlade"],"picked":"Empty Cage"}],"items_purged_floors":[13],"is_endless":false,"potions_floor_spawned":[1,6,16,21],"killed_by":"Centurion and Healer","ascension_level":5}