{"path_per_floor":["M","M","M","M","$","R","E","?","T","M","M","M","R","?","R","B",null,"M","M","M","?"],"character_chosen":"DEFECT","items_purchased":["Glacier","Bag of Preparation"],"gold_per_floor":[114,129,144,159,11,11,41,116,141,156,171,186,186,186,186,286,286,301,316,331,254,4],"floor_reached":22,"campfire_rested":0,"playtime":1436,"item_purchase_floors":[5,22],"current_hp_per_floor":[74,74,74,66,66,66,54,43,43,36,36,36,36,36,36,15,75,75,73,68,68,68],"items_purged":["Defend_B","Seek+1"],"gold":4,"score":215,"play_id":"b5843e89-b274-409d-86af-1aa8fd02de2b","local_time":"20180610220027","daily_mods":["Specialized","Uncertain Future","Night Terrors"],"is_prod":false,"is_daily":true,"chose_seed":false,"is_ascension_mode":false,"campfire_upgraded":3,"win_rate":0,"timestamp":1528664427,"campfire_choices":[{"data":"Seek","floor":6,"key":"SMITH"},{"data":"Blizzard","floor":13,"key":"SMITH"},{"data":"Seek","floor":15,"key":"SMITH"}],"path_taken":["M","?","M","M","$","R","E","?","T","M","M","M","R","?","R","BOSS","M","M","M","?","$"],"build_version":"2018-06-08","seed_source_timestamp":0,"purchased_purges":2,"victory":false,"master_deck":["Strike_B","Strike_B","Strike_B","Defend_B","Defend_B","Defend_B","Zap","Dualcast","Seek","Seek","Seek","Seek+1","Conserve Battery","Go for the Eyes","Storm","Glacier","Chill","Sweeping Beam","Blizzard+1","Seek","Skim+1","Turbo","Beam Cell","J.A.X."],"max_hp_per_floor":[75,75,75,75,75,75,75,75,75,75,75,75,75,75,75,75,75,75,75,75,75,75],"relics":["Cracked Core","Mercury Hourglass","Art of War","Runic Pyramid","Bag of Preparation"],"card_choices":[{"not_picked":["Capacitor","Compile Driver"],"picked":"Conserve Battery","floor":1},{"not_picked":["Barrage","Coolheaded","Scrape"],"picked":"SKIP","floor":2},{"not_picked":["Redo","Compile Driver"],"picked":"Go for the Eyes","floor":3},{"not_picked":["Coolheaded","Go for the Eyes"],"picked":"Storm","floor":4},{"not_picked":["FTL","Barrage","Ball Lightning"],"picked":"SKIP","floor":7},{"not_picked":["Lockon","Conserve Battery"],"picked":"Chill","floor":10},{"not_picked":["Leap","Conserve Battery"],"picked":"Sweeping Beam","floor":11},{"not_picked":["Ball Lightning","FTL"],"picked":"Blizzard","floor":12},{"not_picked":["Hyperbeam","Machine Learning"],"picked":"Seek","floor":16},{"not_picked":["Turbo","Beam Cell"],"picked":"Skim+1","floor":18},{"not_picked":["Capacitor","Cold Snap+1"],"picked":"Turbo","floor":19},{"not_picked":["Sweeping Beam+1","Rebound"],"picked":"Beam Cell","floor":20}],"player_experience":247659,"potions_floor_usage":[7],"damage_taken":[{"damage":1,"enemies":"Cultist","floor":1,"turns":4},{"damage":0,"enemies":"2 Louse","floor":2,"turns":1},{"damage":0,"enemies":"Jaw Worm","floor":3,"turns":3},{"damage":8,"enemies":"2 Fungi Beasts","floor":4,"turns":4},{"damage":12,"enemies":"3 Sentries","floor":7,"turns":8},{"damage":7,"enemies":"Exordium Thugs","floor":10,"turns":4},{"damage":0,"enemies":"Looter","floor":11,"turns":4},{"damage":0,"enemies":"3 Louse","floor":12,"turns":1},{"damage":21,"enemies":"The Guardian","floor":16,"turns":14},{"damage":0,"enemies":"Spheric Guardian","floor":18,"turns":4},{"damage":2,"enemies":"Chosen","floor":19,"turns":5},{"damage":5,"enemies":"Snake Plant","floor":20,"turns":5}],"relics_obtained":[{"floor":7,"key":"Mercury Hourglass"},{"floor":9,"key":"Art of War"}],"event_choices":[{"event_name":"World of Goop","player_choice":"Gather Gold","floor":8,"damage_taken":0},{"event_name":"Living Wall","player_choice":"Forget","floor":14,"damage_taken":0},{"event_name":"Drug Dealer","player_choice":"Got JAXXED","floor":21,"damage_taken":0}],"boss_relics":[{"not_picked":["Busted Crown","Black Star"],"picked":"Runic Pyramid"}],"items_purged_floors":[5,22],"potions_floor_spawned":[2,3,11,18,19],"seed_played":"3483754520663097572","ascension_level":0,"potions_obtained":[{"floor":2,"key":"PowerPotion"},{"floor":3,"key":"Ancient Potion"},{"floor":11,"key":"SpeedPotion"},{"floor":18,"key":"Explosive Potion"}],"is_trial":false}