{"gold_per_floor":[117,117,131,147,5,5,36,36,60,75,91,91,91],"floor_reached":13,"playtime":473,"items_purged":["Strike_B"],"score":115,"play_id":"f539bdca-3420-47a4-8954-e219e619f93c","local_time":"20190106223804","is_ascension_mode":true,"campfire_choices":[{"data":"Blizzard","floor":6.0,"key":"SMITH"},{"data":"Tempest","floor":8.0,"key":"SMITH"}],"neow_cost":"NONE","seed_source_timestamp":0,"circlet_count":0,"master_deck":["Strike_B","Defend_B","Defend_B","Defend_B","Zap","Dualcast","Tempest+1","Loop","Ball Lightning","Cold Snap","Blizzard+1","Reboot"],"special_seed":0,"relics":["Cracked Core","Bronze Scales","Omamori"],"potions_floor_usage":[13],"damage_taken":[{"damage":17.0,"enemies":"Small Slimes","floor":1.0,"turns":4.0},{"damage":1.0,"enemies":"Cultist","floor":3.0,"turns":3.0},{"damage":0.0,"enemies":"2 Louse","floor":4.0,"turns":3.0},{"damage":21.0,"enemies":"3 Sentries","floor":7.0,"turns":7.0},{"damage":8.0,"enemies":"Exordium Wildlife","floor":10.0,"turns":2.0},{"damage":17,"enemies":"Lots of Slimes","floor":11,"turns":4},{"damage":10,"enemies":"3 Louse","floor":13,"turns":1}],"seed_played":"3693506103219954435","potions_obtained":[{"floor":4.0,"key":"LiquidBronze"},{"floor":7.0,"key":"Poison Potion"}],"is_trial":false,"path_per_floor":["M","?","M","M","$","R","E","R","T","M","M","?","M"],"character_chosen":"DEFECT","items_purchased":["Blizzard"],"campfire_rested":0,"item_purchase_floors":[5],"current_hp_per_floor":[51,51,50,50,50,50,29,29,29,21,4,4,0],"gold":91,"neow_bonus":"TRANSFORM_CARD","is_prod":false,"is_daily":false,"chose_seed":false,"campfire_upgraded":2,"win_rate":0,"timestamp":1546814284,"path_taken":["M","?","?","M","$","R","E","R","T","M","M","?","M"],"build_version":"2019-01-03v4","purchased_purges":1,"victory":false,"max_hp_per_floor":[75,75,75,75,75,75,75,75,75,75,75,75,75],"card_choices":[{"not_picked":["Sweeping Beam","Conserve Battery"],"picked":"Loop","floor":1.0},{"not_picked":["Gash","Streamline"],"picked":"Ball Lightning","floor":3.0},{"not_picked":["Streamline","Conserve Battery"],"picked":"Cold Snap","floor":4.0},{"not_picked":["Ball Lightning","Compile Driver","Beam Cell"],"picked":"SKIP","floor":7.0},{"not_picked":["Rebound","Barrage","Sweeping Beam"],"picked":"SKIP","floor":10.0},{"not_picked":["Doom and Gloom","FTL"],"picked":"Reboot","floor":11}],"player_experience":376965,"relics_obtained":[{"floor":7.0,"key":"Bronze Scales"},{"floor":9.0,"key":"Omamori"}],"event_choices":[{"cards_removed":["Strike_B"],"damage_healed":0.0,"max_hp_gain":0.0,"max_hp_loss":0.0,"gold_gain":0.0,"event_name":"Wheel of Change","player_choice":"Card Removal","floor":2.0,"gold_loss":0.0,"damage_taken":0.0},{"cards_removed":["Defend_B"],"damage_healed":0,"gold_gain":0,"player_choice":"Forget","damage_taken":0,"max_hp_gain":0,"max_hp_loss":0,"event_name":"Living Wall","floor":12,"gold_loss":0}],"is_beta":true,"boss_relics":[],"items_purged_floors":[5],"is_endless":false,"potions_floor_spawned":[4,7],"killed_by":"3 Louse","ascension_level":7}