{"gold_per_floor":[114,129,89,104,119,149,149,149,149,164,179,209,224,224,224,324,324,339,354,104,119,119,119,394,394,394,424,439,454,46,61,61,161,161,176,176,41,41,56,56,71,86,86,86,101,116,116,131,131,131],"floor_reached":50,"playtime":2107,"items_purged":[],"score":805,"play_id":"b6e4dbc8-1138-4dd7-8b1b-b15efe9dd39b","local_time":"20190121062007","daily_mods":["Shiny","Hoarder","Binary"],"is_ascension_mode":false,"campfire_choices":[{"floor":8,"key":"DIG"},{"floor":15,"key":"DIG"},{"floor":23,"key":"DIG"},{"floor":25,"key":"DIG"},{"floor":32,"key":"DIG"},{"floor":40,"key":"DIG"},{"floor":44,"key":"DIG"},{"floor":47,"key":"DIG"},{"floor":49,"key":"DIG"}],"neow_cost":"","seed_source_timestamp":0,"circlet_count":0,"master_deck":["Double Tap","Demon Form","Bludgeon","Feed","Limit Break","Barricade","Fiend Fire","Berserk","Impervious","Juggernaut","Brutality","Reaper","Exhume","Offering","Immolate","Armaments","Armaments","Rupture","Rupture","Bludgeon","Bludgeon","Bludgeon","Rage+1","Rage+1","Rage+1","Flame Barrier+1","Flame Barrier+1","Flame Barrier+1","Exhume+1","Exhume+1","Exhume+1","Spot Weakness+1","Spot Weakness+1","Spot Weakness+1","Intimidate+1","Intimidate+1","Intimidate+1","Thunderclap","Thunderclap","Thunderclap","Regret","Regret","Regret","Entrench+1","Entrench+1","Entrench+1","Battle Trance+1","Battle Trance+1","Battle Trance+1","Enlightenment+1","Enlightenment+1","Enlightenment+1","Fire Breathing+1","Fire Breathing+1","Fire Breathing+1","Offering+1","Offering+1","Offering+1","Havoc+1","Havoc+1","Havoc+1","Chrysalis+1","Chrysalis+1","Chrysalis+1","Discovery+1","Discovery+1","Discovery+1","Trip+1","Trip+1","Trip+1","Warcry+1","Warcry+1","Warcry+1","PanicButton+1","PanicButton+1","PanicButton+1","Heavy Blade","Heavy Blade","Heavy Blade","Uppercut+1","Uppercut+1","Uppercut+1","Second Wind+1","Second Wind+1","Second Wind+1","Rupture+1","Rupture+1","Rupture+1"],"special_seed":17917,"relics":["Black Blood","Shovel","Kunai","Toxic Egg 2","Turnip","Sundial","Fusion Hammer","Bottled Tornado","Potion Belt","Frozen Egg 2","Mango","Bronze Scales","Brimstone","Calipers","Red Skull","Torii","PreservedInsect","Blue Candle","Blood Vial"],"potions_floor_usage":[5,16,29,46,50,50,50],"damage_taken":[{"damage":6,"enemies":"Small Slimes","floor":1,"turns":1},{"damage":2,"enemies":"Cultist","floor":2,"turns":3},{"damage":0,"enemies":"2 Louse","floor":4,"turns":3},{"damage":0,"enemies":"Gremlin Gang","floor":5,"turns":3},{"damage":16,"enemies":"3 Sentries","floor":6,"turns":4},{"damage":22,"enemies":"Looter","floor":10,"turns":2},{"damage":0,"enemies":"3 Louse","floor":11,"turns":1},{"damage":13,"enemies":"Gremlin Nob","floor":12,"turns":2},{"damage":25,"enemies":"Red Slaver","floor":13,"turns":2},{"damage":37,"enemies":"Slime Boss","floor":16,"turns":6},{"damage":0,"enemies":"3 Byrds","floor":18,"turns":4},{"damage":6,"enemies":"Chosen","floor":19,"turns":3},{"damage":14,"enemies":"Centurion and Healer","floor":21,"turns":7},{"damage":26,"enemies":"Gremlin Leader","floor":27,"turns":4},{"damage":17,"enemies":"Snake Plant","floor":28,"turns":2},{"damage":20,"enemies":"Cultist and Chosen","floor":29,"turns":8},{"damage":32,"enemies":"Shelled Parasite and Fungi","floor":31,"turns":5},{"damage":28,"enemies":"Champ","floor":33,"turns":8},{"damage":21,"enemies":"Orb Walker","floor":35,"turns":3},{"damage":37,"enemies":"3 Shapes","floor":39,"turns":5},{"damage":39,"enemies":"Transient","floor":41,"turns":5},{"damage":22,"enemies":"Sphere and 2 Shapes","floor":42,"turns":4},{"damage":28,"enemies":"Jaw Worm Horde","floor":45,"turns":2},{"damage":61,"enemies":"Transient","floor":46,"turns":5},{"damage":21,"enemies":"3 Darklings","floor":48,"turns":4},{"damage":186,"enemies":"Time Eater","floor":50,"turns":10}],"seed_played":"8847064133434649062","potions_obtained":[{"floor":3,"key":"FairyPotion"},{"floor":3,"key":"Ancient Potion"},{"floor":3,"key":"AttackPotion"},{"floor":10,"key":"Fire Potion"},{"floor":16,"key":"SpeedPotion"},{"floor":27,"key":"Fire Potion"},{"floor":29,"key":"Swift Potion"},{"floor":33,"key":"Poison Potion"},{"floor":46,"key":"Swift Potion"}],"is_trial":false,"path_per_floor":["M","M","?","M","M","E","$","R","T","M","M","E","M","?","R","B",null,"M","M","$","M","?","R","?","R","T","E","M","M","$","M","R","B",null,"M","?","$","?","M","R","M","M","T","R","M","M","R","M","R","B"],"character_chosen":"IRONCLAD","items_purchased":["Bottled Tornado","Brimstone","Battle Trance+1","Enlightenment+1","Fire Breathing+1","Warcry+1","PanicButton+1"],"campfire_rested":0,"item_purchase_floors":[20,30,30,30,30,37,37],"current_hp_per_floor":[83,83,83,86,89,83,83,83,83,72,78,71,52,52,52,33,93,93,96,96,91,91,91,91,91,105,88,77,67,67,67,67,48,123,112,102,102,102,117,117,88,107,107,107,89,38,38,107,107,0],"gold":131,"neow_bonus":"","is_prod":false,"is_daily":true,"chose_seed":false,"campfire_upgraded":0,"win_rate":0,"timestamp":1548051607,"path_taken":["M","M","?","M","M","E","$","R","T","M","?","E","M","?","R","BOSS","M","M","?","M","?","R","?","R","T","E","?","M","$","M","R","BOSS","M","?","$","?","M","R","?","M","T","R","M","M","R","M","R","BOSS"],"build_version":"2019-01-19","purchased_purges":0,"victory":false,"max_hp_per_floor":[83,83,83,86,89,93,93,93,93,93,93,93,93,93,93,93,93,93,96,96,99,99,99,99,99,113,116,116,120,120,120,120,123,123,123,123,123,123,123,123,123,126,126,126,126,126,126,129,129,129],"card_choices":[{"not_picked":["Sword Boomerang"],"picked":"Armaments","floor":1},{"not_picked":["True Grit","Cleave"],"picked":"SKIP","floor":2},{"not_picked":["Sword Boomerang"],"picked":"Rupture","floor":4},{"not_picked":["Havoc","Anger"],"picked":"SKIP","floor":5},{"not_picked":["Clothesline"],"picked":"Bludgeon","floor":6},{"not_picked":["Hemokinesis","Sword Boomerang"],"picked":"SKIP","floor":10},{"not_picked":["Perfected Strike","Rupture"],"picked":"SKIP","floor":11},{"not_picked":["Entrench+1"],"picked":"Rage+1","floor":12},{"not_picked":["Power Through+1"],"picked":"Flame Barrier+1","floor":13},{"not_picked":["Barricade"],"picked":"Exhume+1","floor":16},{"not_picked":["Shrug It Off+1","Whirlwind"],"picked":"SKIP","floor":18},{"not_picked":["Iron Wave"],"picked":"Spot Weakness+1","floor":19},{"not_picked":["Heavy Blade","Immolate"],"picked":"SKIP","floor":21},{"not_picked":["Headbutt"],"picked":"Entrench+1","floor":27},{"not_picked":["Flame Barrier+1","Pummel"],"picked":"SKIP","floor":28},{"not_picked":["Spot Weakness+1","Wild Strike"],"picked":"SKIP","floor":29},{"not_picked":["Cleave","Clash"],"picked":"SKIP","floor":31},{"not_picked":["Juggernaut+1"],"picked":"Offering+1","floor":33},{"not_picked":["Carnage"],"picked":"Havoc+1","floor":35},{"not_picked":["Secret Technique+1"],"picked":"Chrysalis+1","floor":36},{"not_picked":["Dark Shackles+1"],"picked":"Discovery+1","floor":36},{"not_picked":["Madness+1"],"picked":"Trip+1","floor":36},{"not_picked":["True Grit+1"],"picked":"Heavy Blade","floor":39},{"not_picked":["Clash"],"picked":"Uppercut+1","floor":41},{"not_picked":["Bloodletting+1","Searing Blow+1"],"picked":"SKIP","floor":42},{"not_picked":["Shrug It Off+1"],"picked":"Second Wind+1","floor":45},{"not_picked":["Uppercut"],"picked":"Rupture+1","floor":46},{"not_picked":["Immolate","Twin Strike"],"picked":"SKIP","floor":48}],"player_experience":445188,"relics_obtained":[{"floor":6,"key":"Shovel"},{"floor":8,"key":"Kunai"},{"floor":9,"key":"Toxic Egg 2"},{"floor":12,"key":"Turnip"},{"floor":15,"key":"Sundial"},{"floor":23,"key":"Potion Belt"},{"floor":25,"key":"Frozen Egg 2"},{"floor":26,"key":"Mango"},{"floor":27,"key":"Bronze Scales"},{"floor":32,"key":"Calipers"},{"floor":40,"key":"Red Skull"},{"floor":43,"key":"Torii"},{"floor":44,"key":"PreservedInsect"},{"floor":47,"key":"Blue Candle"},{"floor":49,"key":"Blood Vial"}],"event_choices":[{"damage_healed":0,"gold_gain":0,"player_choice":"Bought 3 Potions","damage_taken":0,"max_hp_gain":0,"max_hp_loss":0,"event_name":"The Woman in Blue","floor":3,"gold_loss":0},{"cards_removed":["Dark Embrace"],"damage_healed":0,"gold_gain":0,"player_choice":"Purged","damage_taken":0,"max_hp_gain":0,"max_hp_loss":0,"event_name":"Purifier","floor":14,"gold_loss":0},{"damage_healed":0,"gold_gain":0,"cards_transformed":["Rupture","Armaments"],"player_choice":"Became Test Subject","damage_taken":0,"max_hp_gain":0,"max_hp_loss":0,"event_name":"Drug Dealer","floor":22,"gold_loss":0,"cards_obtained":["Intimidate","Thunderclap"]},{"damage_healed":0,"gold_gain":275,"player_choice":"Desecrate","damage_taken":0,"max_hp_gain":0,"max_hp_loss":0,"event_name":"Golden Shrine","floor":24,"gold_loss":0,"cards_obtained":["Regret"]},{"damage_healed":0,"gold_gain":0,"player_choice":"Memory 3","damage_taken":10,"max_hp_gain":0,"max_hp_loss":0,"event_name":"SensoryStone","floor":36,"gold_loss":0},{"damage_healed":0,"gold_gain":0,"player_choice":"Got Potions","damage_taken":0,"max_hp_gain":0,"max_hp_loss":0,"event_name":"Lab","floor":38,"gold_loss":0}],"is_beta":true,"boss_relics":[{"not_picked":["Cursed Key","Sozu"],"picked":"Fusion Hammer"},{"not_picked":["Runic Dome","White Beast Statue"],"picked":"Black Blood"}],"items_purged_floors":[],"is_endless":false,"potions_floor_spawned":[10,11,12,16,19,27,29,33,35,42,46],"killed_by":"Time Eater","ascension_level":0}