{"gold_per_floor":[112,37,112,112,130,130,171,22,47,66,66,80,101,122,122,253,316,341,362,188,212,236,261,261,301,301,301,301,301,426,475,475,598,598,617,631,72,72,86,86,86],"floor_reached":41,"playtime":1759,"items_purged":["Strike_B","Strike_B","Defend_B","Defend_B"],"score":438,"play_id":"13d1754a-ef33-4b42-9949-b9ff6cdd2af5","local_time":"20181127203847","is_ascension_mode":false,"campfire_choices":[{"data":"Hologram","floor":6,"key":"SMITH"},{"floor":15,"key":"REST"},{"floor":24,"key":"REST"},{"floor":27,"key":"REST"},{"floor":29,"key":"REST"},{"floor":32,"key":"REST"}],"neow_cost":"NONE","seed_source_timestamp":867483247668291,"circlet_count":0,"master_deck":["Strike_B","Strike_B","Defend_B","Defend_B","Zap","Dualcast","Gash","Hologram+1","Beam Cell+1","Gash","Streamline+1","Go for the Eyes","Rebound","Conserve Battery","Leap+1","Conserve Battery+1","Parasite"],"relics":["FrozenCore","Golden Idol","Anchor","Strawberry","Tiny House","PreservedInsect","Pen Nib","MutagenicStrength","Emotion Chip","The Courier","Potion Belt","PrismaticShard","Ornamental Fan"],"potions_floor_usage":[7,16,22,23,33,33,37,41],"damage_taken":[{"damage":1,"enemies":"Jaw Worm","floor":1,"turns":3},{"damage":0,"enemies":"2 Louse","floor":5,"turns":2},{"damage":14,"enemies":"Lagavulin","floor":7,"turns":6},{"damage":0,"enemies":"Cultist","floor":10,"turns":3},{"damage":8,"enemies":"Lots of Slimes","floor":12,"turns":3},{"damage":0,"enemies":"Blue Slaver","floor":13,"turns":2},{"damage":0,"enemies":"Looter","floor":14,"turns":3},{"damage":28,"enemies":"The Guardian","floor":16,"turns":8},{"damage":0,"enemies":"Chosen","floor":18,"turns":4},{"damage":2,"enemies":"Shell Parasite","floor":19,"turns":2},{"damage":34,"enemies":"Snecko","floor":21,"turns":7},{"damage":26,"enemies":"Cultist and Chosen","floor":22,"turns":7},{"damage":34,"enemies":"3 Cultists","floor":23,"turns":6},{"damage":58,"enemies":"Slavers","floor":25,"turns":6},{"damage":3,"enemies":"Colosseum Slavers","floor":30,"turns":2},{"damage":17,"enemies":"Colosseum Nobs","floor":30,"turns":4},{"damage":71,"enemies":"Collector","floor":33,"turns":10},{"damage":6,"enemies":"3 Shapes","floor":35,"turns":5},{"damage":0,"enemies":"Orb Walker","floor":36,"turns":5},{"damage":44,"enemies":"Writhing Mass","floor":39,"turns":9},{"damage":50,"enemies":"2 Orb Walkers","floor":41,"turns":4}],"seed_played":"7790636012423209218","potions_obtained":[{"floor":5,"key":"Block Potion"},{"floor":13,"key":"AttackPotion"},{"floor":14,"key":"Ancient Potion"},{"floor":17,"key":"FairyPotion"},{"floor":18,"key":"Regen Potion"},{"floor":22,"key":"Regen Potion"},{"floor":25,"key":"GamblersBrew"},{"floor":30,"key":"EssenceOfSteel"},{"floor":35,"key":"Explosive Potion"}],"is_trial":false,"path_per_floor":["M","$","?","?","M","R","E","$","T","M","?","M","M","M","R","B",null,"M","M","$","M","M","M","R","E","T","R","?","R","?","T","R","B",null,"M","M","$","?","M","$","?"],"character_chosen":"DEFECT","items_purchased":["Beam Cell","Conserve Battery","PrismaticShard","Fruit Juice","Ornamental Fan"],"campfire_rested":5,"item_purchase_floors":[8,20,37,37,37],"current_hp_per_floor":[81,81,70,50,50,50,36,36,43,43,43,35,35,35,61,33,94,94,92,92,58,47,27,55,9,9,37,37,65,45,45,73,2,94,88,88,93,93,49,49,0],"gold":86,"neow_bonus":"TEN_PERCENT_HP_BONUS","is_prod":false,"is_daily":false,"chose_seed":false,"campfire_upgraded":1,"win_rate":0,"timestamp":1543351127,"path_taken":["M","$","?","?","M","R","E","$","T","M","?","M","?","M","R","BOSS","M","M","$","M","M","M","R","E","T","R","?","R","?","?","R","BOSS","M","M","$","?","?","?","?"],"build_version":"2018-11-15","purchased_purges":4,"victory":false,"max_hp_per_floor":[82,82,82,82,82,82,82,82,89,89,89,89,89,89,89,89,94,94,94,94,94,94,94,94,94,94,94,94,94,94,94,94,94,94,94,94,99,99,99,99,99],"card_choices":[{"not_picked":["Rebound","Storm"],"picked":"Gash","floor":1},{"not_picked":["Sweeping Beam","Redo"],"picked":"Hologram","floor":5},{"not_picked":["Reprogram","Defragment","Static Discharge"],"picked":"SKIP","floor":7},{"not_picked":["Amplify","Turbo","Defragment"],"picked":"SKIP","floor":10},{"not_picked":["Redo","Barrage"],"picked":"Gash","floor":12},{"not_picked":["Turbo","Beam Cell"],"picked":"Streamline","floor":13},{"not_picked":["Reboot","Compile Driver"],"picked":"Go for the Eyes","floor":14},{"not_picked":["Go for the Eyes","Chill"],"picked":"Rebound","floor":17},{"not_picked":["Steam+1","Redo","Aggregate"],"picked":"SKIP","floor":18},{"not_picked":["Stack","Recycle+1","Compile Driver"],"picked":"SKIP","floor":19},{"not_picked":["Turbo","Core Surge"],"picked":"Leap+1","floor":21},{"not_picked":["Stack","Defragment+1","Doom and Gloom"],"picked":"SKIP","floor":22},{"not_picked":["Glacier","Barrage","Conserve Battery"],"picked":"SKIP","floor":23},{"not_picked":["Skim","Ball Lightning","Barrage"],"picked":"SKIP","floor":25},{"not_picked":["Streamline+1","Glacier+1"],"picked":"Conserve Battery+1","floor":35},{"not_picked":["Coolheaded+1","Steam+1","Consume"],"picked":"SKIP","floor":36},{"not_picked":["Flying Knee","Tactician","Deadly Poison+1"],"picked":"SKIP","floor":39}],"player_experience":334410,"relics_obtained":[{"floor":7,"key":"Anchor"},{"floor":9,"key":"Strawberry"},{"floor":25,"key":"PreservedInsect"},{"floor":26,"key":"Pen Nib"},{"floor":30,"key":"Emotion Chip"},{"floor":30,"key":"The Courier"},{"floor":31,"key":"Potion Belt"}],"event_choices":[{"damage_healed":0,"gold_gain":75,"player_choice":"Gather Gold","damage_taken":11,"max_hp_gain":0,"max_hp_loss":0,"event_name":"World of Goop","floor":3,"gold_loss":0},{"damage_healed":0,"gold_gain":0,"player_choice":"Take Damage","damage_taken":20,"relics_obtained":["Golden Idol"],"max_hp_gain":0,"max_hp_loss":0,"event_name":"Golden Idol","floor":4,"gold_loss":0},{"damage_healed":0,"gold_gain":0,"player_choice":"Ignored","damage_taken":0,"max_hp_gain":0,"max_hp_loss":0,"event_name":"Liars Game","floor":11,"gold_loss":0},{"damage_healed":0,"gold_gain":0,"player_choice":"Inject Mutagens","damage_taken":0,"relics_obtained":["MutagenicStrength"],"max_hp_gain":0,"max_hp_loss":0,"event_name":"Drug Dealer","floor":28,"gold_loss":0},{"damage_healed":0,"gold_gain":0,"player_choice":"Fight","damage_taken":0,"max_hp_gain":0,"max_hp_loss":0,"event_name":"Colosseum","floor":30,"gold_loss":0},{"damage_healed":0,"gold_gain":0,"player_choice":"Fought Nobs","damage_taken":0,"max_hp_gain":0,"max_hp_loss":0,"event_name":"Colosseum","floor":30,"gold_loss":0},{"damage_healed":0,"gold_gain":0,"player_choice":"Forge","damage_taken":0,"max_hp_gain":0,"max_hp_loss":0,"event_name":"Accursed Blacksmith","floor":38,"gold_loss":0,"cards_upgraded":["Beam Cell"]},{"damage_healed":0,"gold_gain":0,"player_choice":"Fight","damage_taken":0,"max_hp_gain":0,"max_hp_loss":0,"event_name":"Mysterious Sphere","floor":41,"gold_loss":0}],"is_beta":true,"boss_relics":[{"not_picked":["Busted Crown","Runic Dome"],"picked":"Tiny House"},{"not_picked":["Astrolabe","Empty Cage"],"picked":"FrozenCore"}],"items_purged_floors":[2,8,20,37],"is_endless":false,"potions_floor_spawned":[5,13,14,18,19,22,25,30,35],"killed_by":"2 Orb Walkers","ascension_level":0}