{"path_per_floor":["M","$","?","$","?","R","M","M","T","R","?","$","M","E","R","B",null,"M","M","M","$","?","E","$","R","T","M"],"character_chosen":"DEFECT","items_purchased":["Loop","Blizzard","Glacier","Skim+1"],"gold_per_floor":[116,46,46,13,13,13,23,35,35,35,35,35,45,72,72,167,167,184,203,214,64,64,92,13,13,13,28,28],"floor_reached":28,"campfire_rested":1,"playtime":1244,"item_purchase_floors":[2,4,21,24],"current_hp_per_floor":[65,65,50,50,50,50,50,50,50,50,50,50,50,48,48,24,75,51,43,32,32,32,20,20,42,42,28,0],"items_purged":["Defend_B"],"gold":28,"score":283,"play_id":"4db66f01-2ba5-4411-bee0-8e07883da995","local_time":"20180617185107","is_prod":false,"is_daily":false,"chose_seed":false,"is_ascension_mode":true,"campfire_upgraded":3,"win_rate":0,"timestamp":1529257867,"campfire_choices":[{"data":"Redo","floor":6,"key":"SMITH"},{"data":"Storm","floor":10,"key":"SMITH"},{"data":"Coolheaded","floor":15,"key":"SMITH"},{"floor":25,"key":"REST"}],"path_taken":["M","$","?","$","?","R","M","M","T","R","?","$","M","E","R","BOSS","M","M","M","$","?","E","$","R","T","M","?"],"build_version":"2018-06-14v2","seed_source_timestamp":365577892828274,"purchased_purges":1,"victory":false,"master_deck":["Strike_B","Strike_B","Defend_B","Defend_B","Zap+1","Dualcast+1","Redo+1","Loop+1","Blizzard","Coolheaded+1","Storm+1","Double Energy","Coolheaded","Cold Snap","Echo Form","FTL","Glacier","Writhe","Thunder Strike","Skim+1","Regret"],"max_hp_per_floor":[75,75,75,75,75,75,75,75,75,75,75,75,75,75,75,75,75,75,75,75,75,75,75,75,75,75,75,75],"relics":["Empty Cage","Letter Opener","Bag of Preparation","Cursed Key","Toxic Egg 2","Boot","Dodecahedron"],"card_choices":[{"not_picked":["Force Field","Stack"],"picked":"Redo","floor":1},{"not_picked":["BootSequence","Hologram"],"picked":"Coolheaded","floor":7},{"not_picked":["Barrage","Lockon"],"picked":"Storm","floor":8},{"not_picked":["Skim","Compile Driver"],"picked":"Coolheaded","floor":13},{"not_picked":["Barrage","Meteor Strike"],"picked":"Cold Snap","floor":14},{"not_picked":["Amplify","Biased Cognition"],"picked":"Echo Form","floor":16},{"not_picked":["Doom and Gloom","Turbo"],"picked":"FTL","floor":18},{"not_picked":["Compile Driver","Aggregate","Stack+1"],"picked":"SKIP","floor":19},{"not_picked":["Heatsinks","Leap","Go for the Eyes+1"],"picked":"SKIP","floor":20},{"not_picked":["Compile Driver+1","Doom and Gloom"],"picked":"Thunder Strike","floor":23},{"not_picked":["Compile Driver","Go for the Eyes","Leap+1"],"picked":"SKIP","floor":27}],"player_experience":270227,"potions_floor_usage":[14,23,23,23,28],"damage_taken":[{"damage":10,"enemies":"Small Slimes","floor":1,"turns":4},{"damage":0,"enemies":"2 Louse","floor":7,"turns":3},{"damage":0,"enemies":"Cultist","floor":8,"turns":4},{"damage":0,"enemies":"2 Fungi Beasts","floor":13,"turns":3},{"damage":2,"enemies":"3 Sentries","floor":14,"turns":6},{"damage":24,"enemies":"Slime Boss","floor":16,"turns":9},{"damage":24,"enemies":"Chosen","floor":18,"turns":5},{"damage":8,"enemies":"Spheric Guardian","floor":19,"turns":4},{"damage":11,"enemies":"Centurion and Healer","floor":20,"turns":7},{"damage":12,"enemies":"Gremlin Leader","floor":23,"turns":8},{"damage":14,"enemies":"Snake Plant","floor":27,"turns":5},{"damage":37,"floor":28,"turns":2}],"relics_obtained":[{"floor":9,"key":"Letter Opener"},{"floor":14,"key":"Bag of Preparation"},{"floor":23,"key":"Boot"},{"floor":26,"key":"Dodecahedron"}],"event_choices":[{"event_name":"Shining Light","player_choice":"Entered Light","floor":3,"damage_taken":0},{"event_name":"Accursed Blacksmith","player_choice":"Forge","floor":5,"damage_taken":0},{"event_name":"Transmorgrifier","player_choice":"Transform","floor":11,"damage_taken":0},{"event_name":"The Mausoleum","player_choice":"Yes","floor":22,"damage_taken":0},{"event_name":"Masked Bandits","player_choice":"Fought over 28 gold","floor":28,"damage_taken":0}],"boss_relics":[{"not_picked":["Astrolabe","Black Star"],"picked":"Cursed Key"}],"items_purged_floors":[21],"is_endless":false,"potions_floor_spawned":[1,7,13,14,23],"seed_played":"582469916283494700","ascension_level":4,"potions_obtained":[{"floor":1,"key":"SkillPotion"},{"floor":7,"key":"SteroidPotion"},{"floor":13,"key":"Weak Potion"},{"floor":14,"key":"Ancient Potion"},{"floor":23,"key":"Ancient Potion"}],"is_trial":false}