{"gold_per_floor":[117,130,205,54,67,67,67,101,101,113,113,130,141,155,155,255,255,275,275,275,275,53,53,81,51],"floor_reached":25,"playtime":997,"items_purged":["Wraith Form v2+1"],"score":265,"play_id":"f653b743-4cf2-4ea9-8871-149297230bc1","local_time":"20190208003851","is_ascension_mode":true,"campfire_choices":[{"data":"Noxious Fumes","floor":6,"key":"SMITH"},{"floor":15,"key":"REST"},{"data":"Catalyst","floor":23,"key":"SMITH"}],"neow_cost":"NONE","seed_source_timestamp":0,"circlet_count":0,"master_deck":["Defend_G","Defend_G","Defend_G","Defend_G","Strike_G","Strike_G","Strike_G","Survivor","Neutralize+1","Noxious Fumes+1","Acrobatics","Backflip","Leg Sweep","Catalyst+1","Crippling Poison","Corpse Explosion","Venomology+1","Blur+1","PiercingWail","Necronomicurse"],"special_seed":0,"relics":["Ring of the Snake","NeowsBlessing","Oddly Smooth Stone","Ninja Scroll","GremlinMask","Astrolabe","Pear","Necronomicon","Vajra","Unceasing Top"],"potions_floor_usage":[16,18,25],"damage_taken":[{"damage":0,"enemies":"2 Louse","floor":1,"turns":1},{"damage":0,"enemies":"Cultist","floor":2,"turns":1},{"damage":0,"enemies":"Small Slimes","floor":5,"turns":1},{"damage":24,"enemies":"Gremlin Nob","floor":8,"turns":5},{"damage":0,"enemies":"2 Fungi Beasts","floor":10,"turns":5},{"damage":0,"enemies":"Exordium Wildlife","floor":12,"turns":4},{"damage":2,"enemies":"Red Slaver","floor":13,"turns":4},{"damage":0,"enemies":"2 Fungi Beasts","floor":14,"turns":4},{"damage":6,"enemies":"Hexaghost","floor":16,"turns":9},{"damage":2,"enemies":"Shell Parasite","floor":18,"turns":8},{"damage":57,"enemies":"Gremlin Leader","floor":24,"turns":9},{"damage":6,"enemies":"2 Thieves","floor":25,"turns":1}],"seed_played":"4274539315999959038","potions_obtained":[{"floor":8,"key":"Strength Potion"},{"floor":12,"key":"Weak Potion"},{"floor":13,"key":"Dexterity Potion"},{"floor":14,"key":"Poison Potion"}],"is_trial":false,"path_per_floor":["M","M","?","$","M","R","?","E","T","M","?","M","M","M","R","B",null,"M","?","?","?","$","R","E","M"],"character_chosen":"THE_SILENT","items_purchased":["Oddly Smooth Stone","Vajra"],"campfire_rested":1,"item_purchase_floors":[4,22],"current_hp_per_floor":[70,70,59,59,59,59,59,35,35,35,35,35,33,33,54,48,70,68,78,62,62,62,62,5,0],"gold":51,"neow_bonus":"THREE_ENEMY_KILL","is_prod":false,"is_daily":false,"chose_seed":false,"campfire_upgraded":2,"win_rate":0,"timestamp":1549582731,"path_taken":["M","M","?","$","M","R","?","E","T","?","?","M","M","?","R","BOSS","M","?","?","?","$","R","E","M"],"build_version":"2019-01-23","purchased_purges":1,"victory":false,"max_hp_per_floor":[70,70,70,70,70,70,70,70,70,70,70,70,70,70,70,70,70,70,80,80,80,80,80,80,80],"card_choices":[{"not_picked":["Blade Dance","All Out Attack"],"picked":"Noxious Fumes","floor":1},{"not_picked":["Poisoned Stab","Underhanded Strike"],"picked":"Acrobatics","floor":2},{"not_picked":["Blade Dance","Tools of the Trade"],"picked":"Backflip","floor":5},{"not_picked":["Deadly Poison","Masterful Stab"],"picked":"Leg Sweep","floor":8},{"not_picked":["Concentrate","Dodge and Roll","Finisher"],"picked":"SKIP","floor":10},{"not_picked":["Accuracy","Concentrate"],"picked":"Catalyst","floor":12},{"not_picked":["Setup","Reflex"],"picked":"Crippling Poison","floor":13},{"not_picked":["Flying Knee","All Out Attack","Dodge and Roll"],"picked":"SKIP","floor":14},{"not_picked":["Storm of Steel","After Image"],"picked":"Corpse Explosion","floor":16},{"not_picked":["Tactician+1","Poisoned Stab"],"picked":"PiercingWail","floor":18},{"not_picked":["Dagger Spray+1","Riddle With Holes","Acrobatics"],"picked":"SKIP","floor":24}],"player_experience":241333,"relics_obtained":[{"floor":8,"key":"Ninja Scroll"},{"floor":20,"key":"Necronomicon"},{"floor":24,"key":"Unceasing Top"}],"event_choices":[{"damage_healed":0,"gold_gain":75,"player_choice":"Gather Gold","damage_taken":11,"max_hp_gain":0,"max_hp_loss":0,"event_name":"World of Goop","floor":3,"gold_loss":0},{"damage_healed":0,"gold_gain":0,"player_choice":"Upgraded","damage_taken":0,"max_hp_gain":0,"max_hp_loss":0,"event_name":"Upgrade Shrine","floor":7,"gold_loss":0,"cards_upgraded":["Neutralize"]},{"damage_healed":0,"gold_gain":0,"player_choice":"Trade","damage_taken":0,"relics_obtained":["GremlinMask"],"max_hp_gain":0,"max_hp_loss":0,"event_name":"FaceTrader","floor":11,"gold_loss":0},{"damage_healed":0,"gold_gain":0,"player_choice":"Opened","damage_taken":0,"relics_obtained":["Pear"],"max_hp_gain":0,"max_hp_loss":0,"event_name":"The Mausoleum","floor":19,"gold_loss":0,"cards_obtained":["Writhe"]},{"damage_healed":0,"gold_gain":0,"player_choice":"Obtained Book","damage_taken":16,"max_hp_gain":0,"max_hp_loss":0,"event_name":"Cursed Tome","floor":20,"gold_loss":0},{"cards_removed":["Writhe"],"damage_healed":0,"gold_gain":0,"player_choice":"Purged","damage_taken":0,"max_hp_gain":0,"max_hp_loss":0,"event_name":"Purifier","floor":21,"gold_loss":0}],"is_beta":false,"boss_relics":[{"not_picked":["Lizard Tail","Empty Cage"],"picked":"Astrolabe"}],"items_purged_floors":[22],"is_endless":false,"potions_floor_spawned":[8,12,13,14,24],"killed_by":"2 Thieves","ascension_level":4}