{"gold_per_floor":[110,185,185,185,199,199,199,225,225,242,242,271,271,15,15,120,120,131,406,426,188,202,202],"floor_reached":23,"playtime":791,"items_purged":["Pain"],"score":262,"play_id":"5ecd25ed-3db9-4f61-a1be-3057c8cb1459","local_time":"20190123044730","is_ascension_mode":true,"campfire_choices":[{"data":"Zap","floor":6,"key":"SMITH"},{"data":"Echo Form","floor":11,"key":"SMITH"},{"data":"Dualcast","floor":13,"key":"SMITH"},{"floor":15,"key":"REST"}],"neow_cost":"CURSE","seed_source_timestamp":1081886813794482,"circlet_count":0,"master_deck":["Strike_B","Strike_B","Strike_B","Strike_B","Defend_B","Defend_B","Defend_B","Defend_B","Zap+1","Dualcast+1","Swift Strike","Good Instincts","Rebound","Coolheaded+1","Echo Form+1","All For One","Gash+1","Creative AI","Redo+1","Regret","Go for the Eyes+1","Force Field+1","Jack Of All Trades+1"],"relics":["Cracked Core","Toxic Egg 2","Thread and Needle","Blood Vial","Emotion Chip","Dream Catcher","Molten Egg 2","Cursed Key"],"potions_floor_usage":[12,12,20],"damage_taken":[{"damage":8,"enemies":"Jaw Worm","floor":1,"turns":4},{"damage":2,"enemies":"Small Slimes","floor":5,"turns":2},{"damage":2,"enemies":"Cultist","floor":10,"turns":3},{"damage":10,"enemies":"Gremlin Nob","floor":12,"turns":3},{"damage":22,"enemies":"Slime Boss","floor":16,"turns":8},{"damage":24,"enemies":"Shell Parasite","floor":18,"turns":6},{"damage":10,"enemies":"2 Thieves","floor":20,"turns":5},{"damage":19,"enemies":"Snake Plant","floor":22,"turns":3},{"damage":28,"enemies":"Gremlin Leader","floor":23,"turns":4}],"seed_played":"-4217233473348123057","potions_obtained":[{"floor":1,"key":"FocusPotion"},{"floor":5,"key":"Swift Potion"},{"floor":10,"key":"EssenceOfSteel"},{"floor":20,"key":"Ancient Potion"}],"is_trial":false,"path_per_floor":["?","?","?","M","?","T","$","?"],"character_chosen":"DEFECT","items_purchased":["Molten Egg 2","Force Field+1","Jack Of All Trades+1"],"campfire_rested":1,"item_purchase_floors":[14,21,21],"current_hp_per_floor":[60,49,42,42,40,40,40,40,40,40,40,32,32,32,54,34,65,43,43,35,35,18,0],"gold":202,"neow_bonus":"RANDOM_COLORLESS_2","is_prod":false,"is_daily":false,"chose_seed":false,"campfire_upgraded":3,"win_rate":0,"timestamp":1548218850,"path_taken":["M","?","?","?","?","R","?","?","T","M","R","E","R","?","R","BOSS","M","?","M","$","M","E"],"build_version":"2019-01-22","purchased_purges":1,"victory":false,"max_hp_per_floor":[75,75,75,75,75,75,75,75,75,75,75,75,75,75,75,75,75,75,75,75,75,75,75],"card_choices":[{"not_picked":["Barrage","Leap"],"picked":"Rebound","floor":1},{"not_picked":["Leap+1","Barrage"],"picked":"Coolheaded+1","floor":5},{"not_picked":["Gash","Steam+1"],"picked":"Echo Form","floor":10},{"not_picked":["Consume+1","Go for the Eyes"],"picked":"All For One","floor":12},{"not_picked":["Streamline+1","Scrape+1"],"picked":"Gash+1","floor":15},{"not_picked":["Buffer","Rainbow+1"],"picked":"Creative AI","floor":16},{"not_picked":["Rebound+1","Steam+1"],"picked":"Redo+1","floor":18},{"not_picked":["Conserve Battery+1","Darkness+1"],"picked":"Go for the Eyes+1","floor":20},{"not_picked":["Sunder+1","Genetic Algorithm+1","Meteor Strike+1"],"picked":"SKIP","floor":22}],"player_experience":456853,"relics_obtained":[{"floor":8,"key":"Blood Vial"},{"floor":9,"key":"Emotion Chip"},{"floor":12,"key":"Dream Catcher"}],"event_choices":[{"damage_healed":0,"gold_gain":75,"player_choice":"Gather Gold","damage_taken":11,"max_hp_gain":0,"max_hp_loss":0,"event_name":"World of Goop","floor":2,"gold_loss":0},{"damage_healed":0,"gold_gain":0,"player_choice":"Success","damage_taken":7,"relics_obtained":["Toxic Egg 2"],"max_hp_gain":0,"max_hp_loss":0,"event_name":"Scrap Ooze","floor":3,"gold_loss":0},{"damage_healed":0,"gold_gain":0,"player_choice":"Box","damage_taken":0,"relics_obtained":["Thread and Needle"],"max_hp_gain":0,"max_hp_loss":0,"event_name":"Big Fish","floor":4,"gold_loss":0,"cards_obtained":["Regret"]},{"cards_removed":["Regret"],"damage_healed":0,"gold_gain":0,"player_choice":"Forget","damage_taken":0,"max_hp_gain":0,"max_hp_loss":0,"event_name":"Living Wall","floor":7,"gold_loss":0},{"damage_healed":0,"gold_gain":275,"player_choice":"Desecrate","damage_taken":0,"max_hp_gain":0,"max_hp_loss":0,"event_name":"Golden Shrine","floor":19,"gold_loss":0,"cards_obtained":["Regret"]}],"is_beta":true,"boss_relics":[{"not_picked":["Empty Cage","Ectoplasm"],"picked":"Cursed Key"}],"items_purged_floors":[21],"is_endless":false,"potions_floor_spawned":[1,5,10,20],"killed_by":"Gremlin Leader","ascension_level":8}