{"gold_per_floor":[112,112,112,112,44,44,61,74,74,38,38,55,55,67,67,67],"floor_reached":16,"playtime":504,"items_purged":[],"score":92,"play_id":"75812abb-750f-49e9-9b77-f0f48155012c","local_time":"20190110221151","is_ascension_mode":false,"campfire_choices":[{"data":"Amplify","floor":6,"key":"SMITH"},{"data":"Force Field","floor":11,"key":"SMITH"},{"floor":15,"key":"REST"}],"neow_cost":"NONE","seed_source_timestamp":21630886097057,"circlet_count":0,"master_deck":["Strike_B","Strike_B","Strike_B","Strike_B+1","Defend_B","Defend_B","Defend_B+1","Defend_B","Zap","Dualcast","Redo","Amplify+1","Force Field+1","Storm","Sweeping Beam"],"relics":["Busted Crown","Centennial Puzzle"],"potions_floor_usage":[13,14,14],"damage_taken":[{"damage":0,"enemies":"2 Louse","floor":1,"turns":2},{"damage":1,"enemies":"Jaw Worm","floor":7,"turns":4},{"damage":0,"enemies":"Small Slimes","floor":8,"turns":4},{"damage":12,"enemies":"Gremlin Gang","floor":12,"turns":5},{"damage":0,"enemies":"Exordium Thugs","floor":13,"turns":1},{"damage":6,"enemies":"Exordium Wildlife","floor":14,"turns":3},{"damage":0,"enemies":"Slime Boss","floor":16,"turns":1}],"seed_played":"-7474486269916213918","potions_obtained":[{"floor":1,"key":"Strength Potion"},{"floor":4,"key":"EssenceOfSteel"},{"floor":4,"key":"SneckoOil"},{"floor":4,"key":"SmokeBomb"},{"floor":12,"key":"PowerPotion"}],"is_trial":false,"path_per_floor":["M","?","T","?","$","R","M","M","T","$","R","M","M","M","R","B"],"character_chosen":"DEFECT","items_purchased":["Amplify","Storm"],"campfire_rested":1,"item_purchase_floors":[5,10],"current_hp_per_floor":[75,60,60,60,60,60,59,59,59,59,59,47,47,41,63,63],"gold":67,"neow_bonus":"BOSS_RELIC","is_prod":false,"is_daily":false,"chose_seed":false,"campfire_upgraded":2,"win_rate":0,"timestamp":1547158311,"path_taken":["M","?","?","?","$","R","M","M","T","$","R","M","M","M","R","BOSS"],"build_version":"2019-01-09","purchased_purges":0,"victory":false,"max_hp_per_floor":[75,75,75,75,75,75,75,75,75,75,75,75,75,75,75,75],"card_choices":[{"not_picked":[],"picked":"Redo","floor":1},{"not_picked":[],"picked":"Force Field","floor":7},{"not_picked":["Lockon"],"picked":"SKIP","floor":8},{"not_picked":["Barrage"],"picked":"SKIP","floor":12},{"not_picked":[],"picked":"Sweeping Beam","floor":14}],"player_experience":397353,"relics_obtained":[{"floor":9,"key":"Centennial Puzzle"}],"event_choices":[{"damage_healed":0,"gold_gain":0,"player_choice":"Entered Light","damage_taken":15,"max_hp_gain":0,"max_hp_loss":0,"event_name":"Shining Light","floor":2,"gold_loss":0,"cards_upgraded":["Defend_B","Strike_B"]},{"damage_healed":0,"gold_gain":0,"player_choice":"Got Potions","damage_taken":0,"max_hp_gain":0,"max_hp_loss":0,"event_name":"Lab","floor":4,"gold_loss":0}],"is_beta":true,"boss_relics":[],"items_purged_floors":[],"is_endless":false,"potions_floor_spawned":[1,12],"killed_by":"Slime Boss","ascension_level":0}