{"gold_per_floor":[117,117,117,45,45,45,76,76,76,76,97,16,31,52,52,145,145,169,94,94,4,28,28,48,69,69,69,102,102,0,0,0,93,123,136,136,136,151,172,172,52,52,52,68,68,10,25,45,45,45],"floor_reached":50,"playtime":1998,"items_purged":["Writhe"],"score":797,"play_id":"60636d2e-662e-44cb-9148-b29a820b488f","local_time":"20190211202523","is_ascension_mode":true,"campfire_choices":[{"floor":6.0,"key":"REST"},{"floor":8.0,"key":"REST"},{"data":"Defragment","floor":10.0,"key":"SMITH"},{"data":"1","floor":15.0,"key":"LIFT"},{"floor":23.0,"key":"REST"},{"floor":27.0,"key":"REST"},{"floor":29.0,"key":"REST"},{"floor":32.0,"key":"REST"},{"floor":40.0,"key":"REST"},{"data":"Coolheaded","floor":42.0,"key":"SMITH"},{"floor":49.0,"key":"REST"}],"neow_cost":"PERCENT_DAMAGE","seed_source_timestamp":0,"circlet_count":0,"master_deck":["AscendersBane","Strike_B","Strike_B+1","Defend_B","Defend_B","Defend_B","Zap+1","Dualcast","Sweeping Beam+1","Defragment+1","White Noise","Static Discharge","Leap","Echo Form","Chill+1","Coolheaded+1","Doom and Gloom+1","Capacitor+1","Echo Form","Meteor Strike","Regret","Writhe","Coolheaded+1","Steam+1","Capacitor","Heatsinks+1","Force Field+1","Electrodynamics"],"special_seed":0,"relics":["Cracked Core","Girya","Golden Idol","Potion Belt","Mummified Hand","Nuclear Battery","Nilry\u0027s Codex","Ice Cream","Matryoshka","Calling Bell","Tiny Chest","The Courier","Pocketwatch","Toxic Egg 2","Dream Catcher","Whetstone","Shuriken"],"potions_floor_usage":[50],"damage_taken":[{"damage":1.0,"enemies":"2 Louse","floor":1.0,"turns":2.0},{"damage":30.0,"enemies":"Lagavulin","floor":7.0,"turns":6.0},{"damage":0.0,"enemies":"Small Slimes","floor":11.0,"turns":3.0},{"damage":0.0,"enemies":"Jaw Worm","floor":13.0,"turns":3.0},{"damage":7.0,"enemies":"Large Slime","floor":14.0,"turns":5.0},{"damage":25.0,"enemies":"Slime Boss","floor":16.0,"turns":8.0},{"damage":9.0,"enemies":"3 Byrds","floor":18.0,"turns":3.0},{"damage":0.0,"enemies":"Shell Parasite","floor":22.0,"turns":5.0},{"damage":20.0,"enemies":"Snake Plant","floor":24.0,"turns":3.0},{"damage":8.0,"enemies":"Cultist and Chosen","floor":25.0,"turns":4.0},{"damage":30.0,"enemies":"Gremlin Leader","floor":28.0,"turns":6.0},{"damage":33.0,"enemies":"Automaton","floor":33.0,"turns":8.0},{"damage":2.0,"enemies":"3 Shapes","floor":35.0,"turns":5.0},{"damage":11.0,"enemies":"3 Darklings","floor":38.0,"turns":5.0},{"damage":20.0,"enemies":"Sphere and 2 Shapes","floor":39.0,"turns":3.0},{"damage":20.0,"enemies":"Jaw Worm Horde","floor":44.0,"turns":6.0},{"damage":3.0,"enemies":"4 Shapes","floor":47.0,"turns":4.0},{"damage":5.0,"enemies":"Sphere and 2 Shapes","floor":48.0,"turns":4.0},{"damage":57,"enemies":"Time Eater","floor":50,"turns":4}],"seed_played":"-2142570084863838340","potions_obtained":[{"floor":13.0,"key":"FocusPotion"},{"floor":16.0,"key":"SkillPotion"},{"floor":18.0,"key":"FocusPotion"},{"floor":22.0,"key":"SpeedPotion"},{"floor":24.0,"key":"AttackPotion"},{"floor":35.0,"key":"Block Potion"}],"is_trial":false,"path_per_floor":["M","?","?","$","?","R","E","R","T","R","M","$","M","M","R","B",null,"M","?","?","$","M","R","M","M","T","R","E","R","?","?","R","B",null,"M","T","?","M","M","R","$","R","T","M","$","$","M","M","R","B"],"character_chosen":"DEFECT","items_purchased":["Defragment","Static Discharge","Leap","Coolheaded","Doom and Gloom","Capacitor","Force Field+1"],"campfire_rested":8,"item_purchase_floors":[4,12,12,21,21,41,46],"current_hp_per_floor":[49,34,31,31,31,51,21,41,41,41,41,41,41,34,34,9,54,45,45,29,29,29,49,29,21,21,41,11,31,31,31,51,18,56,54,54,54,43,23,43,43,43,43,23,23,23,20,15,35,0],"gold":45,"neow_bonus":"REMOVE_TWO","is_prod":false,"is_daily":false,"chose_seed":false,"campfire_upgraded":2,"win_rate":0,"timestamp":1549916723,"path_taken":["M","?","?","?","?","R","E","R","T","R","M","$","?","M","R","BOSS","M","?","?","$","M","R","M","M","T","R","E","R","?","?","R","BOSS","M","?","?","M","?","R","$","R","T","M","?","$","M","?","R","BOSS"],"build_version":"2019-02-06","purchased_purges":1,"victory":false,"max_hp_per_floor":[75,75,75,75,69,69,69,69,69,69,69,69,69,69,69,69,69,69,69,69,69,69,69,69,69,69,69,69,69,69,69,69,69,69,69,69,69,69,69,69,69,69,69,69,69,69,69,69,69,69],"card_choices":[{"not_picked":["Leap","Double Energy"],"picked":"Sweeping Beam","floor":1.0},{"not_picked":["Rebound","Sweeping Beam","Conserve Battery"],"picked":"SKIP","floor":7.0},{"not_picked":["Force Field","Barrage"],"picked":"White Noise","floor":11.0},{"not_picked":["Reprogram","Compile Driver","Double Energy"],"picked":"SKIP","floor":13.0},{"not_picked":["Go for the Eyes","Conserve Battery","Recycle"],"picked":"SKIP","floor":14.0},{"not_picked":["Multi-Cast","Amplify"],"picked":"Echo Form","floor":16.0},{"not_picked":["Rebound","Turbo"],"picked":"Chill","floor":18.0},{"not_picked":["Lockon","Redo","Tempest"],"picked":"SKIP","floor":22.0},{"not_picked":["Go for the Eyes","Scrape","Streamline"],"picked":"SKIP","floor":24.0},{"not_picked":["Hologram","Cold Snap"],"picked":"Capacitor+1","floor":25.0},{"not_picked":["Beam Cell","Coolheaded+1"],"picked":"Echo Form","floor":28.0},{"not_picked":["Echo Form","Thunder Strike"],"picked":"Meteor Strike","floor":33.0},{"not_picked":["Go for the Eyes","Turbo","Sweeping Beam+1"],"picked":"SKIP","floor":35.0},{"not_picked":["Redo+1","Sweeping Beam"],"picked":"Coolheaded+1","floor":38.0},{"not_picked":["Beam Cell+1","Reinforced Body+1"],"picked":"Steam+1","floor":39.0},{"not_picked":["Glacier+1","Genetic Algorithm+1"],"picked":"Heatsinks+1","floor":44.0},{"not_picked":["Redo+1","Cold Snap","Skim+1"],"picked":"SKIP","floor":47.0},{"not_picked":["Gash","Reinforced Body+1"],"picked":"Electrodynamics","floor":48.0}],"player_experience":593234,"relics_obtained":[{"floor":7.0,"key":"Potion Belt"},{"floor":9.0,"key":"Mummified Hand"},{"floor":20.0,"key":"Nilry\u0027s Codex"},{"floor":26.0,"key":"Ice Cream"},{"floor":28.0,"key":"Matryoshka"},{"floor":34.0,"key":"Tiny Chest"},{"floor":34.0,"key":"The Courier"},{"floor":34.0,"key":"Pocketwatch"},{"floor":36.0,"key":"Toxic Egg 2"},{"floor":36.0,"key":"Dream Catcher"},{"floor":43.0,"key":"Whetstone"},{"floor":43.0,"key":"Shuriken"}],"event_choices":[{"damage_healed":0.0,"max_hp_gain":0.0,"max_hp_loss":0.0,"gold_gain":0.0,"event_name":"Shining Light","player_choice":"Entered Light","floor":2.0,"gold_loss":0.0,"damage_taken":15.0,"cards_upgraded":["Zap","Strike_B"]},{"damage_healed":0.0,"max_hp_gain":0.0,"max_hp_loss":0.0,"gold_gain":0.0,"event_name":"Scrap Ooze","player_choice":"Success","floor":3.0,"gold_loss":0.0,"damage_taken":3.0,"relics_obtained":["Girya"]},{"damage_healed":0.0,"max_hp_gain":0.0,"max_hp_loss":6.0,"gold_gain":0.0,"event_name":"Golden Idol","player_choice":"Lose Max HP","floor":5.0,"gold_loss":0.0,"damage_taken":0.0,"relics_obtained":["Golden Idol"]},{"cards_removed":["Defend_B"],"damage_healed":0.0,"max_hp_gain":0.0,"max_hp_loss":0.0,"gold_gain":0.0,"event_name":"Beggar","player_choice":"Gave Gold","floor":19.0,"gold_loss":75.0,"damage_taken":0.0},{"damage_healed":0.0,"max_hp_gain":0.0,"max_hp_loss":0.0,"gold_gain":0.0,"event_name":"Cursed Tome","player_choice":"Obtained Book","floor":20.0,"gold_loss":0.0,"damage_taken":16.0},{"damage_healed":0.0,"max_hp_gain":0.0,"max_hp_loss":0.0,"gold_gain":0.0,"event_name":"Masked Bandits","player_choice":"Paid Fearfully","floor":30.0,"gold_loss":102.0,"damage_taken":0.0},{"damage_healed":0.0,"max_hp_gain":0.0,"max_hp_loss":0.0,"gold_gain":0.0,"event_name":"Upgrade Shrine","player_choice":"Upgraded","floor":31.0,"gold_loss":0.0,"damage_taken":0.0,"cards_upgraded":["Chill"]},{"damage_healed":0.0,"max_hp_gain":0.0,"max_hp_loss":0.0,"gold_gain":0.0,"event_name":"Tomb of Lord Red Mask","player_choice":"Ignored","floor":37.0,"gold_loss":0.0,"damage_taken":0.0}],"is_beta":true,"boss_relics":[{"not_picked":["Tiny House","Black Star"],"picked":"Nuclear Battery"},{"not_picked":["Snecko Eye","Runic Dome"],"picked":"Calling Bell"}],"items_purged_floors":[41],"is_endless":false,"potions_floor_spawned":[13,16,18,22,24,35],"killed_by":"Time Eater","ascension_level":13}