{"gold_per_floor":[116,116,16,26,26,53,73,23,23,23,33,33,33,13,13,141,141,156,171,171,271,287,330,348,288,288,387,387,408,427,448,448,448],"floor_reached":33,"playtime":1288,"items_purged":["Strike_R"],"score":333,"play_id":"001f0b2e-921e-41ef-866a-df88bbd97398","local_time":"20190101005726","is_ascension_mode":true,"campfire_choices":[{"data":"Bash","floor":10,"key":"SMITH"},{"data":"Heavy Blade","floor":13,"key":"SMITH"},{"data":"Iron Wave","floor":15,"key":"SMITH"},{"data":"1","floor":28,"key":"LIFT"},{"floor":32,"key":"REST"}],"neow_cost":"CURSE","seed_source_timestamp":1655860243791047,"circlet_count":0,"master_deck":["Defend_R","Defend_R","Defend_R","Bash+1","Pommel Strike","Spot Weakness","Heavy Blade+1","Flex","Iron Wave+1","Thunderclap","Sword Boomerang","Sever Soul","Uppercut+1","Warcry+1"],"relics":["Burning Blood","Spirit Poop","Thread and Needle","Matryoshka","Red Skull","The Courier","Golden Idol","Empty Cage","Du-Vu Doll","Oddly Smooth Stone","Girya"],"potions_floor_usage":[16,19,31],"damage_taken":[{"damage":7,"enemies":"Jaw Worm","floor":1,"turns":4},{"damage":1,"enemies":"Cultist","floor":4,"turns":3},{"damage":17,"enemies":"3 Sentries","floor":6,"turns":6},{"damage":3,"enemies":"Small Slimes","floor":7,"turns":3},{"damage":7,"enemies":"Looter","floor":11,"turns":3},{"damage":30,"enemies":"Hexaghost","floor":16,"turns":7},{"damage":11,"enemies":"Shell Parasite","floor":18,"turns":5},{"damage":9,"enemies":"3 Byrds","floor":19,"turns":4},{"damage":42,"enemies":"Snake Plant","floor":22,"turns":5},{"damage":5,"enemies":"Gremlin Leader","floor":23,"turns":5},{"damage":8,"enemies":"Centurion and Healer","floor":24,"turns":6},{"damage":4,"enemies":"Sentry and Sphere","floor":29,"turns":4},{"damage":15,"enemies":"Snake Plant","floor":30,"turns":3},{"damage":11,"enemies":"Cultist and Chosen","floor":31,"turns":6},{"damage":36,"enemies":"Collector","floor":33,"turns":3}],"seed_played":"1929961166894037044","potions_obtained":[{"floor":11,"key":"BloodPotion"},{"floor":16,"key":"Swift Potion"},{"floor":22,"key":"SteroidPotion"},{"floor":30,"key":"SkillPotion"}],"is_trial":false,"path_per_floor":["M","?","$","M","?","E","M","?","T","R","M","?","R","$","R","B",null,"M","M","?","?","M","E","M","$","T","?","R","M","M","M","R","B"],"character_chosen":"IRONCLAD","items_purchased":["Heavy Blade","Flex","Sword Boomerang"],"campfire_rested":1,"item_purchase_floors":[3,3,14],"current_hp_per_floor":[79,79,79,80,80,69,72,72,72,72,71,51,51,51,51,35,69,64,61,61,61,25,26,24,24,24,24,24,26,17,12,36,0],"gold":448,"neow_bonus":"TRANSFORM_TWO_CARDS","is_prod":false,"is_daily":false,"chose_seed":false,"campfire_upgraded":3,"win_rate":0,"timestamp":1546304246,"path_taken":["M","?","$","?","?","E","M","?","T","R","M","?","R","?","R","BOSS","M","M","?","?","?","E","M","?","T","?","R","M","M","M","R","BOSS"],"build_version":"2018-12-25","purchased_purges":1,"victory":false,"max_hp_per_floor":[80,80,80,80,80,80,80,80,80,80,80,80,80,80,80,80,80,80,80,80,80,80,80,80,80,80,80,80,80,80,80,80,80],"card_choices":[{"not_picked":["Warcry","Pommel Strike","Twin Strike"],"picked":"SKIP","floor":1},{"not_picked":["Twin Strike","Thunderclap"],"picked":"Iron Wave","floor":4},{"not_picked":["Hemokinesis","Armaments","Feel No Pain"],"picked":"SKIP","floor":6},{"not_picked":["Flex","Havoc"],"picked":"Thunderclap","floor":7},{"not_picked":["Flex","Fiend Fire","Twin Strike"],"picked":"SKIP","floor":11},{"not_picked":["Thunderclap","Headbutt","Dropkick+1"],"picked":"SKIP","floor":18},{"not_picked":["Flex","Twin Strike","Rampage+1"],"picked":"SKIP","floor":19},{"not_picked":["Heavy Blade","Havoc","Dropkick"],"picked":"SKIP","floor":22},{"not_picked":["Clash","Entrench"],"picked":"Sever Soul","floor":23},{"not_picked":["True Grit+1","Iron Wave","Wild Strike"],"picked":"SKIP","floor":24},{"not_picked":["Clash","Offering"],"picked":"Uppercut+1","floor":29},{"not_picked":["Pommel Strike","Shrug It Off+1"],"picked":"Warcry+1","floor":30},{"not_picked":["Sword Boomerang","Armaments","Second Wind"],"picked":"SKIP","floor":31}],"player_experience":364268,"relics_obtained":[{"floor":6,"key":"Matryoshka"},{"floor":9,"key":"Red Skull"},{"floor":9,"key":"The Courier"},{"floor":23,"key":"Du-Vu Doll"},{"floor":26,"key":"Oddly Smooth Stone"},{"floor":26,"key":"Girya"}],"event_choices":[{"cards_removed":["Clumsy"],"damage_healed":0,"gold_gain":0,"player_choice":"Offered Curse","damage_taken":0,"relics_obtained":["Spirit Poop"],"max_hp_gain":0,"max_hp_loss":0,"event_name":"Bonfire Elementals","floor":2,"gold_loss":0},{"damage_healed":0,"gold_gain":0,"player_choice":"Box","damage_taken":0,"relics_obtained":["Thread and Needle"],"max_hp_gain":0,"max_hp_loss":0,"event_name":"Big Fish","floor":5,"gold_loss":0,"cards_obtained":["Regret"]},{"cards_removed":["Regret"],"damage_healed":0,"gold_gain":0,"player_choice":"Card Removal","damage_taken":0,"max_hp_gain":0,"max_hp_loss":0,"event_name":"The Cleric","floor":8,"gold_loss":50},{"damage_healed":0,"gold_gain":0,"player_choice":"Take Damage","damage_taken":20,"relics_obtained":["Golden Idol"],"max_hp_gain":0,"max_hp_loss":0,"event_name":"Golden Idol","floor":12,"gold_loss":0},{"cards_removed":["Strike_R"],"damage_healed":0,"gold_gain":0,"player_choice":"Elegance","damage_taken":0,"max_hp_gain":0,"max_hp_loss":0,"event_name":"Back to Basics","floor":20,"gold_loss":0},{"damage_healed":0,"gold_gain":100,"player_choice":"Pray","damage_taken":0,"max_hp_gain":0,"max_hp_loss":0,"event_name":"Golden Shrine","floor":21,"gold_loss":0},{"damage_healed":0,"gold_gain":99,"player_choice":"Stole From Cult","damage_taken":0,"max_hp_gain":0,"max_hp_loss":0,"event_name":"Nest","floor":27,"gold_loss":0}],"is_beta":true,"boss_relics":[{"not_picked":["Black Blood","Philosopher\u0027s Stone"],"picked":"Empty Cage"}],"items_purged_floors":[25],"is_endless":false,"potions_floor_spawned":[11,16,22,30],"killed_by":"Collector","ascension_level":5}