{"gold_per_floor":[114,131,131,144,159,187,197,197,272,18,18,72,24,35,35,140,190,206,206,89,109,124,124,141,141,141,151,151,151,165,87,87,87],"floor_reached":33,"playtime":3196,"items_purged":[],"score":299,"play_id":"6513dcc1-ce9f-4e19-be8d-4887c076971d","local_time":"20190128000411","is_ascension_mode":false,"campfire_choices":[{"floor":8,"key":"REST"},{"floor":15,"key":"REST"},{"floor":23,"key":"REST"},{"floor":25,"key":"REST"},{"floor":32,"key":"REST"}],"neow_cost":"NONE","seed_source_timestamp":44501603084195,"circlet_count":0,"master_deck":["Defend_G","Defend_G","Defend_G","Defend_G","Survivor","Neutralize","Leg Sweep","Deadly Poison","Footwork","Sucker Punch","Deflect","Bane","Dagger Spray+1","Caltrops+1","Masterful Stab","Mind Blast","PiercingWail","Cloak And Dagger","Adrenaline","Die Die Die","Noxious Fumes+1","Terror+1","Poisoned Stab","Bite","Bite","Bite","Bite","Bite","Caltrops+1","Finisher","Flying Knee","Bouncing Flask+1","Crippling Poison","Quick Slash","Eviscerate","Backflip","Predator+1","Decay","Escape Plan+1","Glass Knife","Infinite Blades+1"],"relics":["Ring of the Snake","NeowsBlessing","Prayer Wheel","Frozen Egg 2","Tiny House","Regal Pillow","Du-Vu Doll"],"potions_floor_usage":[6,16,16,22,33],"damage_taken":[{"damage":0,"enemies":"2 Louse","floor":1,"turns":1},{"damage":0,"enemies":"Small Slimes","floor":2,"turns":1},{"damage":0,"enemies":"Jaw Worm","floor":4,"turns":1},{"damage":5,"enemies":"Blue Slaver","floor":5,"turns":5},{"damage":42,"enemies":"Gremlin Nob","floor":6,"turns":7},{"damage":4,"enemies":"2 Fungi Beasts","floor":7,"turns":4},{"damage":10,"enemies":"3 Louse","floor":14,"turns":4},{"damage":32,"enemies":"Slime Boss","floor":16,"turns":15},{"damage":26,"enemies":"2 Thieves","floor":18,"turns":4},{"damage":24,"enemies":"Spheric Guardian","floor":21,"turns":3},{"damage":22,"enemies":"Centurion and Healer","floor":22,"turns":6},{"damage":13,"enemies":"Snake Plant","floor":24,"turns":4},{"damage":27,"enemies":"3 Cultists","floor":27,"turns":5},{"damage":31,"enemies":"Sentry and Sphere","floor":30,"turns":5},{"damage":64,"enemies":"Champ","floor":33,"turns":9}],"seed_played":"-8205786318572556368","potions_obtained":[{"floor":1,"key":"Weak Potion"},{"floor":7,"key":"Dexterity Potion"},{"floor":14,"key":"Ancient Potion"},{"floor":17,"key":"FairyPotion"},{"floor":18,"key":"Dexterity Potion"},{"floor":27,"key":"Fire Potion"},{"floor":30,"key":"SpeedPotion"}],"is_trial":false,"path_per_floor":["M","M","?","M","M","E","M","R","T","$","?","T","$","M","R","B",null,"M","?","$","M","M","R","M","R","T","M","?","?","M","$","R","B"],"character_chosen":"THE_SILENT","items_purchased":["Caltrops+1","Masterful Stab","Mind Blast","PiercingWail","Caltrops+1","Finisher","Infinite Blades+1"],"campfire_rested":5,"item_purchase_floors":[10,10,10,13,20,20,31],"current_hp_per_floor":[70,70,63,63,58,16,12,33,33,33,33,33,33,25,46,16,75,49,49,49,27,9,31,20,42,42,17,17,17,5,5,42,0],"gold":87,"neow_bonus":"THREE_ENEMY_KILL","is_prod":false,"is_daily":false,"chose_seed":false,"campfire_upgraded":0,"win_rate":0.0,"timestamp":1548655451,"path_taken":["M","M","?","M","M","E","M","R","T","$","?","?","?","M","R","BOSS","M","?","$","M","M","R","M","R","T","M","?","?","M","?","R","BOSS"],"build_version":"2019-01-23","purchased_purges":0,"victory":false,"max_hp_per_floor":[70,70,70,70,70,70,70,70,70,70,70,70,70,70,70,70,75,75,75,75,75,75,75,75,75,75,75,75,75,75,75,75,75],"card_choices":[{"not_picked":["Cloak And Dagger","Blade Dance"],"picked":"Leg Sweep","floor":1},{"not_picked":["Acrobatics","Deflect"],"picked":"Deadly Poison","floor":2},{"not_picked":["Bane","PiercingWail"],"picked":"Footwork","floor":4},{"not_picked":["Reflex","Underhanded Strike"],"picked":"Sucker Punch","floor":5},{"not_picked":["Flechettes","Dodge and Roll"],"picked":"Deflect","floor":6},{"not_picked":["A Thousand Cuts","Cloak And Dagger"],"picked":"Bane","floor":7},{"not_picked":["Outmaneuver","Sucker Punch"],"picked":"Dagger Spray","floor":7},{"not_picked":["Blade Dance","Outmaneuver"],"picked":"Cloak And Dagger","floor":14},{"not_picked":["Calculated Gamble","Expertise"],"picked":"Adrenaline","floor":14},{"not_picked":["Phantasmal Killer","Unload"],"picked":"Die Die Die","floor":16},{"not_picked":["Dash","Caltrops+1"],"picked":"Noxious Fumes+1","floor":17},{"not_picked":["Blade Dance","Dodge and Roll+1"],"picked":"Terror+1","floor":18},{"not_picked":["Predator","Underhanded Strike"],"picked":"Poisoned Stab","floor":18},{"not_picked":["Flechettes+1","Outmaneuver"],"picked":"Flying Knee","floor":21},{"not_picked":["Backflip","Skewer","Acrobatics+1"],"picked":"SKIP","floor":21},{"not_picked":["Outmaneuver+1","Dagger Throw"],"picked":"Bouncing Flask+1","floor":22},{"not_picked":["Heel Hook","Accuracy+1"],"picked":"Crippling Poison","floor":22},{"not_picked":["Cloak And Dagger","Deflect"],"picked":"Quick Slash","floor":24},{"not_picked":["Phantasmal Killer","Outmaneuver"],"picked":"Eviscerate","floor":24},{"not_picked":["Bane","Poisoned Stab"],"picked":"Backflip","floor":27},{"not_picked":["Acrobatics","Calculated Gamble"],"picked":"Predator+1","floor":27},{"not_picked":["Acrobatics","PiercingWail"],"picked":"Escape Plan+1","floor":30},{"not_picked":["Prepared","Blade Dance"],"picked":"Glass Knife","floor":30}],"player_experience":46407,"relics_obtained":[{"floor":6,"key":"Prayer Wheel"},{"floor":9,"key":"Frozen Egg 2"},{"floor":12,"key":"Blood Vial"},{"floor":26,"key":"Regal Pillow"}],"event_choices":[{"cards_removed":["Defend_G"],"damage_healed":0,"gold_gain":0,"player_choice":"Card Removal","damage_taken":7,"max_hp_gain":0,"max_hp_loss":0,"event_name":"Golden Wing","floor":3,"gold_loss":0},{"damage_healed":0,"gold_gain":0,"player_choice":"Leave","damage_taken":0,"max_hp_gain":0,"max_hp_loss":0,"event_name":"The Cleric","floor":11,"gold_loss":0},{"damage_healed":0,"gold_gain":0,"player_choice":"Became a vampire (Vial)","damage_taken":0,"max_hp_gain":0,"max_hp_loss":0,"event_name":"Vampires","floor":19,"relics_lost":["Blood Vial"],"gold_loss":0,"cards_obtained":["Bite","Bite","Bite","Bite","Bite"]},{"damage_healed":0,"gold_gain":0,"player_choice":"Smashed Altar","damage_taken":0,"max_hp_gain":0,"max_hp_loss":0,"event_name":"Forgotten Altar","floor":28,"gold_loss":0,"cards_obtained":["Decay"]},{"damage_healed":0,"gold_gain":0,"player_choice":"Opened","damage_taken":0,"relics_obtained":["Du-Vu Doll"],"max_hp_gain":0,"max_hp_loss":0,"event_name":"The Mausoleum","floor":29,"gold_loss":0}],"is_beta":false,"boss_relics":[{"not_picked":["Philosopher\u0027s Stone","Busted Crown"],"picked":"Tiny House"}],"items_purged_floors":[],"is_endless":false,"potions_floor_spawned":[1,7,14,18,27,30],"killed_by":"Champ","ascension_level":0}