{"path_per_floor":["M","M","M","?","?","E","R","E","T","?","M","M","M","$","R","B",null,"M","?","M","?","M","R","E","M","T"],"character_chosen":"DEFECT","items_purchased":["Lockon","Whetstone"],"gold_per_floor":[115,128,147,147,147,191,191,234,234,264,289,310,325,17,17,137,137,158,158,178,178,202,202,241,257,280,280],"floor_reached":27,"campfire_rested":0,"playtime":1665,"current_hp_per_floor":[74,74,75,57,64,49,49,43,43,43,38,35,42,42,42,22,85,85,77,80,80,55,55,24,49,49,19],"items_purged":["Strike_B"],"gold":280,"score":257,"play_id":"4a060582-69aa-41f5-b300-9c872a6bb126","local_time":"20180509201623","is_prod":false,"is_daily":false,"chose_seed":false,"is_ascension_mode":true,"campfire_upgraded":3,"timestamp":1525893383,"path_taken":["M","M","M","?","?","E","R","E","T","?","M","M","M","?","R","BOSS","M","?","?","?","?","R","E","M","T","E"],"build_version":"2018-05-08","seed_source_timestamp":947228988987715,"purchased_purges":1,"victory":false,"master_deck":["Strike_B","Strike_B+1","Defend_B","Defend_B","Defend_B","Defend_B","Zap+1","Dualcast","Ball Lightning","Self Repair","Sweeping Beam","Reinforced Body","White Noise","Auto Shields","Buffer+1","Darkness","Lockon+1","Fusion+1","Rip and Tear","Hologram+1","Go for the Eyes"],"max_hp_per_floor":[75,75,75,75,85,85,85,85,85,85,85,85,85,85,85,85,85,85,85,85,85,85,85,85,85,85,85],"relics":["Cracked Core","Golden Idol","Pear","Gambling Chip","Ginger","Du-Vu Doll","Whetstone","Lizard Tail","Shuriken","Orichalcum"],"card_choices":[{"not_picked":["Stack","Coolheaded"],"picked":"Ball Lightning","floor":1},{"not_picked":["Go for the Eyes","Leap"],"picked":"Self Repair","floor":2},{"not_picked":["Turbo","Coolheaded"],"picked":"Sweeping Beam","floor":3},{"not_picked":["Steam","Doom and Gloom"],"picked":"Reinforced Body","floor":6},{"not_picked":["Coolheaded","Beam Cell"],"picked":"White Noise","floor":8},{"not_picked":["Sunder","Loop"],"picked":"Auto Shields","floor":11},{"not_picked":["Sweeping Beam","Steam"],"picked":"Buffer","floor":12},{"not_picked":["Leap","Barrage"],"picked":"Darkness","floor":13},{"not_picked":["Biased Cognition","Buffer"],"picked":"Fusion","floor":16},{"not_picked":["Axe Kick","Cold Snap"],"picked":"Rip and Tear","floor":20},{"not_picked":["Coolheaded","Cold Snap"],"picked":"Hologram","floor":22},{"not_picked":["Stack","Meteor Strike"],"picked":"Go for the Eyes","floor":25}],"player_experience":123486,"potions_floor_usage":[24,24],"damage_taken":[{"damage":1,"enemies":"2 Louse","floor":1,"turns":2},{"damage":0,"enemies":"Small Slimes","floor":2,"turns":3},{"damage":1,"enemies":"Jaw Worm","floor":3,"turns":3},{"damage":22,"enemies":"Gremlin Nob","floor":6,"turns":4},{"damage":13,"enemies":"3 Sentries","floor":8,"turns":5},{"damage":12,"enemies":"Blue Slaver","floor":11,"turns":3},{"damage":10,"enemies":"Lots of Slimes","floor":12,"turns":2},{"damage":0,"enemies":"Large Slime","floor":13,"turns":4},{"damage":20,"enemies":"The Guardian","floor":16,"turns":11},{"damage":1,"enemies":"Chosen","floor":18,"turns":8},{"damage":4,"enemies":"Spheric Guardian","floor":20,"turns":5},{"damage":32,"enemies":"Centurion and Healer","floor":22,"turns":8},{"damage":53,"enemies":"Slavers","floor":24,"turns":7},{"damage":25,"enemies":"Snecko","floor":25,"turns":5},{"damage":30,"enemies":"Gremlin Leader","floor":27,"turns":4}],"event_choices":[{"event_name":"Golden Idol","player_choice":"Take Damage","floor":4,"damage_taken":0},{"event_name":"Scrap Ooze","player_choice":"success","floor":5,"damage_taken":3},{"event_name":"Dead Adventurer","player_choice":"Searched \u00272\u0027 times","floor":10,"damage_taken":0},{"event_name":"Wheel of Change","player_choice":"Damage","floor":19,"damage_taken":0},{"event_name":"The Woman in Blue","player_choice":"Bought 0 Potions","floor":21,"damage_taken":0}],"boss_relics":[{"not_picked":["Snecko Eye","Runic Dome"],"picked":"Lizard Tail"}],"potions_floor_spawned":[2,11,12,16,22],"seed_played":"2746642143544219427","killed_by":"Gremlin Leader","ascension_level":1,"is_trial":false}