{"path_per_floor":["M","?","?","M","M","R","E","R","T","M","$","M","M","$","R","B",null,"M","M","?","$","M","R","M","R","T","M","$","?","M","E","R","B",null,"M","?","?","M","M","R","M","R","T","R","$","M","R","?","R"],"character_chosen":"DEFECT","items_purchased":["Meteor Strike"],"gold_per_floor":[118,118,68,86,103,103,135,135,159,169,5,16,26,26,26,121,121,135,145,145,70,90,90,104,104,127,140,40,40,59,94,94,195,195,212,212,212,232,245,245,264,264,264,264,139,153,153,153,153,153],"floor_reached":50,"campfire_rested":2,"playtime":1001,"current_hp_per_floor":[64,64,64,64,64,64,49,49,49,45,45,38,28,28,50,34,75,75,75,75,75,75,75,75,75,75,75,75,75,75,68,68,59,75,66,66,66,66,60,60,53,75,75,75,75,75,75,75,75,0],"items_purged":["Defend_B","Defend_B","Defend_B"],"gold":153,"score":464,"play_id":"c0ff82e1-f43d-4807-a38f-7ee1b8c112a6","local_time":"20180503152258","is_prod":false,"is_daily":false,"chose_seed":false,"is_ascension_mode":false,"campfire_upgraded":9,"timestamp":1525386178,"path_taken":["M","?","?","M","M","R","E","R","T","M","$","M","M","$","R","BOSS","M","M","?","$","M","R","M","R","T","M","$","?","M","E","R","BOSS","M","?","?","M","M","R","M","R","T","R","$","M","R","?","R","BOSS"],"build_version":"2018-05-02","seed_source_timestamp":1372472077228220,"purchased_purges":3,"victory":false,"master_deck":["Strike_B+1","Strike_B+1","Defend_B","Streamline+1","Streamline+1","Meteor Strike+1","Doom and Gloom+1","Sunder+1","Meteor Strike+1","Lockon+1"],"max_hp_per_floor":[75,75,75,75,75,75,75,75,75,75,75,75,75,75,75,75,75,75,75,75,75,75,75,75,75,75,75,75,75,75,75,75,75,75,75,75,75,75,75,75,75,75,75,75,75,75,75,75,75,75],"relics":["Snecko Eye","Prayer Wheel","Bag of Preparation","Nuclear Battery","Happy Flower","Juzu Bracelet","Sozu","Art of War"],"card_choices":[{"not_picked":["Hologram","Lockon"],"picked":"Streamline","floor":1},{"not_picked":["Amplify","Axe Kick"],"picked":"Streamline","floor":5},{"not_picked":["Steam Power","Cold Snap"],"picked":"Doom and Gloom","floor":12},{"not_picked":["Blizzard","Ball Lightning"],"picked":"Sunder","floor":13},{"not_picked":["Doom and Gloom","Heatsinks"],"picked":"Meteor Strike","floor":31}],"player_experience":145787,"potions_floor_usage":[7,24,31,35,50,50],"damage_taken":[{"damage":11,"enemies":"2 Louse","floor":1,"turns":4},{"damage":0,"enemies":"Small Slimes","floor":4,"turns":3},{"damage":0,"enemies":"Jaw Worm","floor":5,"turns":2},{"damage":15,"enemies":"Gremlin Nob","floor":7,"turns":4},{"damage":4,"enemies":"2 Fungi Beasts","floor":10,"turns":2},{"damage":7,"enemies":"3 Louse","floor":12,"turns":2},{"damage":10,"enemies":"Lots of Slimes","floor":13,"turns":2},{"damage":16,"enemies":"Hexaghost","floor":16,"turns":4},{"damage":0,"enemies":"Spheric Guardian","floor":18,"turns":1},{"damage":0,"enemies":"Chosen","floor":19,"turns":2},{"damage":0,"enemies":"Snake Plant","floor":22,"turns":2},{"damage":0,"enemies":"Centurion and Healer","floor":24,"turns":2},{"damage":0,"enemies":"Chosen and Byrds","floor":27,"turns":2},{"damage":0,"enemies":"Sentry and Sphere","floor":30,"turns":2},{"damage":7,"enemies":"Book of Stabbing","floor":31,"turns":2},{"damage":9,"enemies":"Automaton","floor":33,"turns":3},{"damage":9,"enemies":"3 Shapes","floor":35,"turns":1},{"damage":0,"enemies":"Orb Walker","floor":38,"turns":1},{"damage":6,"enemies":"4 Shapes","floor":39,"turns":2},{"damage":7,"enemies":"Sphere and 2 Shapes","floor":41,"turns":1},{"damage":0,"enemies":"Flame Bruiser 2 Orb","floor":46,"turns":1},{"damage":84,"enemies":"Time Eater","floor":50,"turns":5}],"event_choices":[{"event_name":"Golden Idol","player_choice":"Ignored","floor":2,"damage_taken":0},{"event_name":"The Cleric","player_choice":"Card Removal","floor":3,"damage_taken":0},{"event_name":"Back to Basics","player_choice":"Elegance","floor":20,"damage_taken":0},{"event_name":"Beggar","player_choice":"Ignored","floor":29,"damage_taken":0},{"event_name":"Mysterious Sphere","player_choice":"Ignore","floor":36,"damage_taken":0},{"event_name":"Transmorgrifier","player_choice":"Transform","floor":37,"damage_taken":0}],"boss_relics":[{"not_picked":["Ectoplasm","Lizard Tail"],"picked":"Nuclear Battery"},{"not_picked":["Orrery","Calling Bell"],"picked":"Sozu"}],"potions_floor_spawned":[4,5,7,16,24,27,33,35,41],"seed_played":"-5490432010438376734","killed_by":"Time Eater","ascension_level":0,"is_trial":false}