{"gold_per_floor":[109,129,145,145,161,195,195,222,303,105,160,4,4,4,4,104,104,114,139,54,54,72,72,89,40,40,40,54,54,74,87,87,186,186,204,204,15,27,47,74,74,91,91,91,107,124,142,155,155,155],"floor_reached":50,"playtime":3183,"items_purged":["Strike_R"],"score":690,"play_id":"d6814dc4-05a8-46ea-8656-9aabc4962a36","local_time":"20190118055307","is_ascension_mode":true,"campfire_choices":[{"data":"Bash","floor":7.0,"key":"SMITH"},{"floor":15.0,"key":"REST"},{"data":"Dual Wield","floor":23.0,"key":"SMITH"},{"data":"True Grit","floor":27.0,"key":"SMITH"},{"floor":32.0,"key":"REST"},{"data":"Double Tap","floor":41.0,"key":"SMITH"},{"data":"Shockwave","floor":44.0,"key":"SMITH"},{"floor":49.0,"key":"REST"}],"neow_cost":"NONE","seed_source_timestamp":0,"circlet_count":0,"master_deck":["Strike_R","Defend_R","Defend_R","Defend_R","Defend_R+1","Bash+1","Madness","Intimidate","Intimidate","Dropkick","Pommel Strike+1","Shockwave+1","Body Slam+1","Flash of Steel+1","Dual Wield+1","Inflame","Juggernaut","True Grit+1","Second Wind","Body Slam+1","Rage","Double Tap+1","Violence","Fire Breathing+1","Armaments+1","Power Through+1","Sever Soul+1"],"special_seed":0,"relics":["Burning Blood","Pear","Pocketwatch","Molten Egg 2","Happy Flower","Philosopher\u0027s Stone","Red Mask","Anchor","Sundial","Sozu","Mercury Hourglass","Kunai"],"potions_floor_usage":[],"damage_taken":[{"damage":6.0,"enemies":"Cultist","floor":1.0,"turns":4.0},{"damage":8.0,"enemies":"2 Louse","floor":2.0,"turns":3.0},{"damage":4.0,"enemies":"Small Slimes","floor":3.0,"turns":3.0},{"damage":1.0,"enemies":"2 Fungi Beasts","floor":5.0,"turns":4.0},{"damage":19.0,"enemies":"3 Sentries","floor":6.0,"turns":11.0},{"damage":20.0,"enemies":"Gremlin Nob","floor":8.0,"turns":4.0},{"damage":23.0,"enemies":"3 Sentries","floor":11.0,"turns":7.0},{"damage":20.0,"enemies":"Hexaghost","floor":16.0,"turns":8.0},{"damage":8.0,"enemies":"Shell Parasite","floor":18.0,"turns":4.0},{"damage":32.0,"enemies":"Masked Bandits","floor":19.0,"turns":4.0},{"damage":0.0,"enemies":"Chosen","floor":22.0,"turns":4.0},{"damage":15.0,"enemies":"Snecko","floor":24.0,"turns":4.0},{"damage":22.0,"enemies":"Cultist and Chosen","floor":28.0,"turns":6.0},{"damage":19.0,"enemies":"Sentry and Sphere","floor":30.0,"turns":4.0},{"damage":6.0,"enemies":"Snecko","floor":31.0,"turns":4.0},{"damage":11.0,"enemies":"Champ","floor":33.0,"turns":7.0},{"damage":14.0,"enemies":"3 Darklings","floor":35.0,"turns":4.0},{"damage":28.0,"enemies":"Orb Walker","floor":38.0,"turns":4.0},{"damage":8.0,"enemies":"3 Darklings","floor":39.0,"turns":5.0},{"damage":4.0,"enemies":"Giant Head","floor":40.0,"turns":5.0},{"damage":9.0,"enemies":"4 Shapes","floor":42.0,"turns":6.0},{"damage":43.0,"enemies":"Sphere and 2 Shapes","floor":45.0,"turns":6.0},{"damage":6.0,"enemies":"Maw","floor":46.0,"turns":5.0},{"damage":2.0,"enemies":"Transient","floor":47.0,"turns":5.0},{"damage":8.0,"enemies":"4 Shapes","floor":48.0,"turns":6.0},{"damage":47,"enemies":"Donu and Deca","floor":50,"turns":6}],"seed_played":"-5821517289460763115","potions_obtained":[{"floor":1.0,"key":"EssenceOfSteel"},{"floor":4.0,"key":"Fire Potion"},{"floor":4.0,"key":"Energy Potion"},{"floor":5.0,"key":"Explosive Potion"},{"floor":11.0,"key":"BloodPotion"},{"floor":16.0,"key":"Strength Potion"},{"floor":19.0,"key":"PowerPotion"},{"floor":28.0,"key":"Ancient Potion"},{"floor":30.0,"key":"PowerPotion"}],"is_trial":false,"path_per_floor":["M","M","M","?","M","E","R","E","T","$","?","$","?","?","R","B",null,"M","?","?","?","M","R","M","$","T","R","M","?","M","M","R","B",null,"M","?","$","M","M","E","R","M","T","R","M","M","M","M","R","B"],"character_chosen":"IRONCLAD","items_purchased":["Shockwave","Body Slam+1","Flash of Steel+1","Dual Wield","True Grit","Violence"],"campfire_rested":3,"item_purchase_floors":[10,10,10,12,25,37],"current_hp_per_floor":[72,70,72,72,77,74,74,60,60,60,43,43,25,25,52,38,77,84,58,58,58,64,64,55,55,55,55,39,39,26,26,53,48,80,72,72,72,50,48,50,50,47,47,47,10,10,14,12,39,0],"gold":155,"neow_bonus":"RANDOM_COLORLESS","is_prod":false,"is_daily":false,"chose_seed":false,"campfire_upgraded":5,"win_rate":0,"timestamp":1547790787,"path_taken":["M","M","?","?","M","E","R","E","T","?","?","$","?","?","R","BOSS","M","?","?","?","M","R","M","$","T","R","M","?","M","M","R","BOSS","M","?","$","M","M","E","R","?","T","R","?","M","M","M","R","BOSS"],"build_version":"2019-01-16","purchased_purges":1,"victory":false,"max_hp_per_floor":[80,80,80,80,80,90,90,90,90,90,90,90,90,90,90,90,90,90,90,90,90,90,90,90,90,90,90,90,90,90,90,90,90,90,90,90,90,90,90,90,90,90,90,90,90,90,90,90,90,90],"card_choices":[{"not_picked":["Warcry","Heavy Blade","Thunderclap"],"picked":"SKIP","floor":1.0},{"not_picked":["Seeing Red","Anger"],"picked":"Intimidate","floor":2.0},{"not_picked":["Seeing Red","Clash","Sword Boomerang"],"picked":"SKIP","floor":3.0},{"not_picked":["Wild Strike","Iron Wave"],"picked":"Intimidate","floor":5.0},{"not_picked":["Entrench","Inflame"],"picked":"Dropkick","floor":6.0},{"not_picked":["Impervious","Seeing Red"],"picked":"Pommel Strike","floor":8.0},{"not_picked":["Twin Strike+1","Bloodletting","Sentinel"],"picked":"SKIP","floor":18.0},{"not_picked":["Thunderclap+1","Cleave+1"],"picked":"Juggernaut","floor":22.0},{"not_picked":["Armaments","Body Slam+1","Perfected Strike+1"],"picked":"SKIP","floor":24.0},{"not_picked":["Pummel+1","Second Wind","Twin Strike+1"],"picked":"SKIP","floor":28.0},{"not_picked":["Warcry","Flex+1","Pommel Strike+1"],"picked":"SKIP","floor":30.0},{"not_picked":["Perfected Strike+1","Carnage+1"],"picked":"Rage","floor":31.0},{"not_picked":["Fiend Fire+1","Juggernaut"],"picked":"Double Tap","floor":33.0},{"not_picked":["Flame Barrier","Heavy Blade+1","Twin Strike+1"],"picked":"SKIP","floor":35.0},{"not_picked":["Shrug It Off","Hemokinesis+1","Wild Strike+1"],"picked":"SKIP","floor":38.0},{"not_picked":["Perfected Strike+1","Body Slam+1","Rupture+1"],"picked":"SKIP","floor":39.0},{"not_picked":["Sword Boomerang+1","Rampage+1"],"picked":"Fire Breathing+1","floor":40.0},{"not_picked":["Havoc","Entrench","Evolve"],"picked":"SKIP","floor":42.0},{"not_picked":["Clash+1","Twin Strike+1"],"picked":"Armaments+1","floor":45.0},{"not_picked":["Flame Barrier+1","Headbutt+1"],"picked":"Power Through+1","floor":46.0},{"not_picked":["Clash+1","Pummel+1"],"picked":"Sever Soul+1","floor":47.0},{"not_picked":["Iron Wave+1","Cleave+1","True Grit+1"],"picked":"SKIP","floor":48.0}],"player_experience":426567,"relics_obtained":[{"floor":6.0,"key":"Pear"},{"floor":8.0,"key":"Pocketwatch"},{"floor":9.0,"key":"Molten Egg 2"},{"floor":19.0,"key":"Red Mask"},{"floor":26.0,"key":"Sundial"},{"floor":40.0,"key":"Mercury Hourglass"},{"floor":43.0,"key":"Kunai"}],"event_choices":[{"damage_healed":0.0,"max_hp_gain":0.0,"max_hp_loss":0.0,"gold_gain":0.0,"event_name":"Lab","player_choice":"Got Potions","floor":4.0,"gold_loss":0.0,"damage_taken":0.0},{"damage_healed":0.0,"max_hp_gain":0.0,"max_hp_loss":0.0,"gold_gain":0.0,"event_name":"Dead Adventurer","player_choice":"Searched \u00272\u0027 times","floor":11.0,"gold_loss":0.0,"damage_taken":0.0,"relics_obtained":["Happy Flower"]},{"damage_healed":0.0,"max_hp_gain":0.0,"max_hp_loss":0.0,"gold_gain":0.0,"event_name":"Shining Light","player_choice":"Entered Light","floor":13.0,"gold_loss":0.0,"damage_taken":18.0,"cards_upgraded":["Defend_R","Pommel Strike"]},{"damage_healed":0.0,"max_hp_gain":0.0,"max_hp_loss":0.0,"gold_gain":0.0,"event_name":"The Cleric","player_choice":"Leave","floor":14.0,"gold_loss":0.0,"damage_taken":0.0},{"damage_healed":0.0,"max_hp_gain":0.0,"max_hp_loss":0.0,"gold_gain":0.0,"event_name":"Masked Bandits","player_choice":"Fought Bandits","floor":19.0,"gold_loss":0.0,"damage_taken":0.0},{"damage_healed":0.0,"max_hp_gain":0.0,"max_hp_loss":0.0,"gold_gain":0.0,"event_name":"Addict","player_choice":"Obtained Relic","floor":20.0,"gold_loss":85.0,"damage_taken":0.0,"relics_obtained":["Anchor"]},{"damage_healed":0.0,"max_hp_gain":0.0,"max_hp_loss":0.0,"gold_gain":0.0,"event_name":"The Library","player_choice":"Read","floor":21.0,"gold_loss":0.0,"damage_taken":0.0,"cards_obtained":["Inflame"]},{"damage_healed":0.0,"max_hp_gain":0.0,"max_hp_loss":0.0,"gold_gain":0.0,"cards_transformed":["Strike_R","Strike_R"],"event_name":"Drug Dealer","player_choice":"Became Test Subject","floor":29.0,"gold_loss":0.0,"damage_taken":0.0,"cards_obtained":["Second Wind","Body Slam"]},{"cards_removed":["Strike_R"],"damage_healed":0.0,"max_hp_gain":0.0,"max_hp_loss":0.0,"gold_gain":0.0,"event_name":"Purifier","player_choice":"Purged","floor":36.0,"gold_loss":0.0,"damage_taken":0.0}],"is_beta":true,"boss_relics":[{"not_picked":["Lizard Tail","White Beast Statue"],"picked":"Philosopher\u0027s Stone"},{"not_picked":["Coffee Dripper","Black Star"],"picked":"Sozu"}],"items_purged_floors":[12],"is_endless":false,"potions_floor_spawned":[1,5,11,16,19,28,30,38,39,42,45,47],"killed_by":"Donu and Deca","ascension_level":7}