{"path_per_floor":["M","?","M","M","?","R","M","R","T","R","E","M","?","$","R","B",null,"M","M","M","?","$","R","M","R","T","?"],"character_chosen":"DEFECT","items_purchased":["Bottled Lightning"],"gold_per_floor":[112,112,123,134,134,134,144,144,144,144,174,185,185,135,135,232,262,276,295,314,314,18,18,35,35,105,105,105],"floor_reached":28,"campfire_rested":2,"playtime":2200,"current_hp_per_floor":[66,66,65,65,65,65,54,54,54,54,34,20,20,20,42,7,80,69,45,33,33,33,33,9,33,33,33,0],"items_purged":["Writhe","Zap"],"gold":105,"score":262,"play_id":"7d3a79c6-e281-433c-a5bf-081fef32d4f6","local_time":"20180509184041","is_prod":false,"is_daily":false,"chose_seed":false,"is_ascension_mode":true,"campfire_upgraded":4,"timestamp":1525916441,"path_taken":["M","?","M","M","?","R","M","R","T","R","E","?","?","$","R","BOSS","M","M","M","?","$","R","M","R","T","?","E"],"build_version":"2018-05-08","seed_source_timestamp":210550671701956,"purchased_purges":2,"victory":false,"master_deck":["Strike_B","Strike_B","Strike_B","Strike_B","Defend_B+1","Defend_B","Defend_B","Defend_B","Zap+1","Dualcast","FTL","Deep Breath+1","Streamline+1","Reboot+1","Hyperbeam+1","Beam Cell+1"],"max_hp_per_floor":[75,75,75,75,75,75,75,75,75,75,75,75,75,75,75,75,80,80,80,80,80,80,80,80,80,80,80,80],"relics":["Cracked Core","Lantern","Smiling Mask","Tiny House","Bottled Lightning","Pantograph"],"card_choices":[{"not_picked":["Defragment","Cold Snap"],"picked":"FTL","floor":3},{"not_picked":["Self Repair","Sweeping Beam"],"picked":"Streamline","floor":7},{"not_picked":["Machine Learning","Biased Cognition"],"picked":"Reboot","floor":16},{"not_picked":["Chaos","Doom and Gloom"],"picked":"Hyperbeam","floor":19},{"not_picked":["Streamline","Chaos"],"picked":"Beam Cell","floor":24}],"player_experience":190675,"potions_floor_usage":[11,16,18,19,19],"damage_taken":[{"damage":9,"enemies":"Jaw Worm","floor":1,"turns":3},{"damage":1,"enemies":"Cultist","floor":3,"turns":3},{"damage":0,"enemies":"Small Slimes","floor":4,"turns":3},{"damage":11,"enemies":"Blue Slaver","floor":7,"turns":3},{"damage":20,"enemies":"Lagavulin","floor":11,"turns":5},{"damage":14,"enemies":"Lots of Slimes","floor":12,"turns":3},{"damage":35,"enemies":"Hexaghost","floor":16,"turns":9},{"damage":11,"enemies":"Shell Parasite","floor":18,"turns":3},{"damage":24,"enemies":"3 Byrds","floor":19,"turns":3},{"damage":12,"enemies":"3 Cultists","floor":20,"turns":3},{"damage":24,"enemies":"Chosen and Byrds","floor":24,"turns":4},{"damage":49,"enemies":"Book of Stabbing","floor":28,"turns":3}],"event_choices":[{"event_name":"The Woman in Blue","player_choice":"Bought 0 Potions","floor":2,"damage_taken":0},{"event_name":"Match and Keep!","player_choice":"3 cards matched","floor":5,"damage_taken":0},{"event_name":"Scrap Ooze","player_choice":"unsuccessful","floor":13,"damage_taken":0},{"event_name":"Ghosts","player_choice":"Ignored","floor":21,"damage_taken":0},{"event_name":"Upgrade Shrine","player_choice":"Upgraded","floor":27,"damage_taken":0}],"boss_relics":[{"not_picked":["Eternal Feather","Black Star"],"picked":"Tiny House"}],"potions_floor_spawned":[7,11,16,18],"seed_played":"-2314309724512306212","killed_by":"Book of Stabbing","ascension_level":4,"is_trial":false}