{"gold_per_floor":[219,23,98,117,67,67,106,120,175,226,261,298,310,356,368,473,485,517,529,451,463,500,512],"floor_reached":23,"playtime":1128,"items_purged":[],"score":355,"play_id":"12c399f5-79fc-4d30-8fd8-20646f812efe","local_time":"20190201235659","is_ascension_mode":true,"campfire_choices":[{"floor":15,"key":"REST"}],"neow_cost":"NONE","seed_source_timestamp":0,"circlet_count":0,"master_deck":["AscendersBane","Strike_R","Strike_R","Strike_R","Defend_R","Defend_R","Defend_R","Defend_R","Bash","Bloodletting","Apotheosis","Sword Boomerang","Flame Barrier","True Grit","Metallicize","Entrench","Metallicize+1","Warcry+1","Juggernaut","Body Slam"],"special_seed":0,"relics":["Burning Blood","Golden Idol","Juzu Bracelet","MawBank","FossilizedHelix","Toxic Egg 2","Snecko Eye"],"potions_floor_usage":[14,14,22,22],"damage_taken":[{"damage":7.0,"enemies":"Small Slimes","floor":1.0,"turns":6.0},{"damage":0.0,"enemies":"2 Louse","floor":4.0,"turns":3.0},{"damage":33.0,"enemies":"Gremlin Nob","floor":7.0,"turns":4.0},{"damage":2.0,"enemies":"Cultist","floor":8.0,"turns":4.0},{"damage":19.0,"enemies":"3 Sentries","floor":10.0,"turns":11.0},{"damage":0.0,"enemies":"Large Slime","floor":11.0,"turns":8.0},{"damage":1.0,"enemies":"2 Fungi Beasts","floor":12.0,"turns":6.0},{"damage":9,"enemies":"Gremlin Nob","floor":14,"turns":5},{"damage":27,"enemies":"The Guardian","floor":16,"turns":19},{"damage":0,"enemies":"Chosen","floor":18,"turns":6},{"damage":15,"enemies":"3 Byrds","floor":22,"turns":5},{"damage":45,"enemies":"Gremlin Leader","floor":23,"turns":4}],"seed_played":"4281213725810639807","potions_obtained":[{"floor":7.0,"key":"Block Potion"},{"floor":8.0,"key":"Poison Potion"},{"floor":10.0,"key":"SkillPotion"},{"floor":12.0,"key":"SteroidPotion"},{"floor":16,"key":"Weak Potion"},{"floor":22,"key":"Fruit Juice"}],"is_trial":false,"path_per_floor":["M","$","?","M","?","?","E","M","T","E","M","M","$","E","R","B",null,"M","$","?","$","M","E"],"character_chosen":"IRONCLAD","items_purchased":["Apotheosis"],"campfire_rested":1,"item_purchase_floors":[2],"current_hp_per_floor":[67,67,56,62,62,62,35,39,39,26,32,37,37,34,54,33,60,66,66,66,66,62,17],"gold":512,"neow_bonus":"HUNDRED_GOLD","is_prod":false,"is_daily":false,"chose_seed":false,"campfire_upgraded":0,"win_rate":0,"timestamp":1549065419,"path_taken":["M","$","?","M","?","?","E","M","T","E","M","M","$","E","R","BOSS","M","$","?","?","M","E"],"build_version":"2019-01-23","purchased_purges":0,"victory":false,"max_hp_per_floor":[75,75,75,75,75,69,69,69,69,69,69,69,69,69,69,69,69,69,69,69,69,74,74],"card_choices":[{"not_picked":["Havoc","Twin Strike"],"picked":"Bloodletting","floor":1.0},{"not_picked":["Thunderclap","Iron Wave"],"picked":"Sword Boomerang","floor":4.0},{"not_picked":["Dropkick","Pommel Strike"],"picked":"Flame Barrier","floor":7.0},{"not_picked":["Sentinel","Wild Strike"],"picked":"True Grit","floor":8.0},{"not_picked":["Havoc","Anger"],"picked":"Metallicize","floor":10.0},{"not_picked":["Feed","Clash"],"picked":"Entrench","floor":11.0},{"not_picked":["Wild Strike","Cleave"],"picked":"Metallicize","floor":12.0},{"not_picked":["Twin Strike","Searing Blow"],"picked":"Warcry","floor":14},{"not_picked":["Double Tap+1","Immolate"],"picked":"Juggernaut","floor":16},{"not_picked":["Armaments+1","Warcry+1"],"picked":"Body Slam","floor":18},{"not_picked":["Clash","Shrug It Off+1","Power Through+1"],"picked":"SKIP","floor":22}],"player_experience":547359,"relics_obtained":[{"floor":7.0,"key":"Juzu Bracelet"},{"floor":9.0,"key":"MawBank"},{"floor":10.0,"key":"FossilizedHelix"},{"floor":14,"key":"Toxic Egg 2"}],"event_choices":[{"damage_healed":0.0,"max_hp_gain":0.0,"max_hp_loss":0.0,"gold_gain":75.0,"event_name":"World of Goop","player_choice":"Gather Gold","floor":3.0,"gold_loss":0.0,"damage_taken":11.0},{"cards_removed":["Strike_R"],"damage_healed":0.0,"max_hp_gain":0.0,"max_hp_loss":0.0,"gold_gain":0.0,"event_name":"The Cleric","player_choice":"Card Removal","floor":5.0,"gold_loss":50.0,"damage_taken":0.0},{"damage_healed":0.0,"max_hp_gain":0.0,"max_hp_loss":6.0,"gold_gain":0.0,"event_name":"Golden Idol","player_choice":"Lose Max HP","floor":6.0,"gold_loss":0.0,"damage_taken":0.0,"relics_obtained":["Golden Idol"]},{"cards_removed":["Strike_R"],"damage_healed":0,"gold_gain":0,"player_choice":"Upgrade and Remove","damage_taken":0,"max_hp_gain":0,"max_hp_loss":0,"event_name":"Designer","floor":20,"gold_loss":90,"cards_upgraded":["Metallicize"]}],"is_beta":true,"boss_relics":[{"not_picked":["Calling Bell","Black Star"],"picked":"Snecko Eye"}],"items_purged_floors":[],"is_endless":false,"potions_floor_spawned":[7,8,10,12,16,22],"killed_by":"Gremlin Leader","ascension_level":14}