{"gold_per_floor":[119,69,29,29,40,72,72,103,103,120,120,150,169,94,94,196,196,208,208,223,323,171,204,204,204,230,230,230,263,110,110,110,110],"floor_reached":33,"playtime":885,"items_purged":["Strike_R","Strike_R"],"score":340,"play_id":"8754161d-c3f5-40d4-a936-3bbd92d85fb5","local_time":"20190213230905","is_ascension_mode":true,"campfire_choices":[{"data":"Bash","floor":7,"key":"SMITH"},{"data":"Rampage","floor":11,"key":"SMITH"},{"data":"1","floor":15,"key":"LIFT"},{"data":"Armaments","floor":25,"key":"SMITH"},{"data":"2","floor":27,"key":"LIFT"},{"data":"3","floor":32,"key":"LIFT"}],"neow_cost":"NONE","seed_source_timestamp":22107680718500,"circlet_count":0,"master_deck":["Strike_R","Strike_R","Defend_R","Defend_R","Defend_R","Defend_R","Bash+1","Rampage+1","Twin Strike","Sword Boomerang","Limit Break","Sword Boomerang","Sword Boomerang","Armaments+1","Shrug It Off+1","Decay"],"relics":["Burning Blood","NeowsBlessing","Shovel","Blood Vial","Darkstone Periapt","Girya","Ancient Tea Set","Velvet Choker","Incense Burner","Matryoshka","Potion Belt","Singing Bowl","Happy Flower","Blue Candle","Letter Opener","Shuriken","Oddly Smooth Stone"],"potions_floor_usage":[8,16,18,20,23,23,23,23,23,24,33],"damage_taken":[{"damage":0,"enemies":"Small Slimes","floor":1,"turns":1},{"damage":0,"enemies":"Jaw Worm","floor":5,"turns":1},{"damage":0,"enemies":"Lagavulin","floor":6,"turns":1},{"damage":48,"enemies":"3 Sentries","floor":8,"turns":11},{"damage":0,"enemies":"2 Louse","floor":10,"turns":3},{"damage":6,"enemies":"Gremlin Nob","floor":12,"turns":3},{"damage":7,"enemies":"2 Fungi Beasts","floor":13,"turns":3},{"damage":43,"enemies":"Hexaghost","floor":16,"turns":8},{"damage":0,"enemies":"Spheric Guardian","floor":18,"turns":3},{"damage":10,"enemies":"2 Thieves","floor":20,"turns":3},{"damage":25,"enemies":"Colosseum Slavers","floor":21,"turns":4},{"damage":30,"enemies":"Colosseum Nobs","floor":21,"turns":5},{"damage":43,"enemies":"Gremlin Leader","floor":23,"turns":7},{"damage":0,"enemies":"Shelled Parasite and Fungi","floor":24,"turns":1},{"damage":52,"enemies":"Slavers","floor":29,"turns":5},{"damage":42,"enemies":"Automaton","floor":33,"turns":6}],"seed_played":"3854233862462208981","potions_obtained":[{"floor":5,"key":"BloodPotion"},{"floor":8,"key":"Swift Potion"},{"floor":10,"key":"Swift Potion"},{"floor":13,"key":"Explosive Potion"},{"floor":18,"key":"Explosive Potion"},{"floor":20,"key":"EntropicBrew"},{"floor":21,"key":"Regen Potion"},{"floor":29,"key":"Poison Potion"}],"is_trial":false,"path_per_floor":["M","?","$","?","M","E","R","E","T","M","R","E","M","$","R","B",null,"M","?","M","?","$","E","M","R","T","R","T","E","$","?","R","B"],"character_chosen":"IRONCLAD","items_purchased":["Rampage","Armaments","Oddly Smooth Stone"],"campfire_rested":0,"item_purchase_floors":[3,22,30],"current_hp_per_floor":[80,80,80,77,80,80,80,46,46,54,54,56,57,57,57,22,80,80,80,76,37,37,47,55,55,55,55,55,11,11,17,17,0],"gold":110,"neow_bonus":"THREE_ENEMY_KILL","is_prod":false,"is_daily":false,"chose_seed":false,"campfire_upgraded":3,"win_rate":0,"timestamp":1550092145,"path_taken":["M","?","$","?","M","E","R","E","T","M","R","E","M","?","R","BOSS","M","?","M","?","?","E","?","R","T","R","?","E","$","?","R","BOSS"],"build_version":"2019-01-23","purchased_purges":2,"victory":false,"max_hp_per_floor":[80,80,80,80,80,80,80,80,80,80,80,80,80,80,80,80,80,80,80,80,80,80,80,80,80,80,80,80,80,80,86,86,86],"card_choices":[{"not_picked":["Perfected Strike","Hemokinesis","Pommel Strike"],"picked":"SKIP","floor":1},{"not_picked":["Heavy Blade","Perfected Strike"],"picked":"Twin Strike","floor":5},{"not_picked":["Metallicize","Havoc","Heavy Blade"],"picked":"SKIP","floor":6},{"not_picked":["Headbutt","Twin Strike","Perfected Strike"],"picked":"SKIP","floor":8},{"not_picked":["Iron Wave","Demon Form"],"picked":"Sword Boomerang","floor":10},{"not_picked":["Clothesline","Perfected Strike","Warcry"],"picked":"SKIP","floor":12},{"not_picked":["Entrench","Infernal Blade","Anger"],"picked":"SKIP","floor":13},{"not_picked":["Double Tap","Feed"],"picked":"Limit Break","floor":16},{"not_picked":["Combust","Twin Strike"],"picked":"Sword Boomerang","floor":18},{"not_picked":["Armaments","Reckless Charge+1","Body Slam"],"picked":"SKIP","floor":20},{"not_picked":["Carnage","Clash","Brutality"],"picked":"SKIP","floor":23},{"not_picked":["Pommel Strike+1","Iron Wave+1"],"picked":"Shrug It Off+1","floor":29}],"player_experience":746768,"relics_obtained":[{"floor":6,"key":"Blood Vial"},{"floor":8,"key":"Darkstone Periapt"},{"floor":9,"key":"Girya"},{"floor":12,"key":"Ancient Tea Set"},{"floor":21,"key":"Incense Burner"},{"floor":21,"key":"Matryoshka"},{"floor":23,"key":"Potion Belt"},{"floor":26,"key":"Singing Bowl"},{"floor":26,"key":"Happy Flower"},{"floor":28,"key":"Blue Candle"},{"floor":28,"key":"Letter Opener"},{"floor":29,"key":"Shuriken"}],"event_choices":[{"cards_removed":["Strike_R"],"damage_healed":0,"gold_gain":0,"player_choice":"Card Removal","damage_taken":0,"max_hp_gain":0,"max_hp_loss":0,"event_name":"The Cleric","floor":2,"gold_loss":50},{"damage_healed":0,"gold_gain":0,"player_choice":"Success","damage_taken":3,"relics_obtained":["Shovel"],"max_hp_gain":0,"max_hp_loss":0,"event_name":"Scrap Ooze","floor":4,"gold_loss":0},{"damage_healed":0,"gold_gain":0,"player_choice":"Read","damage_taken":0,"max_hp_gain":0,"max_hp_loss":0,"event_name":"The Library","floor":19,"gold_loss":0,"cards_obtained":["Sword Boomerang"]},{"damage_healed":0,"gold_gain":0,"player_choice":"Fight","damage_taken":0,"max_hp_gain":0,"max_hp_loss":0,"event_name":"Colosseum","floor":21,"gold_loss":0},{"damage_healed":0,"gold_gain":0,"player_choice":"Fought Nobs","damage_taken":0,"max_hp_gain":0,"max_hp_loss":0,"event_name":"Colosseum","floor":21,"gold_loss":0},{"damage_healed":0,"gold_gain":0,"player_choice":"Smashed Altar","damage_taken":0,"max_hp_gain":0,"max_hp_loss":0,"event_name":"Forgotten Altar","floor":31,"gold_loss":0,"cards_obtained":["Decay"]}],"is_beta":false,"boss_relics":[{"not_picked":["Empty Cage","Coffee Dripper"],"picked":"Velvet Choker"}],"items_purged_floors":[14,22],"is_endless":false,"potions_floor_spawned":[5,8,10,13,18,20,21,29],"killed_by":"Automaton","ascension_level":1}