{"gold_per_floor":[19,94,12,27,40,40,67,67,67,81,155,155],"floor_reached":12,"playtime":403,"items_purged":[],"score":117,"play_id":"59d2871d-e36d-40b8-b5d2-9c9728f6b6de","local_time":"20190129203155","is_ascension_mode":true,"campfire_choices":[{"data":"Jack Of All Trades","floor":6,"key":"SMITH"}],"neow_cost":"NO_GOLD","seed_source_timestamp":1657345999045123,"circlet_count":0,"master_deck":["AscendersBane","Strike_B","Strike_B","Strike_B","Strike_B","Defend_B","Defend_B","Defend_B","Defend_B","Zap","Dualcast","Good Instincts","Deep Breath","Gash","Jack Of All Trades+1","Gash","Go for the Eyes","White Noise","Hologram","Skim"],"relics":["Cracked Core","Bottled Lightning","Golden Idol","Sundial","Oddly Smooth Stone"],"potions_floor_usage":[11],"damage_taken":[{"damage":3,"enemies":"Jaw Worm","floor":1,"turns":4},{"damage":4,"enemies":"2 Louse","floor":4,"turns":2},{"damage":1,"enemies":"Cultist","floor":5,"turns":3},{"damage":30,"enemies":"3 Sentries","floor":7,"turns":7},{"damage":8,"enemies":"3 Louse","floor":10,"turns":3},{"damage":6,"enemies":"Gremlin Nob","floor":11,"turns":3},{"damage":10,"enemies":"Gremlin Nob","floor":12,"turns":2}],"seed_played":"-7365795434608448938","potions_obtained":[{"floor":1,"key":"Ancient Potion"},{"floor":7,"key":"SpeedPotion"}],"is_trial":false,"path_per_floor":["M","?","$","M","M","R","E","?","T","M","?","E"],"character_chosen":"DEFECT","items_purchased":["Jack Of All Trades"],"campfire_rested":0,"item_purchase_floors":[3],"current_hp_per_floor":[65,54,54,50,49,49,19,19,19,11,5,0],"gold":155,"neow_bonus":"RANDOM_COLORLESS_2","is_prod":false,"is_daily":false,"chose_seed":false,"campfire_upgraded":1,"win_rate":0,"timestamp":1548793915,"path_taken":["M","?","$","M","M","R","E","?","T","M","?","E"],"build_version":"2019-01-23","purchased_purges":0,"victory":false,"max_hp_per_floor":[75,75,75,75,75,75,75,69,69,69,69,69],"card_choices":[{"not_picked":["Stack","Compile Driver"],"picked":"Gash","floor":1},{"not_picked":["Loop","Melter"],"picked":"Gash","floor":4},{"not_picked":["Steam Power","Loop"],"picked":"Go for the Eyes","floor":5},{"not_picked":["Fusion","Barrage"],"picked":"White Noise","floor":7},{"not_picked":["Leap","Darkness"],"picked":"Hologram","floor":10},{"not_picked":["Steam","Beam Cell"],"picked":"Skim","floor":11}],"player_experience":518170,"relics_obtained":[{"floor":7,"key":"Bottled Lightning"},{"floor":9,"key":"Sundial"},{"floor":11,"key":"Oddly Smooth Stone"}],"event_choices":[{"damage_healed":0,"gold_gain":75,"player_choice":"Gather Gold","damage_taken":11,"max_hp_gain":0,"max_hp_loss":0,"event_name":"World of Goop","floor":2,"gold_loss":0},{"damage_healed":0,"gold_gain":0,"player_choice":"Lose Max HP","damage_taken":0,"relics_obtained":["Golden Idol"],"max_hp_gain":0,"max_hp_loss":6,"event_name":"Golden Idol","floor":8,"gold_loss":0},{"damage_healed":0,"gold_gain":0,"player_choice":"Searched \u00272\u0027 times","damage_taken":0,"max_hp_gain":0,"max_hp_loss":0,"event_name":"Dead Adventurer","floor":11,"gold_loss":0}],"is_beta":true,"boss_relics":[],"items_purged_floors":[],"is_endless":false,"potions_floor_spawned":[1,7],"killed_by":"Gremlin Nob","ascension_level":10}