{"gold_per_floor":[114,130,130,39,50,83,83,8,8,34,34,34,67,83,83,182,182,200,218,218,218,230,258,277,277,277,277,277,277,294,326,326,326],"floor_reached":33,"playtime":2634,"items_purged":[],"score":303,"play_id":"3f2319f2-8b4e-44da-91e1-eb9ca3d2bcb7","local_time":"20190127215713","is_ascension_mode":false,"campfire_choices":[{"data":"Noxious Fumes","floor":7,"key":"SMITH"},{"floor":12,"key":"REST"},{"floor":15,"key":"REST"},{"floor":25,"key":"REST"},{"data":"Bane","floor":27,"key":"SMITH"},{"data":"Neutralize","floor":29,"key":"SMITH"},{"data":"Adrenaline","floor":32,"key":"SMITH"}],"neow_cost":"NONE","seed_source_timestamp":37444343410598,"circlet_count":0,"master_deck":["Defend_G+1","Defend_G+1","Defend_G+1","Defend_G+1","Defend_G+1","Strike_G+1","Strike_G+1","Strike_G+1","Strike_G+1","Survivor","Neutralize+1","Slice+1","Masterful Stab","Night Terror","Noxious Fumes+1","Deadly Poison","Backflip","Bane+1","Poisoned Stab","Slice","Dagger Throw","Adrenaline+1","Heel Hook","Unload","Predator","Acrobatics","Cloak And Dagger+1","Crippling Poison+1","Dagger Spray+1","Footwork","Corpse Explosion"],"relics":["Ring of the Snake","Incense Burner","Tingsha","Whetstone","Centennial Puzzle","Eternal Feather","PreservedInsect","Smiling Mask","MutagenicStrength","FossilizedHelix"],"potions_floor_usage":[23,33,33],"damage_taken":[{"damage":0,"enemies":"Jaw Worm","floor":1,"turns":6},{"damage":0,"enemies":"Cultist","floor":2,"turns":3},{"damage":0,"enemies":"Small Slimes","floor":5,"turns":3},{"damage":19,"enemies":"Lagavulin","floor":6,"turns":6},{"damage":27,"enemies":"3 Sentries","floor":10,"turns":5},{"damage":18,"enemies":"Lagavulin","floor":13,"turns":5},{"damage":5,"enemies":"Exordium Thugs","floor":14,"turns":2},{"damage":25,"enemies":"Hexaghost","floor":16,"turns":8},{"damage":5,"enemies":"Spheric Guardian","floor":18,"turns":3},{"damage":2,"enemies":"Chosen","floor":19,"turns":3},{"damage":7,"enemies":"Snecko","floor":22,"turns":4},{"damage":21,"enemies":"Book of Stabbing","floor":23,"turns":5},{"damage":25,"enemies":"3 Cultists","floor":24,"turns":6},{"damage":15,"enemies":"Chosen and Byrds","floor":30,"turns":5},{"damage":12,"enemies":"Gremlin Leader","floor":31,"turns":3},{"damage":75,"enemies":"Champ","floor":33,"turns":8}],"seed_played":"-4478540251780336347","potions_obtained":[{"floor":1,"key":"SpeedPotion"},{"floor":13,"key":"Energy Potion"},{"floor":19,"key":"FearPotion"},{"floor":30,"key":"AttackPotion"}],"is_trial":false,"path_per_floor":["M","M","?","$","M","E","R","$","T","E","?","R","E","M","R","B",null,"M","M","?","?","M","E","M","R","T","R","?","R","M","E","R","B"],"character_chosen":"THE_SILENT","items_purchased":["Noxious Fumes","Deadly Poison","Poisoned Stab","Slice"],"campfire_rested":3,"item_purchase_floors":[4,4,8,8],"current_hp_per_floor":[70,70,70,70,70,51,51,51,51,24,24,45,27,22,43,18,70,65,63,63,63,56,35,10,46,46,61,61,70,55,43,61,0],"gold":326,"neow_bonus":"RANDOM_COLORLESS","is_prod":false,"is_daily":false,"chose_seed":false,"campfire_upgraded":4,"win_rate":0.0,"timestamp":1548647833,"path_taken":["M","M","?","$","M","E","R","?","T","E","?","R","E","M","R","BOSS","M","M","?","?","M","E","?","R","T","R","?","R","M","E","R","BOSS"],"build_version":"2019-01-23","purchased_purges":0,"victory":false,"max_hp_per_floor":[70,70,70,70,70,70,70,70,70,70,70,70,70,70,70,70,70,70,70,70,70,70,70,70,70,70,70,70,70,70,70,70,70],"card_choices":[{"not_picked":["Reflex","Bane"],"picked":"Slice","floor":1},{"not_picked":["Dagger Spray","Blade Dance"],"picked":"Masterful Stab","floor":2},{"not_picked":["Slice","Tactician"],"picked":"Backflip","floor":5},{"not_picked":["Backflip","Outmaneuver"],"picked":"Bane","floor":6},{"not_picked":["Riddle With Holes","Prepared"],"picked":"Dagger Throw","floor":10},{"not_picked":["Acrobatics","Cloak And Dagger"],"picked":"Adrenaline","floor":13},{"not_picked":["Tactician","Sucker Punch"],"picked":"Heel Hook","floor":14},{"not_picked":["Venomology","Adrenaline"],"picked":"Unload","floor":16},{"not_picked":["Underhanded Strike+1","Masterful Stab"],"picked":"Predator","floor":18},{"not_picked":["Slice","Endless Agony"],"picked":"Acrobatics","floor":19},{"not_picked":["Bane","Predator+1"],"picked":"Cloak And Dagger+1","floor":22},{"not_picked":["Dodge and Roll+1","Phantasmal Killer"],"picked":"Crippling Poison+1","floor":23},{"not_picked":["Prepared","Finisher"],"picked":"Dagger Spray+1","floor":24},{"not_picked":["Prepared","Distraction"],"picked":"Footwork","floor":30},{"not_picked":["Backflip","Deflect+1"],"picked":"Corpse Explosion","floor":31}],"player_experience":39989,"relics_obtained":[{"floor":6,"key":"Incense Burner"},{"floor":9,"key":"Tingsha"},{"floor":10,"key":"Whetstone"},{"floor":13,"key":"Centennial Puzzle"},{"floor":23,"key":"PreservedInsect"},{"floor":26,"key":"Smiling Mask"},{"floor":31,"key":"FossilizedHelix"}],"event_choices":[{"damage_healed":0,"gold_gain":0,"cards_transformed":["Strike_G"],"player_choice":"Transformed","damage_taken":0,"max_hp_gain":0,"max_hp_loss":0,"event_name":"Transmorgrifier","floor":3,"gold_loss":0,"cards_obtained":["Night Terror"]},{"cards_removed":["Deep Breath"],"damage_healed":0,"gold_gain":0,"player_choice":"Purged","damage_taken":0,"max_hp_gain":0,"max_hp_loss":0,"event_name":"Purifier","floor":11,"gold_loss":0},{"damage_healed":0,"gold_gain":0,"player_choice":"Simplicity","damage_taken":0,"max_hp_gain":0,"max_hp_loss":0,"event_name":"Back to Basics","floor":20,"gold_loss":0,"cards_upgraded":["Defend_G","Defend_G","Defend_G","Defend_G","Defend_G","Strike_G","Strike_G","Strike_G"]},{"damage_healed":0,"gold_gain":0,"player_choice":"Bought 0 Potions","damage_taken":0,"max_hp_gain":0,"max_hp_loss":0,"event_name":"The Woman in Blue","floor":21,"gold_loss":0},{"damage_healed":0,"gold_gain":0,"player_choice":"Inject Mutagens","damage_taken":0,"relics_obtained":["MutagenicStrength"],"max_hp_gain":0,"max_hp_loss":0,"event_name":"Drug Dealer","floor":28,"gold_loss":0}],"is_beta":false,"boss_relics":[{"not_picked":["Empty Cage","Astrolabe"],"picked":"Eternal Feather"}],"items_purged_floors":[],"is_endless":false,"potions_floor_spawned":[1,13,19,30],"killed_by":"Champ","ascension_level":0}