{"path_per_floor":["M","M","?","$","M","E","R","M","T","?","R","M","M","$","R","B",null,"M","$","?","M","M","R","M","M","T","R","T","E","$","M","R"],"character_chosen":"DEFECT","items_purchased":["Blood Vial"],"gold_per_floor":[117,127,127,127,137,171,171,186,213,213,213,224,236,12,12,111,111,130,30,30,40,53,53,67,83,83,83,131,157,32,50,50,50],"floor_reached":33,"campfire_rested":3,"playtime":957,"current_hp_per_floor":[67,66,71,71,69,49,49,49,49,33,57,57,57,57,80,48,72,74,74,74,70,60,60,53,49,49,49,49,37,37,39,63,59],"items_purged":["Dualcast","Zap","Strike_B"],"gold":50,"score":377,"play_id":"2194ae8c-4678-4701-8976-85e5fbc6f782","local_time":"20180513211433","is_prod":false,"is_daily":false,"chose_seed":false,"is_ascension_mode":true,"campfire_upgraded":3,"timestamp":1526271273,"path_taken":["M","M","?","?","M","E","R","?","T","?","R","M","M","?","R","BOSS","M","?","?","?","M","R","M","M","T","R","?","E","$","?","R","BOSS"],"build_version":"2018-05-12v2","seed_source_timestamp":127723222001841,"purchased_purges":3,"victory":false,"master_deck":["Strike_B","Strike_B","Strike_B","Defend_B+1","Defend_B","Defend_B","Defend_B+1","Go for the Eyes+1","Leap+1","Hyperbeam+1","Skim+1","Sweeping Beam","Skim"],"max_hp_per_floor":[75,75,80,80,80,80,80,80,80,80,80,80,80,80,80,80,80,80,80,80,80,80,80,80,80,80,80,80,80,80,80,80,80],"relics":["Cracked Core","War Paint","Dream Catcher","Blood Vial","Sozu","Mercury Hourglass","Potion Belt","Vajra"],"card_choices":[{"not_picked":["Stack","Rebound"],"picked":"Go for the Eyes","floor":1},{"not_picked":["Hello World","Impulse","Barrage"],"picked":"SKIP","floor":2},{"not_picked":["Streamline","Beam Cell"],"picked":"Leap","floor":5},{"not_picked":["Barrage","Defragment"],"picked":"Hyperbeam","floor":6},{"not_picked":["Reprogram","Stack","Heatsinks"],"picked":"SKIP","floor":8},{"not_picked":["Axe Kick","Coolheaded"],"picked":"Skim","floor":11},{"not_picked":["Steam","Hologram","Streamline"],"picked":"SKIP","floor":12},{"not_picked":["Steam","Rebound","Chill"],"picked":"SKIP","floor":13},{"not_picked":["Leap","Barrage"],"picked":"Sweeping Beam","floor":15},{"not_picked":["Cold Snap","Rip and Tear","Coolheaded"],"picked":"SKIP","floor":18},{"not_picked":["Cold Snap","Steam+1","Turbo"],"picked":"SKIP","floor":21},{"not_picked":["Rip and Tear","Coolheaded+1","Storm+1"],"picked":"SKIP","floor":22},{"not_picked":["Reprogram","Turbo","Lockon"],"picked":"SKIP","floor":24},{"not_picked":["Streamline+1","Auto Shields","Loop"],"picked":"SKIP","floor":25},{"not_picked":["Genetic Algorithm","Aggregate","Electrodynamics"],"picked":"SKIP","floor":29},{"not_picked":["Coolheaded","Sweeping Beam"],"picked":"Skim","floor":31}],"player_experience":243488,"potions_floor_usage":[6,16,16,29],"damage_taken":[{"damage":1,"enemies":"Small Slimes","floor":1,"turns":3},{"damage":1,"enemies":"Cultist","floor":2,"turns":3},{"damage":2,"enemies":"Jaw Worm","floor":5,"turns":3},{"damage":20,"enemies":"Gremlin Nob","floor":6,"turns":4},{"damage":0,"enemies":"Exordium Wildlife","floor":8,"turns":1},{"damage":0,"enemies":"Blue Slaver","floor":12,"turns":3},{"damage":0,"enemies":"2 Fungi Beasts","floor":13,"turns":1},{"damage":32,"enemies":"The Guardian","floor":16,"turns":13},{"damage":0,"enemies":"Chosen","floor":18,"turns":4},{"damage":6,"enemies":"2 Thieves","floor":21,"turns":4},{"damage":12,"enemies":"Slaver and Parasite","floor":22,"turns":6},{"damage":9,"enemies":"Snake Plant","floor":24,"turns":6},{"damage":6,"enemies":"Centurion and Healer","floor":25,"turns":4},{"damage":14,"enemies":"Book of Stabbing","floor":29,"turns":6},{"damage":0,"enemies":"3 Cultists","floor":31,"turns":2},{"damage":6,"enemies":"Champ","floor":33,"turns":9}],"event_choices":[{"event_name":"Big Fish","player_choice":"Donut","floor":3,"damage_taken":0},{"event_name":"Shining Light","player_choice":"Entered Light","floor":10,"damage_taken":0},{"event_name":"Drug Dealer","player_choice":"Ignored","floor":20,"damage_taken":0}],"boss_relics":[{"not_picked":["Runic Pyramid","Pandora\u0027s Box"],"picked":"Sozu"}],"potions_floor_spawned":[5,8,13,16,22,25],"seed_played":"-6053295771110107134","killed_by":"Champ","ascension_level":8,"is_trial":false}