{"gold_per_floor":[119,119,119,94,110,110,153,153,179,179,200,234,207,282,282,406,406,331,331,331,26,26,26,26,26,26,26,26,26,26,26,26,26,26,26,26,26,26,26,26,26,26,26,26,26,26,26,26,26,26],"floor_reached":50,"playtime":4987,"items_purged":[],"score":519,"play_id":"ca46511c-31df-4595-ae69-73f207cc74f9","local_time":"20190210115143","is_ascension_mode":true,"campfire_choices":[{"floor":6,"key":"REST"},{"floor":10,"key":"REST"},{"floor":15,"key":"REST"},{"floor":23,"key":"REST"},{"data":"Fission","floor":27,"key":"SMITH"},{"data":"Defragment","floor":29,"key":"SMITH"},{"floor":32,"key":"REST"},{"floor":40,"key":"REST"},{"floor":42,"key":"REST"},{"floor":49,"key":"REST"}],"neow_cost":"NONE","seed_source_timestamp":77773626616274,"circlet_count":0,"master_deck":["Strike_B","Strike_B","Strike_B","Strike_B","Defend_B","Defend_B","Defend_B","Zap","Dualcast","Seek","Skim","Gash","Leap","Tempest","Defragment+1","Conserve Battery","Streamline","Fission+1","Turbo+1","Coolheaded+1","Steam Power","Doom and Gloom","The Bomb","Gash+1","Sunder","Creative AI","Capacitor+1","Master of Strategy","Parasite"],"relics":["Cracked Core","Golden Idol","StoneCalendar","Regal Pillow","Bronze Scales","Oddly Smooth Stone","Ectoplasm","Enchiridion","Anchor","Happy Flower","Philosopher\u0027s Stone","Shovel","Torii"],"potions_floor_usage":[33,37,37,38,38],"damage_taken":[{"damage":7,"enemies":"2 Louse","floor":1,"turns":2},{"damage":0,"enemies":"Small Slimes","floor":5,"turns":2},{"damage":41,"enemies":"Lagavulin","floor":7,"turns":7},{"damage":3,"enemies":"Jaw Worm","floor":11,"turns":3},{"damage":36,"enemies":"Gremlin Nob","floor":12,"turns":4},{"damage":41,"enemies":"Slime Boss","floor":16,"turns":7},{"damage":26,"enemies":"2 Thieves","floor":18,"turns":4},{"damage":6,"enemies":"Shell Parasite","floor":20,"turns":5},{"damage":6,"enemies":"Snecko","floor":28,"turns":3},{"damage":8,"enemies":"Snake Plant","floor":30,"turns":3},{"damage":24,"enemies":"Automaton","floor":33,"turns":6},{"damage":6,"enemies":"3 Shapes","floor":35,"turns":3},{"damage":17,"enemies":"Orb Walker","floor":37,"turns":3},{"damage":60,"enemies":"Writhing Mass","floor":38,"turns":6},{"damage":14,"enemies":"Maw","floor":41,"turns":7},{"damage":26,"enemies":"Reptomancer","floor":47,"turns":6},{"damage":84,"enemies":"Donu and Deca","floor":50,"turns":6}],"seed_played":"6466824783204812234","potions_obtained":[{"floor":1,"key":"Ancient Potion"},{"floor":7,"key":"Weak Potion"},{"floor":12,"key":"Regen Potion"},{"floor":16,"key":"Energy Potion"},{"floor":35,"key":"FearPotion"},{"floor":37,"key":"Fruit Juice"}],"is_trial":false,"path_per_floor":["M","?","?","$","M","R","E","?","T","R","M","E","$","?","R","B",null,"M","?","M","$","?","R","$","?","T","R","M","R","M","T","R","B",null,"M","?","M","M","$","R","M","R","T","?","$","?","E","?","R","B"],"character_chosen":"DEFECT","items_purchased":["Gash","Streamline","Steam Power","Doom and Gloom","The Bomb"],"campfire_rested":8,"item_purchase_floors":[4,13,21,21,21],"current_hp_per_floor":[68,50,47,47,47,69,28,28,28,65,62,26,26,15,52,11,75,49,49,43,43,27,64,64,64,64,64,58,58,50,50,75,51,75,69,69,57,6,6,45,31,70,70,70,70,70,44,44,76,0],"gold":26,"neow_bonus":"ONE_RANDOM_RARE_CARD","is_prod":false,"is_daily":false,"chose_seed":false,"campfire_upgraded":2,"win_rate":0,"timestamp":1549821103,"path_taken":["M","?","?","$","M","R","E","?","T","R","?","E","?","?","R","BOSS","M","?","M","$","?","R","$","?","T","R","M","R","M","?","R","BOSS","M","?","M","M","$","R","M","R","T","?","$","?","E","?","R","BOSS"],"build_version":"2019-01-23","purchased_purges":0,"victory":false,"max_hp_per_floor":[75,75,75,75,75,75,75,75,75,75,75,75,75,75,75,75,75,75,75,75,75,75,75,75,75,75,75,75,75,75,75,75,75,75,75,75,80,80,80,80,80,80,80,80,80,76,76,76,76,76],"card_choices":[{"not_picked":["Conserve Battery","Turbo"],"picked":"Skim","floor":1},{"not_picked":["Go for the Eyes","Hello World"],"picked":"Leap","floor":5},{"not_picked":["Ball Lightning","Chaos"],"picked":"Tempest","floor":7},{"not_picked":["Capacitor","Undo"],"picked":"Defragment","floor":11},{"not_picked":["White Noise","Storm"],"picked":"Conserve Battery","floor":12},{"not_picked":["Biased Cognition","Meteor Strike"],"picked":"Fission","floor":16},{"not_picked":["Hologram+1","Conserve Battery"],"picked":"Turbo+1","floor":18},{"not_picked":["Beam Cell","Undo"],"picked":"Coolheaded+1","floor":20},{"not_picked":["Streamline","Compile Driver+1"],"picked":"Gash+1","floor":28},{"not_picked":["Amplify","Force Field+1"],"picked":"Sunder","floor":30},{"not_picked":["Amplify","Reboot"],"picked":"Creative AI","floor":33},{"not_picked":["Lockon+1","Recycle"],"picked":"Capacitor+1","floor":35},{"not_picked":["Mind Blast","Madness"],"picked":"Master of Strategy","floor":36},{"not_picked":["Redo","Sunder","Leap"],"picked":"SKIP","floor":37},{"not_picked":["Coolheaded+1","Scrape+1","Go for the Eyes+1"],"picked":"SKIP","floor":38},{"not_picked":["Beam Cell","Conserve Battery+1","Compile Driver"],"picked":"SKIP","floor":41},{"not_picked":["Doom and Gloom","Storm+1","FTL"],"picked":"SKIP","floor":47}],"player_experience":108611,"relics_obtained":[{"floor":7,"key":"Regal Pillow"},{"floor":9,"key":"Bronze Scales"},{"floor":12,"key":"Oddly Smooth Stone"},{"floor":22,"key":"Enchiridion"},{"floor":26,"key":"Anchor"},{"floor":31,"key":"Happy Flower"},{"floor":43,"key":"Shovel"},{"floor":47,"key":"Torii"}],"event_choices":[{"damage_healed":0,"gold_gain":0,"player_choice":"Take Damage","damage_taken":18,"relics_obtained":["Golden Idol"],"max_hp_gain":0,"max_hp_loss":0,"event_name":"Golden Idol","floor":2,"gold_loss":0},{"damage_healed":0,"gold_gain":0,"player_choice":"Success","damage_taken":3,"relics_obtained":["StoneCalendar"],"max_hp_gain":0,"max_hp_loss":0,"event_name":"Scrap Ooze","floor":3,"gold_loss":0},{"damage_healed":0,"gold_gain":0,"player_choice":"Ignored","damage_taken":0,"max_hp_gain":0,"max_hp_loss":0,"event_name":"Shining Light","floor":8,"gold_loss":0},{"damage_healed":0,"gold_gain":75,"player_choice":"Gather Gold","damage_taken":11,"max_hp_gain":0,"max_hp_loss":0,"event_name":"World of Goop","floor":14,"gold_loss":0},{"damage_healed":0,"gold_gain":0,"player_choice":"Ignored","damage_taken":0,"max_hp_gain":0,"max_hp_loss":0,"event_name":"Ghosts","floor":19,"gold_loss":0},{"damage_healed":0,"gold_gain":0,"player_choice":"Obtained Book","damage_taken":16,"max_hp_gain":0,"max_hp_loss":0,"event_name":"Cursed Tome","floor":22,"gold_loss":0},{"damage_healed":0,"gold_gain":0,"player_choice":"Memory 1","damage_taken":0,"max_hp_gain":0,"max_hp_loss":0,"event_name":"SensoryStone","floor":36,"gold_loss":0},{"cards_removed":["Defend_B"],"damage_healed":0,"gold_gain":0,"player_choice":"Removed Skill","damage_taken":0,"max_hp_gain":0,"max_hp_loss":0,"event_name":"Falling","floor":44,"gold_loss":0},{"damage_healed":0,"gold_gain":0,"player_choice":"Max HP","damage_taken":0,"max_hp_gain":0,"max_hp_loss":4,"event_name":"Winding Halls","floor":46,"gold_loss":0},{"damage_healed":0,"gold_gain":0,"player_choice":"Ignored","damage_taken":0,"max_hp_gain":0,"max_hp_loss":0,"event_name":"The Moai Head","floor":48,"gold_loss":0}],"is_beta":false,"boss_relics":[{"not_picked":["Cursed Key","Lizard Tail"],"picked":"Ectoplasm"},{"not_picked":["Velvet Choker","FrozenCore"],"picked":"Philosopher\u0027s Stone"}],"items_purged_floors":[],"is_endless":false,"potions_floor_spawned":[1,7,12,16,28,35,37],"killed_by":"Donu and Deca","ascension_level":2}