{"gold_per_floor":[109,109,128,148,165,165,191,211,235,255,255,280,290,290,290,290],"floor_reached":16,"playtime":789,"items_purged":[],"score":205,"play_id":"4cb5563b-140a-4327-8ca5-85ffa891f824","local_time":"20190208123522","is_ascension_mode":true,"campfire_choices":[{"floor":6,"key":"REST"},{"floor":11,"key":"REST"},{"floor":15,"key":"REST"}],"neow_cost":"NONE","seed_source_timestamp":515414672760035,"circlet_count":0,"master_deck":["AscendersBane","Strike_R","Strike_R","Strike_R","Strike_R+1","Strike_R+1","Defend_R","Defend_R","Defend_R","Defend_R","Bash+1","Iron Wave","Clothesline","Battle Trance+1","True Grit","Spot Weakness+1","Cleave","Reaper","Heavy Blade","Intimidate"],"relics":["Burning Blood","Dream Catcher","Art of War","Whetstone","War Paint"],"potions_floor_usage":[7,12,16],"damage_taken":[{"damage":19,"enemies":"Jaw Worm","floor":1,"turns":5},{"damage":0,"enemies":"Small Slimes","floor":3,"turns":3},{"damage":4,"enemies":"2 Louse","floor":4,"turns":3},{"damage":24,"enemies":"Large Slime","floor":5,"turns":8},{"damage":46,"enemies":"3 Sentries","floor":7,"turns":13},{"damage":4,"enemies":"Red Slaver","floor":8,"turns":5},{"damage":6,"enemies":"Blue Slaver","floor":10,"turns":5},{"damage":17,"enemies":"Gremlin Nob","floor":12,"turns":4},{"damage":19,"enemies":"Exordium Wildlife","floor":13,"turns":7},{"damage":77,"enemies":"Slime Boss","floor":16,"turns":12}],"seed_played":"-2710213621234488280","potions_obtained":[{"floor":5,"key":"EssenceOfSteel"},{"floor":7,"key":"LiquidBronze"},{"floor":10,"key":"LiquidBronze"},{"floor":13,"key":"LiquidBronze"}],"is_trial":false,"path_per_floor":["M","?","M","M","M","R","E","M","T","M","R","E","M","?","R","B"],"character_chosen":"IRONCLAD","items_purchased":[],"campfire_rested":3,"item_purchase_floors":[],"current_hp_per_floor":[55,55,61,63,45,67,27,29,29,29,51,46,41,46,70,0],"gold":290,"neow_bonus":"RANDOM_COMMON_RELIC","is_prod":false,"is_daily":false,"chose_seed":false,"campfire_upgraded":0,"win_rate":0,"timestamp":1549647322,"path_taken":["M","?","M","M","M","R","E","M","T","M","R","E","M","?","R","BOSS"],"build_version":"2019-01-23","purchased_purges":0,"victory":false,"max_hp_per_floor":[75,75,75,75,75,75,75,75,75,75,75,75,75,80,80,80],"card_choices":[{"not_picked":["Twin Strike","Anger"],"picked":"Iron Wave","floor":1},{"not_picked":["Feed","Feel No Pain"],"picked":"Clothesline","floor":3},{"not_picked":["Thunderclap","Uppercut"],"picked":"Battle Trance","floor":4},{"not_picked":["Battle Trance","Fire Breathing"],"picked":"True Grit","floor":5},{"not_picked":["Clash","Armaments","Flex"],"picked":"SKIP","floor":7},{"not_picked":["Heavy Blade","Pummel"],"picked":"Spot Weakness","floor":8},{"not_picked":["Warcry","Shrug It Off"],"picked":"Cleave","floor":10},{"not_picked":["Dropkick","Dual Wield"],"picked":"Reaper","floor":11},{"not_picked":["Clash","Body Slam","Hemokinesis"],"picked":"SKIP","floor":12},{"not_picked":["Clothesline","Body Slam"],"picked":"Heavy Blade","floor":13},{"not_picked":["Burning Pact","Twin Strike"],"picked":"Intimidate","floor":15}],"player_experience":253826,"relics_obtained":[{"floor":7,"key":"Art of War"},{"floor":9,"key":"Whetstone"},{"floor":12,"key":"War Paint"}],"event_choices":[{"damage_healed":0,"gold_gain":0,"player_choice":"Grow","damage_taken":0,"max_hp_gain":0,"max_hp_loss":0,"event_name":"Living Wall","floor":2,"gold_loss":0,"cards_upgraded":["Bash"]},{"damage_healed":0,"gold_gain":0,"player_choice":"Donut","damage_taken":0,"max_hp_gain":5,"max_hp_loss":0,"event_name":"Big Fish","floor":14,"gold_loss":0}],"is_beta":false,"boss_relics":[],"items_purged_floors":[],"is_endless":false,"potions_floor_spawned":[5,7,10,13],"killed_by":"Slime Boss","ascension_level":16}