{"gold_per_floor":[116,191,191,207,132,132,151,162,162,181,194,225,225,245,245,245],"floor_reached":16,"playtime":650,"items_purged":["Strike_B"],"score":104,"play_id":"3de71e7d-c041-47cb-8515-cc2a8e6e5026","local_time":"20190128063627","is_ascension_mode":false,"campfire_choices":[{"data":"Clothesline","floor":6,"key":"SMITH"},{"data":"Creative AI","floor":15,"key":"SMITH"}],"neow_cost":"TEN_PERCENT_HP_LOSS","seed_source_timestamp":1520564976501242,"circlet_count":0,"master_deck":["Strike_B","Strike_B","Defend_B","Defend_B","Defend_B","Zap","Dualcast","Turbo","Hologram","Clothesline+1","Steam","Conserve Battery","Reprogram","Creative AI+1"],"relics":["Cracked Core","Singing Bowl","Pear","Golden Idol"],"potions_floor_usage":[12,12],"damage_taken":[{"damage":8,"enemies":"2 Louse","floor":1,"turns":2},{"damage":0,"enemies":"Small Slimes","floor":4,"turns":3},{"damage":0,"enemies":"Cultist","floor":7,"turns":2},{"damage":1,"enemies":"Blue Slaver","floor":8,"turns":4},{"damage":4,"enemies":"Looter","floor":10,"turns":2},{"damage":1,"enemies":"2 Fungi Beasts","floor":11,"turns":3},{"damage":1,"enemies":"Gremlin Nob","floor":12,"turns":4},{"damage":29,"enemies":"3 Louse","floor":14,"turns":31},{"damage":0,"enemies":"Hexaghost","floor":16,"turns":1}],"seed_played":"-1180758959550047067","potions_obtained":[{"floor":1,"key":"PowerPotion"},{"floor":8,"key":"EssenceOfSteel"},{"floor":12,"key":"SpeedPotion"},{"floor":14,"key":"Dexterity Potion"}],"is_trial":false,"path_per_floor":["M","?","?","M","$","R","M","M","T","M","M","E","?","M","R","B"],"character_chosen":"DEFECT","items_purchased":[],"campfire_rested":0,"item_purchase_floors":[],"current_hp_per_floor":[60,49,49,49,49,49,49,48,48,46,47,56,56,29,29,29],"gold":245,"neow_bonus":"TRANSFORM_TWO_CARDS","is_prod":false,"is_daily":false,"chose_seed":false,"campfire_upgraded":2,"win_rate":0,"timestamp":1548657387,"path_taken":["M","?","?","M","$","R","M","M","T","?","M","E","?","M","R","BOSS"],"build_version":"2019-01-23","purchased_purges":1,"victory":false,"max_hp_per_floor":[68,68,68,68,68,68,68,68,68,70,72,82,76,78,78,78],"card_choices":[{"not_picked":["Genetic Algorithm","Melter"],"picked":"Hologram","floor":1},{"not_picked":["Compile Driver","Tempest"],"picked":"Steam","floor":4},{"not_picked":["Sweeping Beam","Hologram"],"picked":"Conserve Battery","floor":7},{"not_picked":["Leap","Beam Cell"],"picked":"Reprogram","floor":8},{"not_picked":["Aggregate","Hologram","Turbo"],"picked":"Singing Bowl","floor":10},{"not_picked":["Rebound","Auto Shields","Hologram"],"picked":"Singing Bowl","floor":11},{"not_picked":["Blizzard","Ball Lightning"],"picked":"Creative AI","floor":12},{"not_picked":["Beam Cell","Turbo","Hyperbeam"],"picked":"Singing Bowl","floor":14}],"player_experience":501482,"relics_obtained":[{"floor":9,"key":"Singing Bowl"},{"floor":12,"key":"Pear"}],"event_choices":[{"damage_healed":0,"gold_gain":75,"player_choice":"Gather Gold","damage_taken":11,"max_hp_gain":0,"max_hp_loss":0,"event_name":"World of Goop","floor":2,"gold_loss":0},{"cards_removed":["Sunder"],"damage_healed":0,"gold_gain":0,"player_choice":"Took Card","damage_taken":0,"max_hp_gain":0,"max_hp_loss":0,"event_name":"NoteForYourself","floor":3,"gold_loss":0,"cards_obtained":["Clothesline"]},{"damage_healed":0,"gold_gain":0,"player_choice":"Lose Max HP","damage_taken":0,"relics_obtained":["Golden Idol"],"max_hp_gain":0,"max_hp_loss":6,"event_name":"Golden Idol","floor":13,"gold_loss":0}],"is_beta":true,"boss_relics":[],"items_purged_floors":[5],"is_endless":false,"potions_floor_spawned":[1,8,12,14],"killed_by":"Hexaghost","ascension_level":0}