{"path_per_floor":["M","M","?","M","?","R","E","?","T","?","R","E","T","M","R","B",null,"M","M","M","?","T","R","E","R","T","R","?","M","M","M","R","B",null,"M","T","M","$","M","R","E","M","T","E","M","R","M","M","R","B"],"character_chosen":"IRONCLAD","items_purchased":["Bag of Marbles","Dramatic Entrance"],"gold_per_floor":[114,129,129,144,144,144,174,174,224,224,224,254,254,269,269,369,369,384,399,414,364,389,389,419,419,419,449,449,464,479,494,494,594,594,609,659,674,428,443,443,473,488,488,518,533,533,548,563,563,563],"floor_reached":51,"campfire_rested":0,"playtime":1621,"current_hp_per_floor":[78,77,70,70,58,65,55,55,61,87,87,78,84,86,86,40,93,92,90,81,81,87,87,80,80,86,86,76,75,77,71,71,74,118,113,119,116,116,116,116,120,124,129,135,132,132,135,138,138,83],"items_purged":[],"gold":563,"score":1089,"play_id":"ab28505f-e28e-49a2-9339-0a16f9f8e2c8","local_time":"20180420230512","daily_mods":["Heirloom","Cursed Run","Terminal"],"is_prod":false,"is_daily":true,"chose_seed":false,"is_ascension_mode":false,"campfire_upgraded":0,"timestamp":1524261912,"path_taken":["M","M","?","M","?","R","E","?","T","?","R","E","?","M","R","BOSS","M","?","M","?","?","R","E","R","T","R","?","M","M","M","R","BOSS","M","?","?","$","M","R","E","M","T","E","M","R","M","M","R","BOSS"],"build_version":"2018-04-19","seed_source_timestamp":0,"purchased_purges":0,"victory":true,"master_deck":["Strike_R","Strike_R","Strike_R","Defend_R","Defend_R","Defend_R","Defend_R","Bash","Twin Strike","Shockwave","Sword Boomerang","Power Through+1","Injury","Parasite","Ghostly Armor+1","Decay","Uppercut","Doubt","Limit Break","Blood for Blood+1","Infernal Blade+1","Writhe","Pain","Necronomicurse","Rupture","Flex+1","Double Tap","Pain","Doubt","Normality","Parasite","Writhe","Dramatic Entrance+1","Heavy Blade+1","Injury"],"max_hp_per_floor":[78,77,76,75,74,80,79,78,83,88,87,86,91,90,89,94,93,92,91,90,89,94,93,92,91,96,95,100,99,98,97,96,101,118,119,124,125,124,123,122,123,124,129,140,141,140,141,142,141,140],"relics":["Cursed Key","Darkstone Periapt","Du-Vu Doll","Shovel","Blood Vial","Strawberry","Mummified Hand","Regal Pillow","Self Forming Clay","Lantern","Matryoshka","Unceasing Top","White Beast Statue","Molten Egg 2","Bag of Preparation","Mercury Hourglass","Happy Flower","Kunai","Toolbox","Ancient Tea Set","Tiny Chest","Necronomicon","Dodecahedron","Calling Bell","Singing Bowl","Centennial Puzzle","Thread and Needle","War Paint","Bag of Marbles","Orichalcum","Art of War","Calipers","Pear","Blue Candle","Omamori"],"card_choices":[{"not_picked":["True Grit","Second Wind"],"picked":"Twin Strike","floor":1},{"not_picked":["Thunderclap","Corruption"],"picked":"Shockwave","floor":2},{"not_picked":["Cleave","Pommel Strike"],"picked":"Sword Boomerang","floor":4},{"not_picked":["Evolve","Wild Strike"],"picked":"Ghostly Armor","floor":12},{"not_picked":["Intimidate","Power Through"],"picked":"Uppercut","floor":14},{"not_picked":["Dark Embrace","Feed"],"picked":"Limit Break","floor":16},{"not_picked":["Shrug It Off","Flame Barrier"],"picked":"Blood for Blood","floor":19},{"not_picked":["Sword Boomerang","True Grit"],"picked":"Infernal Blade","floor":20},{"not_picked":["Wild Strike","Whirlwind"],"picked":"Rupture","floor":29},{"not_picked":["Shrug It Off","Clothesline"],"picked":"Flex","floor":30},{"not_picked":["Warcry","Cleave"],"picked":"Double Tap","floor":31},{"not_picked":["Thunderclap","Rage"],"picked":"Heavy Blade","floor":39}],"player_experience":65971,"potions_floor_usage":[24,33,33,50],"damage_taken":[{"damage":0,"enemies":"2 Louse","floor":1,"turns":4},{"damage":1,"enemies":"Jaw Worm","floor":2,"turns":3},{"damage":0,"enemies":"Cultist","floor":4,"turns":3},{"damage":12,"enemies":"Lagavulin","floor":7,"turns":6},{"damage":9,"enemies":"Gremlin Nob","floor":12,"turns":4},{"damage":0,"enemies":"2 Fungi Beasts","floor":14,"turns":2},{"damage":54,"enemies":"Hexaghost","floor":16,"turns":9},{"damage":0,"enemies":"2 Thieves","floor":18,"turns":3},{"damage":2,"enemies":"Chosen","floor":19,"turns":3},{"damage":10,"enemies":"Snake Plant","floor":20,"turns":3},{"damage":9,"enemies":"Slavers","floor":24,"turns":3},{"damage":3,"enemies":"Chosen and Byrds","floor":29,"turns":3},{"damage":0,"enemies":"Centurion and Healer","floor":30,"turns":1},{"damage":8,"enemies":"3 Cultists","floor":31,"turns":3},{"damage":5,"enemies":"Automaton","floor":33,"turns":4},{"damage":7,"enemies":"3 Shapes","floor":35,"turns":2},{"damage":7,"enemies":"3 Darklings","floor":37,"turns":2},{"damage":2,"enemies":"Flame Bruiser 2 Orb","floor":39,"turns":2},{"damage":0,"enemies":"2 Orb Walkers","floor":41,"turns":1},{"damage":0,"enemies":"Sphere and 2 Shapes","floor":42,"turns":2},{"damage":6,"enemies":"Giant Head","floor":44,"turns":3},{"damage":7,"enemies":"Maw","floor":45,"turns":3},{"damage":1,"enemies":"Spire Growth","floor":47,"turns":1},{"damage":1,"enemies":"3 Darklings","floor":48,"turns":1},{"damage":57,"enemies":"Awakened One","floor":50,"turns":9}],"event_choices":[{"event_name":"Golden Wing","player_choice":"Card Removal","floor":3,"damage_taken":0},{"event_name":"Scrap Ooze","player_choice":"success","floor":5,"damage_taken":12},{"event_name":"Living Wall","player_choice":"Change","floor":8,"damage_taken":0},{"event_name":"Mushrooms","player_choice":"Healed and dodged fight","floor":10,"damage_taken":0},{"event_name":"The Joust","player_choice":"Bet on Murderer","floor":21,"damage_taken":0},{"event_name":"Cursed Tome","player_choice":"Obtained Book","floor":28,"damage_taken":0}],"boss_relics":[{"not_picked":["Runic Dome","Velvet Choker"],"picked":"White Beast Statue"},{"not_picked":["Snecko Eye","Astrolabe"],"picked":"Calling Bell"}],"potions_floor_spawned":[2,7,12,16,18,19,20,24,29,30,31,33,35,37,39,41,42,44,45,47,48],"seed_played":"8167839930029530236","ascension_level":0,"is_trial":false}