{"gold_per_floor":[111,111,128,143,156,156,171,171,171,96,96,128,48,74,74,177,177,190,222,22,42,42,42,76,76,102,102,129,148,148,165,165,261,261,274,68,82,82,93,127,127,158,183,198,67,67,67,77,77,77],"floor_reached":51,"playtime":1998,"items_purged":["Strike_R","Strike_R","Strike_R"],"score":1105,"play_id":"8c421468-cbda-4ece-a390-fd6f266aefe1","local_time":"20190201011423","is_ascension_mode":true,"campfire_choices":[{"data":"Whirlwind","floor":6.0,"key":"SMITH"},{"data":"Shockwave","floor":8.0,"key":"SMITH"},{"data":"Spot Weakness","floor":11.0,"key":"SMITH"},{"data":"Metallicize","floor":15.0,"key":"SMITH"},{"floor":23.0,"key":"REST"},{"data":"Seeing Red","floor":25.0,"key":"SMITH"},{"data":"Bloodletting","floor":27.0,"key":"SMITH"},{"floor":30.0,"key":"REST"},{"data":"Battle Trance","floor":32.0,"key":"SMITH"},{"data":"Purity","floor":41,"key":"SMITH"},{"data":"Bloodletting","floor":47,"key":"SMITH"},{"floor":49,"key":"REST"}],"neow_cost":"NONE","seed_source_timestamp":0,"circlet_count":0,"master_deck":["AscendersBane","Strike_R","Defend_R","Defend_R","Defend_R","Bash+1","Battle Trance+1","Shockwave+1","Whirlwind+1","Spot Weakness+1","Bloodletting+1","Metallicize+1","Seeing Red+1","Double Tap","Armaments+1","Demon Form","Infernal Blade+1","Purity+1","Bloodletting+1","Purity","Infernal Blade+1"],"special_seed":0,"relics":["Black Blood","Ancient Tea Set","Lantern","Kunai","Runic Pyramid","Red Mask","PreservedInsect","Unceasing Top","Anchor","Smiling Mask","Orichalcum","Dream Catcher","StoneCalendar","Bronze Scales"],"potions_floor_usage":[39,48,50,50],"damage_taken":[{"damage":7.0,"enemies":"2 Louse","floor":1.0,"turns":2.0},{"damage":1.0,"enemies":"Cultist","floor":3.0,"turns":3.0},{"damage":6.0,"enemies":"Jaw Worm","floor":4.0,"turns":5.0},{"damage":11.0,"enemies":"Red Slaver","floor":5.0,"turns":5.0},{"damage":20.0,"enemies":"Large Slime","floor":7.0,"turns":7.0},{"damage":18.0,"enemies":"Gremlin Nob","floor":12.0,"turns":4.0},{"damage":16.0,"enemies":"3 Sentries","floor":14.0,"turns":4.0},{"damage":14.0,"enemies":"The Guardian","floor":16.0,"turns":8.0},{"damage":14.0,"enemies":"2 Thieves","floor":18.0,"turns":2.0},{"damage":39.0,"enemies":"Masked Bandits","floor":19.0,"turns":4.0},{"damage":3.0,"enemies":"Chosen","floor":21.0,"turns":2.0},{"damage":4.0,"enemies":"Slavers","floor":24.0,"turns":3.0},{"damage":26.0,"enemies":"Gremlin Leader","floor":28.0,"turns":3.0},{"damage":21.0,"enemies":"Snake Plant","floor":29.0,"turns":3.0},{"damage":0.0,"enemies":"3 Cultists","floor":31.0,"turns":2.0},{"damage":51.0,"enemies":"Champ","floor":33.0,"turns":7.0},{"damage":3,"enemies":"3 Darklings","floor":35,"turns":2},{"damage":0,"enemies":"Orb Walker","floor":37,"turns":4},{"damage":19,"enemies":"Jaw Worm Horde","floor":39,"turns":4},{"damage":6,"enemies":"Giant Head","floor":40,"turns":4},{"damage":4,"enemies":"Reptomancer","floor":42,"turns":3},{"damage":6,"enemies":"3 Darklings","floor":44,"turns":3},{"damage":40,"enemies":"Spire Growth","floor":48,"turns":4},{"damage":63,"enemies":"Time Eater","floor":50,"turns":6}],"seed_played":"-5796009382721843904","potions_obtained":[{"floor":1.0,"key":"EssenceOfSteel"},{"floor":3.0,"key":"Regen Potion"},{"floor":4.0,"key":"Fire Potion"},{"floor":16.0,"key":"Explosive Potion"},{"floor":19.0,"key":"AttackPotion"},{"floor":29.0,"key":"LiquidBronze"},{"floor":33.0,"key":"SpeedPotion"},{"floor":35,"key":"PowerPotion"},{"floor":44,"key":"SkillPotion"}],"is_trial":false,"path_per_floor":["M","?","M","M","M","R","M","R","T","$","R","E","$","E","R","B",null,"M","?","$","M","?","R","E","R","T","R","E","M","R","M","R","B",null,"M","$","M","?","M","E","R","E","T","M","$","?","R","M","R","B",null],"character_chosen":"IRONCLAD","items_purchased":["Metallicize","PreservedInsect","Block Potion","Orichalcum","Purity"],"campfire_rested":3,"item_purchase_floors":[13,20,20,36,45],"current_hp_per_floor":[79,79,84,84,79,79,65,65,65,65,65,53,53,43,43,35,75,67,34,34,37,37,63,65,65,65,65,45,39,65,71,71,26,73,80,80,88,88,79,83,83,88,88,88,88,88,88,58,84,31],"gold":77,"neow_bonus":"TEN_PERCENT_HP_BONUS","is_prod":false,"is_daily":false,"chose_seed":false,"campfire_upgraded":9,"win_rate":0,"timestamp":1549001663,"path_taken":["M","?","M","M","M","R","?","R","T","$","R","E","$","E","R","BOSS","M","?","$","M","?","R","E","R","T","R","E","M","R","M","R","BOSS","M","$","M","?","M","E","R","E","T","M","$","?","R","M","R","BOSS"],"build_version":"2019-01-23","purchased_purges":3,"victory":true,"max_hp_per_floor":[88,88,88,88,88,88,88,88,88,88,88,88,88,88,88,88,88,88,88,88,88,88,88,88,88,88,88,88,88,88,88,88,88,88,88,88,88,88,88,88,88,88,88,88,88,88,88,88,88,88],"card_choices":[{"not_picked":["Twin Strike","Thunderclap"],"picked":"Battle Trance","floor":1.0},{"not_picked":["Flex","Combust"],"picked":"Shockwave","floor":3.0},{"not_picked":["Body Slam","Pommel Strike"],"picked":"Whirlwind","floor":4.0},{"not_picked":["Fire Breathing","Infernal Blade"],"picked":"Spot Weakness","floor":5.0},{"not_picked":["Twin Strike","Burning Pact","True Grit"],"picked":"SKIP","floor":7.0},{"not_picked":["Sentinel","Iron Wave"],"picked":"Bloodletting","floor":12.0},{"not_picked":["Second Wind","Twin Strike"],"picked":"Seeing Red","floor":14.0},{"not_picked":["Offering","Reaper"],"picked":"Double Tap","floor":16.0},{"not_picked":["Clash","Thunderclap"],"picked":"Armaments+1","floor":18.0},{"not_picked":["Wild Strike","Heavy Blade","Uppercut+1"],"picked":"SKIP","floor":21.0},{"not_picked":["Blood for Blood+1","Heavy Blade","Shrug It Off"],"picked":"SKIP","floor":24.0},{"not_picked":["Twin Strike","Dual Wield","Entrench"],"picked":"SKIP","floor":28.0},{"not_picked":["Cleave","Feed","Flex"],"picked":"SKIP","floor":29.0},{"not_picked":["Hemokinesis","Rupture+1","Anger"],"picked":"SKIP","floor":31.0},{"not_picked":["Dark Embrace","Immolate"],"picked":"Demon Form","floor":33.0},{"not_picked":["Headbutt","Perfected Strike"],"picked":"Infernal Blade+1","floor":35},{"not_picked":["Havoc+1","Thunderclap+1","Clothesline+1"],"picked":"SKIP","floor":37},{"not_picked":["Good Instincts","Transmutation"],"picked":"Purity","floor":38},{"not_picked":["Body Slam+1","Perfected Strike+1","Hemokinesis+1"],"picked":"SKIP","floor":39},{"not_picked":["Evolve+1","Warcry+1","Anger"],"picked":"SKIP","floor":40},{"not_picked":["Pommel Strike","Pummel+1"],"picked":"Bloodletting","floor":42},{"not_picked":["Warcry","Rampage+1","Sword Boomerang+1"],"picked":"SKIP","floor":44},{"not_picked":["Ghostly Armor","Searing Blow"],"picked":"Infernal Blade+1","floor":48}],"player_experience":196503,"relics_obtained":[{"floor":9.0,"key":"Ancient Tea Set"},{"floor":12.0,"key":"Lantern"},{"floor":14.0,"key":"Kunai"},{"floor":19.0,"key":"Red Mask"},{"floor":24.0,"key":"Unceasing Top"},{"floor":26.0,"key":"Anchor"},{"floor":28.0,"key":"Smiling Mask"},{"floor":40,"key":"Dream Catcher"},{"floor":42,"key":"StoneCalendar"},{"floor":43,"key":"Bronze Scales"}],"event_choices":[{"damage_healed":0.0,"max_hp_gain":0.0,"max_hp_loss":0.0,"gold_gain":0.0,"event_name":"Upgrade Shrine","player_choice":"Upgraded","floor":2.0,"gold_loss":0.0,"damage_taken":0.0,"cards_upgraded":["Bash"]},{"damage_healed":0.0,"max_hp_gain":0.0,"max_hp_loss":0.0,"gold_gain":0.0,"event_name":"Masked Bandits","player_choice":"Fought Bandits","floor":19.0,"gold_loss":0.0,"damage_taken":0.0},{"cards_removed":["Strike_R"],"damage_healed":0.0,"max_hp_gain":0.0,"max_hp_loss":0.0,"gold_gain":0.0,"event_name":"Bonfire Elementals","player_choice":"Offered Basic","floor":22.0,"gold_loss":0.0,"damage_taken":0.0},{"damage_healed":0,"gold_gain":0,"player_choice":"Memory 1","damage_taken":0,"max_hp_gain":0,"max_hp_loss":0,"event_name":"SensoryStone","floor":38,"gold_loss":0},{"cards_removed":["Defend_R"],"damage_healed":0,"gold_gain":0,"player_choice":"Removed Skill","damage_taken":0,"max_hp_gain":0,"max_hp_loss":0,"event_name":"Falling","floor":46,"gold_loss":0}],"is_beta":false,"boss_relics":[{"not_picked":["Black Star","Coffee Dripper"],"picked":"Runic Pyramid"},{"not_picked":["Pandora\u0027s Box","Runic Cube"],"picked":"Black Blood"}],"items_purged_floors":[10,36,45],"is_endless":false,"potions_floor_spawned":[1,3,4,12,16,18,19,29,33,35,44],"ascension_level":10}