{"gold_per_floor":[110,30,48,48,48,81,81,115,115,115,132,132,164,176,176,274,274,293,6,18,18,18,45,57,81,93,123,135,160,182,204,216,330,342,371,54,69,83,83,83,94,94,94,94,94,104,51,71,71,71],"floor_reached":51,"playtime":3810,"items_purged":[],"score":689,"play_id":"8deff7a1-68e4-45ec-a84e-85aa9356144d","local_time":"20190129234257","is_ascension_mode":false,"campfire_choices":[{"floor":7,"key":"REST"},{"floor":12,"key":"REST"},{"floor":15,"key":"REST"},{"floor":24,"key":"REST"},{"floor":32,"key":"REST"},{"floor":40,"key":"REST"},{"floor":42,"key":"REST"},{"floor":45,"key":"REST"},{"floor":49,"key":"REST"}],"neow_cost":"NONE","seed_source_timestamp":75458664958774,"circlet_count":0,"master_deck":["Defend_G","Defend_G","Defend_G","Defend_G+1","Defend_G","Strike_G","Strike_G+1","Strike_G+1","Strike_G+1","Strike_G","Survivor","Neutralize","PiercingWail","Footwork+1","Leg Sweep","Well Laid Plans","Bane","Crippling Poison","Footwork","Die Die Die","Prepared+1","Terror","Backstab","Outmaneuver","Corpse Explosion","Dagger Spray","Masterful Stab+1","Deflect","Choke+1","Sucker Punch","Phantasmal Killer","Noxious Fumes","Deadly Poison","Bane","Panache","Dash+1","Noxious Fumes+1","Violence","Backflip+1","Parasite","Doubt","Deadly Poison"],"relics":["Ring of the Snake","Snake Skull","Kunai","Pantograph","Anchor","Whetstone","Sozu","Boot","MawBank","Dodecahedron","Cursed Key","Letter Opener"],"potions_floor_usage":[13,33],"damage_taken":[{"damage":0,"enemies":"2 Louse","floor":1,"turns":4},{"damage":1,"enemies":"Jaw Worm","floor":3,"turns":8},{"damage":47,"enemies":"Gremlin Nob","floor":6,"turns":7},{"damage":4,"enemies":"Lagavulin","floor":8,"turns":14},{"damage":0,"enemies":"Cultist","floor":11,"turns":4},{"damage":24,"enemies":"Gremlin Nob","floor":13,"turns":6},{"damage":9,"enemies":"3 Louse","floor":14,"turns":4},{"damage":46,"enemies":"The Guardian","floor":16,"turns":19},{"damage":7,"enemies":"Shell Parasite","floor":18,"turns":9},{"damage":10,"enemies":"2 Thieves","floor":20,"turns":5},{"damage":2,"enemies":"Book of Stabbing","floor":23,"turns":7},{"damage":22,"enemies":"Chosen and Byrds","floor":25,"turns":8},{"damage":21,"enemies":"Snecko","floor":27,"turns":5},{"damage":2,"enemies":"Centurion and Healer","floor":29,"turns":2},{"damage":16,"enemies":"Sentry and Sphere","floor":30,"turns":4},{"damage":0,"enemies":"3 Cultists","floor":31,"turns":2},{"damage":44,"enemies":"Champ","floor":33,"turns":15},{"damage":13,"enemies":"3 Darklings","floor":35,"turns":7},{"damage":18,"enemies":"Orb Walker","floor":37,"turns":3},{"damage":19,"enemies":"Maw","floor":38,"turns":7},{"damage":25,"enemies":"Writhing Mass","floor":41,"turns":5},{"damage":7,"enemies":"4 Shapes","floor":46,"turns":6},{"damage":17,"enemies":"3 Darklings","floor":48,"turns":3},{"damage":64,"enemies":"Donu and Deca","floor":50,"turns":8}],"seed_played":"-6762225156770358486","potions_obtained":[{"floor":3,"key":"SteroidPotion"},{"floor":16,"key":"Poison Potion"}],"is_trial":false,"path_per_floor":["M","$","M","?","?","E","R","E","T","?","M","R","E","M","R","B",null,"M","$","M","$","?","E","R","M","T","M","?","M","M","M","R","B",null,"M","$","M","M","?","R","M","R","T","?","R","M","$","M","R","B",null],"character_chosen":"THE_SILENT","items_purchased":["Footwork","Boot","Terror","Backstab","Noxious Fumes","Deadly Poison","Bane","Panache","Deadly Poison"],"campfire_rested":9,"item_purchase_floors":[2,19,19,19,36,36,36,36,47],"current_hp_per_floor":[70,70,69,69,55,8,29,25,25,30,30,51,27,18,39,18,70,63,63,53,53,53,51,70,48,48,27,27,25,9,9,30,11,70,57,57,39,20,20,41,16,37,37,70,70,63,63,46,67,6],"gold":71,"neow_bonus":"RANDOM_COMMON_RELIC","is_prod":false,"is_daily":false,"chose_seed":false,"campfire_upgraded":0,"win_rate":0.0,"timestamp":1548826977,"path_taken":["M","$","M","?","?","E","R","E","T","?","M","R","E","M","R","BOSS","M","?","M","$","?","E","R","M","T","M","?","M","M","M","R","BOSS","M","$","M","?","?","R","M","R","T","?","R","M","$","M","R","BOSS"],"build_version":"2019-01-23","purchased_purges":0,"victory":true,"max_hp_per_floor":[70,70,70,70,70,70,70,70,70,70,70,70,70,70,70,70,70,70,70,70,70,70,70,70,70,70,70,70,70,70,70,70,70,70,70,70,70,70,70,70,70,70,70,70,70,70,70,70,70,70],"card_choices":[{"not_picked":["Acrobatics","Tactician"],"picked":"PiercingWail","floor":1},{"not_picked":["Backflip","Reflex"],"picked":"Leg Sweep","floor":3},{"not_picked":["Envenom","Backflip"],"picked":"Well Laid Plans","floor":6},{"not_picked":["Slice","Dagger Throw"],"picked":"Poisoned Stab","floor":8},{"not_picked":["Finisher","Expertise"],"picked":"Bane","floor":11},{"not_picked":["Flechettes","PiercingWail"],"picked":"Crippling Poison","floor":13},{"not_picked":["PiercingWail","Cloak And Dagger"],"picked":"Footwork","floor":14},{"not_picked":["Doppelganger","Wraith Form v2"],"picked":"Die Die Die","floor":16},{"not_picked":["Underhanded Strike","Bane"],"picked":"Prepared+1","floor":18},{"not_picked":["Blade Dance+1","Accuracy"],"picked":"Outmaneuver","floor":20},{"not_picked":["Dodge and Roll","Reflex"],"picked":"Corpse Explosion","floor":23},{"not_picked":["Acrobatics","Sucker Punch+1"],"picked":"Dagger Spray","floor":25},{"not_picked":["Flechettes+1","Skewer"],"picked":"Masterful Stab+1","floor":27},{"not_picked":["Footwork+1","Backflip"],"picked":"Deflect","floor":29},{"not_picked":["Well Laid Plans","Blade Dance"],"picked":"Choke+1","floor":30},{"not_picked":["Terror","PiercingWail+1"],"picked":"Sucker Punch","floor":31},{"not_picked":["Glass Knife","Storm of Steel"],"picked":"Phantasmal Killer","floor":33},{"not_picked":["Riddle With Holes+1","Calculated Gamble","Flying Knee+1"],"picked":"SKIP","floor":35},{"not_picked":["Caltrops","Acrobatics+1"],"picked":"Dash+1","floor":37},{"not_picked":["Acrobatics+1","Blade Dance+1"],"picked":"Noxious Fumes+1","floor":38},{"not_picked":["Transmutation","Deep Breath"],"picked":"Violence","floor":39},{"not_picked":["Outmaneuver+1","Slice+1"],"picked":"Backflip+1","floor":41},{"not_picked":["Dagger Spray","Slice","Outmaneuver"],"picked":"SKIP","floor":46},{"not_picked":["Poisoned Stab+1","Distraction+1","Prepared+1"],"picked":"SKIP","floor":48}],"player_experience":54708,"relics_obtained":[{"floor":6,"key":"Kunai"},{"floor":8,"key":"Pantograph"},{"floor":9,"key":"Anchor"},{"floor":13,"key":"Whetstone"},{"floor":23,"key":"MawBank"},{"floor":26,"key":"Dodecahedron"},{"floor":43,"key":"Letter Opener"}],"event_choices":[{"damage_healed":0,"gold_gain":0,"player_choice":"Grow","damage_taken":0,"max_hp_gain":0,"max_hp_loss":0,"event_name":"Living Wall","floor":4,"gold_loss":0,"cards_upgraded":["Footwork"]},{"damage_healed":0,"gold_gain":0,"player_choice":"Entered Light","damage_taken":14,"max_hp_gain":0,"max_hp_loss":0,"event_name":"Shining Light","floor":5,"gold_loss":0,"cards_upgraded":["Defend_G","Strike_G"]},{"cards_removed":["Poisoned Stab"],"damage_healed":5,"gold_gain":0,"player_choice":"Offered Common","damage_taken":0,"max_hp_gain":0,"max_hp_loss":0,"event_name":"Bonfire Elementals","floor":10,"gold_loss":0},{"cards_removed":["Poisoned Stab"],"damage_healed":5,"gold_gain":0,"player_choice":"Offered Special","damage_taken":0,"max_hp_gain":0,"max_hp_loss":0,"event_name":"Bonfire Elementals","floor":10,"gold_loss":0},{"damage_healed":0,"gold_gain":0,"player_choice":"Ignored","damage_taken":0,"max_hp_gain":0,"max_hp_loss":0,"event_name":"Beggar","floor":22,"gold_loss":0},{"damage_healed":0,"gold_gain":0,"player_choice":"Got Potions","damage_taken":0,"max_hp_gain":0,"max_hp_loss":0,"event_name":"Lab","floor":28,"gold_loss":0},{"damage_healed":0,"gold_gain":0,"player_choice":"Memory 1","damage_taken":0,"max_hp_gain":0,"max_hp_loss":0,"event_name":"SensoryStone","floor":39,"gold_loss":0},{"damage_healed":33,"gold_gain":0,"player_choice":"Heal","damage_taken":0,"max_hp_gain":0,"max_hp_loss":0,"event_name":"MindBloom","floor":44,"gold_loss":0,"cards_obtained":["Doubt"]}],"is_beta":false,"boss_relics":[{"not_picked":["Philosopher\u0027s Stone","WristBlade"],"picked":"Sozu"},{"not_picked":["Snecko Eye","Runic Pyramid"],"picked":"Cursed Key"}],"items_purged_floors":[],"is_endless":false,"potions_floor_spawned":[3,13,16,18,25,29,31,33,37,41],"ascension_level":0}