{"gold_per_floor":[114,9,184,184,20,55,55,55,55,69,69,105,130,154,154,278,278,291,291,291,314,328,328,328],"floor_reached":24,"playtime":1174,"items_purged":["Doubt"],"score":306,"play_id":"6ab87152-2e71-46a1-ad81-83a9dbb8b62c","local_time":"20190129033405","is_ascension_mode":true,"campfire_choices":[{"floor":8,"key":"REST"},{"data":"Concentrate","floor":11,"key":"SMITH"},{"floor":15,"key":"REST"},{"floor":23,"key":"REST"}],"neow_cost":"PERCENT_DAMAGE","seed_source_timestamp":1595501679067751,"circlet_count":0,"master_deck":["AscendersBane","Defend_G+1","Defend_G+1","Defend_G+1","Defend_G+1","Defend_G+1","Strike_G+1","Strike_G+1","Strike_G+1","Survivor","Neutralize","Corpse Explosion","Concentrate+1","Escape Plan","Infinite Blades","Escape Plan","Poisoned Stab","Infinite Blades","Infinite Blades","Well Laid Plans","Accuracy","Night Terror","Backflip","Flechettes","Distraction","Well Laid Plans"],"relics":["Ring of the Snake","Golden Idol","Strawberry","Smiling Mask","Lantern","Sozu"],"potions_floor_usage":[6,12,12,12,12,16],"damage_taken":[{"damage":4,"enemies":"Small Slimes","floor":1,"turns":4},{"damage":24,"enemies":"Lagavulin","floor":6,"turns":8},{"damage":6,"enemies":"Cultist","floor":10,"turns":4},{"damage":24,"enemies":"Gremlin Nob","floor":12,"turns":4},{"damage":1,"enemies":"Jaw Worm","floor":13,"turns":3},{"damage":0,"enemies":"Large Slime","floor":14,"turns":4},{"damage":32,"enemies":"Slime Boss","floor":16,"turns":9},{"damage":34,"enemies":"2 Thieves","floor":18,"turns":3},{"damage":2,"enemies":"3 Byrds","floor":21,"turns":4},{"damage":13,"enemies":"Snake Plant","floor":22,"turns":5},{"damage":28,"enemies":"Book of Stabbing","floor":24,"turns":5}],"seed_played":"8575899343454600520","potions_obtained":[{"floor":1,"key":"Fire Potion"},{"floor":6,"key":"EntropicBrew"},{"floor":7,"key":"AttackPotion"},{"floor":7,"key":"PowerPotion"},{"floor":13,"key":"Block Potion"}],"is_trial":false,"path_per_floor":["M","$","?","?","$","E","?","R","T","M","R","E","M","M","R","B",null,"M","?","?","M","M","R","E"],"character_chosen":"THE_SILENT","items_purchased":["Escape Plan","Infinite Blades","Escape Plan","Poisoned Stab"],"campfire_rested":3,"item_purchase_floors":[2,2,5,5],"current_hp_per_floor":[41,41,41,41,41,24,24,45,45,39,39,15,14,14,35,3,55,21,21,21,19,6,27,0],"gold":328,"neow_bonus":"THREE_RARE_CARDS","is_prod":false,"is_daily":false,"chose_seed":false,"campfire_upgraded":1,"win_rate":0,"timestamp":1548732845,"path_taken":["M","$","?","?","$","E","?","R","T","?","R","E","M","M","R","BOSS","M","?","?","M","M","R","E"],"build_version":"2019-01-23","purchased_purges":1,"victory":false,"max_hp_per_floor":[70,70,70,65,65,72,72,72,72,72,72,72,72,72,72,72,72,72,72,72,72,72,72,72],"card_choices":[{"not_picked":["Burst","After Image"],"picked":"Corpse Explosion","floor":0},{"not_picked":["Masterful Stab","Backflip"],"picked":"Concentrate","floor":1},{"not_picked":["Flying Knee","Slice"],"picked":"Infinite Blades","floor":6},{"not_picked":["Dagger Spray","Riddle With Holes"],"picked":"Infinite Blades","floor":10},{"not_picked":["Tactician","Bouncing Flask"],"picked":"Well Laid Plans","floor":12},{"not_picked":["Dagger Spray","Eviscerate"],"picked":"Accuracy","floor":13},{"not_picked":["Blade Dance","Predator","Flying Knee"],"picked":"SKIP","floor":14},{"not_picked":["Venomology","Glass Knife"],"picked":"Night Terror","floor":16},{"not_picked":["Prepared","Acrobatics"],"picked":"Backflip","floor":18},{"not_picked":["Flechettes","Finisher"],"picked":"Well Laid Plans","floor":21},{"not_picked":["Dagger Spray","Sucker Punch","Poisoned Stab+1"],"picked":"SKIP","floor":22}],"player_experience":511087,"relics_obtained":[{"floor":6,"key":"Strawberry"},{"floor":9,"key":"Smiling Mask"},{"floor":12,"key":"Lantern"}],"event_choices":[{"damage_healed":0,"gold_gain":175,"player_choice":"AGREE","damage_taken":0,"max_hp_gain":0,"max_hp_loss":0,"event_name":"Liars Game","floor":3,"gold_loss":0,"cards_obtained":["Doubt"]},{"damage_healed":0,"gold_gain":0,"player_choice":"Lose Max HP","damage_taken":0,"relics_obtained":["Golden Idol"],"max_hp_gain":0,"max_hp_loss":5,"event_name":"Golden Idol","floor":4,"gold_loss":0},{"damage_healed":0,"gold_gain":0,"player_choice":"Got Potions","damage_taken":0,"max_hp_gain":0,"max_hp_loss":0,"event_name":"Lab","floor":7,"gold_loss":0},{"damage_healed":0,"gold_gain":0,"player_choice":"Simplicity","damage_taken":0,"max_hp_gain":0,"max_hp_loss":0,"event_name":"Back to Basics","floor":19,"gold_loss":0,"cards_upgraded":["Defend_G","Defend_G","Defend_G","Defend_G","Defend_G","Strike_G","Strike_G","Strike_G","Strike_G","Strike_G"]},{"damage_healed":0,"gold_gain":0,"cards_transformed":["Strike_G","Strike_G"],"player_choice":"Became Test Subject","damage_taken":0,"max_hp_gain":0,"max_hp_loss":0,"event_name":"Drug Dealer","floor":20,"gold_loss":0,"cards_obtained":["Flechettes","Distraction"]}],"is_beta":true,"boss_relics":[{"not_picked":["Runic Dome","Coffee Dripper"],"picked":"Sozu"}],"items_purged_floors":[5],"is_endless":false,"potions_floor_spawned":[1,6,13,14,18,22],"killed_by":"Book of Stabbing","ascension_level":10}