{"gold_per_floor":[115,115,190,190,190,223,223,17,17,17,17,44,59,71,71,150,150,160,29,29,29,29,29,57,57,81,114,126,26,42,52,52,128,128,145,245,295,295,309,340,340,365,365,382,417,417,0,28,28,28,28,28,28,54,54],"floor_reached":56,"playtime":2581,"items_purged":["Strike_R","Havoc+1"],"score":2269,"play_id":"6cba7eea-dbf0-4941-bdc5-ad49e2cf7196","local_time":"20190210172518","is_ascension_mode":true,"campfire_choices":[{"data":"Shockwave","floor":7.0,"key":"SMITH"},{"data":"Metallicize","floor":10.0,"key":"SMITH"},{"data":"Juggernaut","floor":15.0,"key":"SMITH"},{"data":"Barricade","floor":23,"key":"SMITH"},{"floor":25,"key":"REST"},{"data":"Iron Wave","floor":32,"key":"SMITH"},{"data":"Metallicize","floor":41,"key":"SMITH"},{"data":"Body Slam","floor":46,"key":"SMITH"},{"floor":49,"key":"RECALL"},{"data":"Iron Wave","floor":52,"key":"SMITH"}],"neow_cost":"NONE","seed_source_timestamp":703169678803626,"circlet_count":0,"master_deck":["AscendersBane","Defend_R","Defend_R","Defend_R","Defend_R","Bash","Iron Wave+1","Juggernaut+1","Shockwave+1","Metallicize+1","Burning Pact+1","Seeing Red+1","Entrench+1","Barricade+1","Burning Pact+1","Havoc+1","RitualDagger+1","Metallicize+1","Iron Wave+1","Offering+1","Writhe","Body Slam+1"],"special_seed":0,"relics":["Burning Blood","NeowsBlessing","Calipers","PreservedInsect","Shuriken","Toxic Egg 2","Sundial","Runic Pyramid","Ornamental Fan","Oddly Smooth Stone","Bottled Flame","Busted Crown","Magic Flower","Unceasing Top","Orichalcum","Kunai","Red Skull","Red Mask","Pen Nib","Happy Flower"],"potions_floor_usage":[16,16,24,37,55,55],"damage_taken":[{"damage":0.0,"enemies":"Cultist","floor":1.0,"turns":1.0},{"damage":0.0,"enemies":"3 Sentries","floor":6.0,"turns":2.0},{"damage":0.0,"enemies":"Lagavulin","floor":12.0,"turns":2.0},{"damage":4.0,"enemies":"Jaw Worm","floor":13.0,"turns":5.0},{"damage":2.0,"enemies":"Small Slimes","floor":14.0,"turns":3.0},{"damage":66,"enemies":"Slime Boss","floor":16,"turns":11},{"damage":6,"enemies":"Spheric Guardian","floor":18,"turns":6},{"damage":20,"enemies":"Slavers","floor":24,"turns":4},{"damage":9,"enemies":"Gremlin Leader","floor":27,"turns":9},{"damage":10,"enemies":"3 Byrds","floor":28,"turns":6},{"damage":0,"enemies":"Cultist and Chosen","floor":30,"turns":6},{"damage":3,"enemies":"3 Cultists","floor":31,"turns":6},{"damage":21,"enemies":"Collector","floor":33,"turns":15},{"damage":0,"enemies":"3 Shapes","floor":35,"turns":6},{"damage":4,"enemies":"Mind Bloom Boss Battle","floor":36,"turns":8},{"damage":33,"enemies":"2 Orb Walkers","floor":37,"turns":6},{"damage":5,"enemies":"Orb Walker","floor":39,"turns":4},{"damage":5,"enemies":"Nemesis","floor":40,"turns":5},{"damage":7,"enemies":"Giant Head","floor":42,"turns":9},{"damage":6,"enemies":"Spire Growth","floor":44,"turns":5},{"damage":6,"enemies":"Nemesis","floor":45,"turns":5},{"damage":9,"enemies":"Reptomancer","floor":48,"turns":3},{"damage":26,"enemies":"Donu and Deca","floor":50,"turns":8},{"damage":12,"enemies":"Shield and Spear","floor":54,"turns":4},{"damage":59,"enemies":"The Heart","floor":55,"turns":7}],"seed_played":"2087786376536827467","potions_obtained":[{"floor":13.0,"key":"PowerPotion"},{"floor":14.0,"key":"Explosive Potion"},{"floor":16,"key":"SteroidPotion"},{"floor":27,"key":"PowerPotion"},{"floor":30,"key":"SpeedPotion"},{"floor":39,"key":"BloodPotion"}],"is_trial":false,"path_per_floor":["M","?","?","?","?","E","R","$","T","R","T","E","M","M","R","B",null,"M","$","?","?","?","R","E","R","T","E","M","$","M","M","R","B",null,"M","?","?","?","M","E","R","E","T","M","E","R","?","E","R","B",null,"R","$","E","B",null],"character_chosen":"IRONCLAD","items_purchased":["PreservedInsect","Metallicize","Block Potion"],"campfire_rested":1,"item_purchase_floors":[8,8,19],"current_hp_per_floor":[74,67,56,56,56,62,62,62,62,62,62,68,70,74,74,14,60,60,60,60,54,54,54,40,62,62,59,55,55,61,64,64,49,69,75,75,51,66,70,74,74,75,75,75,75,75,75,75,75,58,71,71,71,68,29],"gold":54,"neow_bonus":"THREE_ENEMY_KILL","is_prod":false,"is_daily":false,"chose_seed":false,"campfire_upgraded":8,"win_rate":0,"timestamp":1549837518,"path_taken":["M","?","?","?","?","E","R","$","T","R","?","E","?","M","R","BOSS","M","$","?","?","?","R","E","R","T","E","M","$","?","M","R","BOSS","M","?","?","?","?","E","R","E","T","M","E","R","?","E","R","BOSS","R","$","E","BOSS"],"build_version":"2019-01-23","purchased_purges":2,"victory":true,"max_hp_per_floor":[75,75,75,75,75,75,75,75,75,75,75,75,75,75,75,75,75,75,75,75,75,75,75,75,75,75,75,75,75,75,75,75,75,75,75,75,75,75,75,75,75,75,75,75,75,75,75,75,75,75,75,75,75,75,75],"card_choices":[{"not_picked":["Headbutt","Armaments"],"picked":"Iron Wave","floor":1.0},{"not_picked":["Sentinel","Burning Pact"],"picked":"Shockwave","floor":6.0},{"not_picked":["Dual Wield+1","Wild Strike"],"picked":"Burning Pact+1","floor":12.0},{"not_picked":["Flame Barrier+1","Havoc+1"],"picked":"Seeing Red+1","floor":13.0},{"not_picked":["Heavy Blade","Havoc+1"],"picked":"Entrench+1","floor":14.0},{"not_picked":["Juggernaut","Reaper"],"picked":"Barricade","floor":16},{"not_picked":["Twin Strike","Clash"],"picked":"Havoc+1","floor":18},{"not_picked":["Blood for Blood","Feed","Burning Pact+1"],"picked":"SKIP","floor":24},{"not_picked":["Bloodletting+1","True Grit+1","Pommel Strike"],"picked":"SKIP","floor":27},{"not_picked":["Inflame","Anger"],"picked":"Metallicize","floor":28},{"not_picked":["Second Wind+1","Wild Strike","Anger"],"picked":"SKIP","floor":30},{"not_picked":["Flex+1","Thunderclap"],"picked":"Iron Wave","floor":31},{"not_picked":["Exhume+1","Bludgeon"],"picked":"Offering+1","floor":33},{"not_picked":["Havoc+1"],"picked":"SKIP","floor":35},{"not_picked":["Anger"],"picked":"SKIP","floor":39},{"not_picked":["Battle Trance+1"],"picked":"SKIP","floor":40},{"not_picked":["Wild Strike"],"picked":"SKIP","floor":42},{"not_picked":["Battle Trance+1"],"picked":"SKIP","floor":44},{"not_picked":[],"picked":"Body Slam","floor":45},{"not_picked":["Perfected Strike"],"picked":"SKIP","floor":48},{"not_picked":["Searing Blow"],"picked":"SKIP","floor":54}],"player_experience":264649,"relics_obtained":[{"floor":6.0,"key":"Calipers"},{"floor":9.0,"key":"Shuriken"},{"floor":11.0,"key":"Toxic Egg 2"},{"floor":12.0,"key":"Sundial"},{"floor":24,"key":"Ornamental Fan"},{"floor":26,"key":"Oddly Smooth Stone"},{"floor":27,"key":"Bottled Flame"},{"floor":36,"key":"Magic Flower"},{"floor":37,"key":"Unceasing Top"},{"floor":40,"key":"Orichalcum"},{"floor":42,"key":"Kunai"},{"floor":45,"key":"Red Skull"},{"floor":48,"key":"Pen Nib"},{"floor":54,"key":"Happy Flower"}],"event_choices":[{"cards_removed":["Strike_R"],"damage_healed":0.0,"max_hp_gain":0.0,"max_hp_loss":0.0,"gold_gain":0.0,"event_name":"Golden Wing","player_choice":"Card Removal","floor":2.0,"gold_loss":0.0,"damage_taken":7.0},{"damage_healed":0.0,"max_hp_gain":0.0,"max_hp_loss":0.0,"gold_gain":75.0,"event_name":"World of Goop","player_choice":"Gather Gold","floor":3.0,"gold_loss":0.0,"damage_taken":11.0},{"damage_healed":0.0,"max_hp_gain":0.0,"max_hp_loss":0.0,"gold_gain":0.0,"cards_transformed":["Strike_R"],"event_name":"Living Wall","player_choice":"Change","floor":4.0,"gold_loss":0.0,"damage_taken":0.0,"cards_obtained":["Juggernaut"]},{"damage_healed":0.0,"max_hp_gain":0.0,"max_hp_loss":0.0,"gold_gain":0.0,"event_name":"Shining Light","player_choice":"Ignored","floor":5.0,"gold_loss":0.0,"damage_taken":0.0},{"damage_healed":0,"gold_gain":0,"cards_transformed":["Strike_R","Strike_R"],"player_choice":"Became Test Subject","damage_taken":0,"max_hp_gain":0,"max_hp_loss":0,"event_name":"Drug Dealer","floor":20,"gold_loss":0,"cards_obtained":["Burning Pact","Havoc"]},{"damage_healed":0,"gold_gain":0,"player_choice":"Joined the Cult","damage_taken":6,"max_hp_gain":0,"max_hp_loss":0,"event_name":"Nest","floor":21,"gold_loss":0,"cards_obtained":["RitualDagger"]},{"damage_healed":0,"gold_gain":0,"player_choice":"Forge","damage_taken":0,"max_hp_gain":0,"max_hp_loss":0,"event_name":"Accursed Blacksmith","floor":22,"gold_loss":0,"cards_upgraded":["RitualDagger"]},{"damage_healed":0,"gold_gain":0,"player_choice":"Fight","damage_taken":0,"max_hp_gain":0,"max_hp_loss":0,"event_name":"MindBloom","floor":36,"gold_loss":0},{"damage_healed":0,"gold_gain":0,"player_choice":"Fight","damage_taken":0,"max_hp_gain":0,"max_hp_loss":0,"event_name":"Mysterious Sphere","floor":37,"gold_loss":0},{"damage_healed":15,"gold_gain":0,"player_choice":"Writhe","damage_taken":0,"max_hp_gain":0,"max_hp_loss":0,"event_name":"Winding Halls","floor":38,"gold_loss":0,"cards_obtained":["Writhe"]},{"damage_healed":0,"gold_gain":0,"player_choice":"Paid","damage_taken":0,"relics_obtained":["Red Mask"],"max_hp_gain":0,"max_hp_loss":0,"event_name":"Tomb of Lord Red Mask","floor":47,"gold_loss":417}],"is_beta":false,"boss_relics":[{"not_picked":["Velvet Choker","Tiny House"],"picked":"Runic Pyramid"},{"not_picked":["White Beast Statue","Fusion Hammer"],"picked":"Busted Crown"}],"items_purged_floors":[19,29],"is_endless":false,"potions_floor_spawned":[13,14,16,27,28,30,35,39,40,42,45],"ascension_level":16}