{"gold_per_floor":[112,126,138,138,138,138,169,169,169,179,56,68,83,94,94,197,197,211,222,95,112,387,110,125,140,140,140,170,185,185,12,12,12],"floor_reached":33,"playtime":1797,"items_purged":["Defend_R","Strike_R","Strike_R","RitualDagger"],"score":271,"play_id":"82382a47-af4b-42c4-95e2-fb4f20b0c098","local_time":"20181211194735","is_ascension_mode":false,"campfire_choices":[{"floor":6,"key":"REST"},{"data":"Clothesline","floor":8,"key":"SMITH"},{"data":"Armaments","floor":15,"key":"SMITH"},{"floor":30,"key":"REST"},{"data":"Heavy Blade","floor":32,"key":"SMITH"}],"neow_cost":"NONE","seed_source_timestamp":2073967727238056,"circlet_count":0,"master_deck":["Strike_R","Strike_R","Defend_R+1","Defend_R","Defend_R+1","Bash+1","Clothesline+1","Headbutt","Heavy Blade+1","Armaments+1","Cleave","Pommel Strike","Warcry+1","Clash+1","Shrug It Off","Regret","Flex","Flex"],"relics":["Burning Blood","Gambling Chip","Du-Vu Doll","Mark of Pain","Vajra","Bottled Lightning","Meat on the Bone"],"potions_floor_usage":[21,24,28,29,33],"damage_taken":[{"damage":0,"enemies":"Small Slimes","floor":1,"turns":3},{"damage":6,"enemies":"Jaw Worm","floor":2,"turns":3},{"damage":2,"enemies":"2 Louse","floor":3,"turns":3},{"damage":20,"enemies":"Gremlin Nob","floor":7,"turns":4},{"damage":13,"enemies":"Exordium Thugs","floor":10,"turns":5},{"damage":2,"enemies":"Looter","floor":12,"turns":3},{"damage":7,"enemies":"2 Fungi Beasts","floor":13,"turns":3},{"damage":5,"enemies":"Lots of Slimes","floor":14,"turns":2},{"damage":43,"enemies":"Slime Boss","floor":16,"turns":10},{"damage":15,"enemies":"3 Byrds","floor":18,"turns":6},{"damage":8,"enemies":"Shell Parasite","floor":19,"turns":4},{"damage":15,"enemies":"3 Cultists","floor":21,"turns":6},{"damage":18,"enemies":"Snake Plant","floor":24,"turns":4},{"damage":9,"enemies":"Centurion and Healer","floor":25,"turns":4},{"damage":4,"enemies":"Gremlin Leader","floor":28,"turns":4},{"damage":11,"enemies":"Shelled Parasite and Fungi","floor":29,"turns":4},{"damage":89,"enemies":"Automaton","floor":33,"turns":8}],"seed_played":"7609009274869052193","potions_obtained":[{"floor":2,"key":"Weak Potion"},{"floor":12,"key":"SteroidPotion"},{"floor":14,"key":"PowerPotion"},{"floor":21,"key":"Explosive Potion"},{"floor":29,"key":"Fruit Juice"}],"is_trial":false,"path_per_floor":["M","M","M","?","?","R","E","R","T","M","$","M","M","M","R","B",null,"M","M","$","M","?","$","M","M","T","?","E","M","R","$","R","B"],"character_chosen":"IRONCLAD","items_purchased":["Armaments","Shrug It Off","Vajra","Flex"],"campfire_rested":2,"item_purchase_floors":[11,20,23,31],"current_hp_per_floor":[80,80,80,64,57,80,66,66,66,59,59,63,62,63,63,26,80,71,69,69,60,60,60,48,45,45,39,41,53,78,78,78,0],"gold":12,"neow_bonus":"UPGRADE_CARD","is_prod":false,"is_daily":false,"chose_seed":false,"campfire_upgraded":3,"win_rate":0,"timestamp":1544557655,"path_taken":["M","M","M","?","?","R","E","R","T","M","?","?","M","M","R","BOSS","M","M","$","M","?","?","M","M","T","?","E","M","R","$","R","BOSS"],"build_version":"2018-12-10","purchased_purges":4,"victory":false,"max_hp_per_floor":[80,80,80,80,80,80,80,80,80,80,80,80,80,80,80,80,80,80,80,80,80,80,80,80,80,80,80,80,85,85,85,85,85],"card_choices":[{"not_picked":["Havoc","Evolve"],"picked":"Clothesline","floor":1},{"not_picked":["Rampage","Entrench","Bloodletting"],"picked":"SKIP","floor":2},{"not_picked":["Pommel Strike","Uppercut"],"picked":"Headbutt","floor":3},{"not_picked":["Searing Blow","Hemokinesis","Feel No Pain"],"picked":"SKIP","floor":7},{"not_picked":["Cleave","Clash"],"picked":"Heavy Blade","floor":10},{"not_picked":["Pommel Strike","Searing Blow"],"picked":"Cleave","floor":12},{"not_picked":["Wild Strike","Headbutt"],"picked":"Pommel Strike","floor":13},{"not_picked":["Whirlwind","Shockwave","Corruption"],"picked":"SKIP","floor":14},{"not_picked":["Anger","Perfected Strike+1"],"picked":"Warcry+1","floor":18},{"not_picked":["Headbutt","Clothesline"],"picked":"Clash+1","floor":19},{"not_picked":["Rupture+1","Ghostly Armor","Pommel Strike"],"picked":"SKIP","floor":21},{"not_picked":["Shrug It Off","Rampage","Fire Breathing+1"],"picked":"SKIP","floor":24},{"not_picked":["Shockwave","Inflame"],"picked":"Flex","floor":25},{"not_picked":["Bloodletting","Reckless Charge","Clash"],"picked":"SKIP","floor":28},{"not_picked":["Whirlwind","Dropkick","Double Tap"],"picked":"SKIP","floor":29}],"player_experience":341959,"relics_obtained":[{"floor":7,"key":"Gambling Chip"},{"floor":9,"key":"Du-Vu Doll"},{"floor":26,"key":"Bottled Lightning"},{"floor":28,"key":"Meat on the Bone"}],"event_choices":[{"damage_healed":0,"gold_gain":0,"player_choice":"Entered Light","damage_taken":16,"max_hp_gain":0,"max_hp_loss":0,"event_name":"Shining Light","floor":4,"gold_loss":0,"cards_upgraded":["Defend_R","Defend_R"]},{"cards_removed":["Strike_R"],"damage_healed":0,"gold_gain":0,"player_choice":"Card Removal","damage_taken":7,"max_hp_gain":0,"max_hp_loss":0,"event_name":"Golden Wing","floor":5,"gold_loss":0},{"damage_healed":0,"gold_gain":275,"player_choice":"Desecrate","damage_taken":0,"max_hp_gain":0,"max_hp_loss":0,"event_name":"Golden Shrine","floor":22,"gold_loss":0,"cards_obtained":["Regret"]},{"damage_healed":0,"gold_gain":0,"player_choice":"Joined the Cult","damage_taken":6,"max_hp_gain":0,"max_hp_loss":0,"event_name":"Nest","floor":27,"gold_loss":0,"cards_obtained":["RitualDagger"]}],"is_beta":true,"boss_relics":[{"not_picked":["Astrolabe","Black Star"],"picked":"Mark of Pain"}],"items_purged_floors":[11,20,23,31],"is_endless":false,"potions_floor_spawned":[2,12,14,21,29],"killed_by":"Automaton","ascension_level":0}