{"path_per_floor":["M","?","?","?","M","R","M","M","T","$","R","M"],"character_chosen":"THE_SILENT","items_purchased":["Seek","Capacitor","Toxic Egg 2"],"gold_per_floor":[144,144,319,394,439,439,484,529,579,43,43,88,88],"floor_reached":13,"campfire_rested":2,"playtime":482,"current_hp_per_floor":[66,52,52,41,36,65,65,49,49,49,60,49,43],"items_purged":["Doubt"],"gold":88,"score":75,"play_id":"89433b08-36a4-49e5-93cf-c0bb8366f2ce","local_time":"20180518200833","daily_mods":["Diverse","Midas","Night Terrors"],"is_prod":false,"is_daily":true,"chose_seed":false,"is_ascension_mode":false,"campfire_upgraded":0,"timestamp":1526670513,"campfire_choices":[{"floor":6,"key":"REST"},{"floor":11,"key":"REST"}],"path_taken":["M","?","?","?","?","R","M","M","T","$","R","?","E"],"build_version":"2018-05-17","seed_source_timestamp":0,"purchased_purges":1,"victory":false,"master_deck":["Defend_G","Defend_G","Defend_G","Defend_G","Defend_G","Strike_G","Strike_G","Strike_G+1","Strike_G","Strike_G","Survivor+1","Neutralize","Ball Lightning","Leg Sweep","Spot Weakness","Seek","Capacitor","Reinforced Body+1"],"max_hp_per_floor":[70,70,70,70,70,65,65,65,65,65,60,60,60],"relics":["Ring of the Snake","Bag of Preparation","Toxic Egg 2"],"card_choices":[{"not_picked":["Pommel Strike","Rebound"],"picked":"Ball Lightning","floor":1},{"not_picked":["Dagger Throw","Sucker Punch"],"picked":"Leg Sweep","floor":5},{"not_picked":["Clothesline","Deadly Poison","Clash"],"picked":"SKIP","floor":7},{"not_picked":["Coolheaded","Perfected Strike"],"picked":"Spot Weakness","floor":8},{"not_picked":["Fire Breathing","Sunder"],"picked":"Reinforced Body+1","floor":12}],"player_experience":161679,"potions_floor_usage":[12],"damage_taken":[{"damage":4,"enemies":"Cultist","floor":1,"turns":4},{"damage":5,"enemies":"2 Louse","floor":5,"turns":3},{"damage":0,"enemies":"Small Slimes","floor":7,"turns":4},{"damage":16,"enemies":"3 Louse","floor":8,"turns":5},{"damage":11,"enemies":"Lots of Slimes","floor":12,"turns":4},{"damage":6,"enemies":"3 Sentries","floor":13,"turns":8}],"relics_obtained":[{"floor":9,"key":"Bag of Preparation"}],"event_choices":[{"event_name":"Shining Light","player_choice":"Entered Light","floor":2,"damage_taken":0},{"event_name":"Liars Game","player_choice":"agreed","floor":3,"damage_taken":0},{"event_name":"World of Goop","player_choice":"Gather Gold","floor":4,"damage_taken":0}],"boss_relics":[],"potions_floor_spawned":[5,7],"seed_played":"-1719172220029587943","killed_by":"3 Sentries","ascension_level":0,"potions_obtained":[{"floor":5,"key":"Strength Potion"},{"floor":7,"key":"Poison Potion"}],"is_trial":false}