{"path_per_floor":["M","?","M","M","?","R","?","E","T","M","M","M","E","M","R","B",null,"M","?","M","?","?","E","?","R","T","?","$","E","M","E","R","B",null,"M","?","M","$","M","E","R","M","T","?","R","E","R","M","R","B"],"character_chosen":"IRONCLAD","items_purchased":["Paper Frog"],"gold_per_floor":[109,109,123,141,141,141,141,175,175,186,205,219,244,261,261,361,361,381,381,396,396,396,428,351,351,351,386,68,98,109,135,135,231,231,248,248,259,159,179,209,209,221,221,221,221,256,256,267,267,267],"floor_reached":51,"campfire_rested":0,"playtime":1991,"current_hp_per_floor":[76,76,76,72,56,56,56,48,48,52,58,54,42,51,51,27,86,75,75,73,56,56,60,60,60,60,69,69,69,73,82,82,30,106,106,93,65,65,68,69,69,75,75,75,75,72,72,75,75,37],"items_purged":["Defend_R","Strike_R"],"gold":267,"score":914,"play_id":"04af097c-be38-4ae4-ac7d-0d219b86f83c","local_time":"20180429145058","is_prod":false,"is_daily":false,"chose_seed":false,"is_ascension_mode":true,"campfire_upgraded":8,"timestamp":1525009858,"path_taken":["M","?","M","?","?","R","?","E","T","M","?","M","E","M","R","BOSS","M","?","M","?","?","E","?","R","T","?","$","E","?","E","R","BOSS","M","?","M","$","M","E","R","M","T","?","R","E","R","M","R","BOSS"],"build_version":"2018-04-27v3","seed_source_timestamp":63348604586118,"purchased_purges":2,"victory":true,"master_deck":["Strike_R","Strike_R","Defend_R","Defend_R+1","Defend_R","Bash+1","Demon Form+1","Cleave","Thunderclap","Sword Boomerang+1","Feed+1","Flame Barrier","Demon Form+1","Dual Wield+1","J.A.X.+1","Clothesline+1","Feed","Limit Break+1","Carnage+1","Madness","Madness","Heavy Blade+1","Whirlwind+1","Spot Weakness+1"],"max_hp_per_floor":[80,80,80,80,80,80,80,80,80,83,83,83,83,86,86,86,86,86,86,86,91,91,94,94,94,94,97,97,97,100,103,103,106,106,106,106,109,109,109,109,109,112,112,112,112,112,112,112,112,116],"relics":["Burning Blood","Self Forming Clay","Shuriken","Anchor","Snecko Eye","Mummified Hand","Bottled Lightning","Red Mask","Paper Frog","Bag of Preparation","Toolbox","Mark of Pain","Dream Catcher","Matryoshka","Meat on the Bone"],"card_choices":[{"not_picked":["Double Tap","Brutality"],"picked":"Demon Form","floor":0},{"not_picked":["Burning Pact","Perfected Strike"],"picked":"Cleave","floor":1},{"not_picked":["Iron Wave","Flex"],"picked":"Thunderclap","floor":3},{"not_picked":["Headbutt","Iron Wave"],"picked":"Sword Boomerang","floor":4},{"not_picked":["Entrench","Rampage"],"picked":"Feed","floor":8},{"not_picked":["Sever Soul","Hemokinesis"],"picked":"Flame Barrier","floor":13},{"not_picked":["Sever Soul","Searing Blow"],"picked":"Inflame","floor":14},{"not_picked":["Reaper","Fiend Fire"],"picked":"Demon Form","floor":16},{"not_picked":["Havoc","Body Slam"],"picked":"Dual Wield","floor":18},{"not_picked":["Body Slam","Wild Strike"],"picked":"Clothesline","floor":29},{"not_picked":["Dual Wield","Headbutt"],"picked":"Feed","floor":30},{"not_picked":["Offering","Bludgeon"],"picked":"Limit Break","floor":33},{"not_picked":["Havoc","Warcry"],"picked":"Carnage","floor":35},{"not_picked":["Headbutt","Warcry"],"picked":"Heavy Blade","floor":37},{"not_picked":["True Grit","Fire Breathing"],"picked":"Whirlwind","floor":40},{"not_picked":["Brutality","Flex"],"picked":"Spot Weakness","floor":46}],"player_experience":90516,"potions_floor_usage":[10,16,29,50,50,50],"damage_taken":[{"damage":10,"enemies":"Jaw Worm","floor":1,"turns":4},{"damage":6,"enemies":"Cultist","floor":3,"turns":3},{"damage":10,"enemies":"Small Slimes","floor":4,"turns":2},{"damage":14,"enemies":"Gremlin Nob","floor":8,"turns":3},{"damage":5,"enemies":"Gremlin Gang","floor":10,"turns":2},{"damage":0,"enemies":"Large Slime","floor":11,"turns":3},{"damage":10,"enemies":"Looter","floor":12,"turns":3},{"damage":18,"enemies":"Lagavulin","floor":13,"turns":5},{"damage":0,"enemies":"Blue Slaver","floor":14,"turns":3},{"damage":30,"enemies":"Slime Boss","floor":16,"turns":5},{"damage":17,"enemies":"3 Byrds","floor":18,"turns":4},{"damage":8,"enemies":"Chosen","floor":20,"turns":4},{"damage":5,"enemies":"Gremlin Leader","floor":23,"turns":4},{"damage":0,"enemies":"Masked Bandits","floor":27,"turns":2},{"damage":6,"enemies":"Book of Stabbing","floor":29,"turns":4},{"damage":5,"enemies":"Slaver and Parasite","floor":30,"turns":3},{"damage":0,"enemies":"Gremlin Leader","floor":31,"turns":3},{"damage":61,"enemies":"Collector","floor":33,"turns":7},{"damage":3,"enemies":"Orb Walker","floor":35,"turns":2},{"damage":37,"enemies":"3 Shapes","floor":37,"turns":3},{"damage":3,"enemies":"Spire Growth","floor":39,"turns":2},{"damage":5,"enemies":"Nemesis","floor":40,"turns":3},{"damage":3,"enemies":"Maw","floor":42,"turns":3},{"damage":9,"enemies":"Giant Head","floor":46,"turns":5},{"damage":3,"enemies":"3 Darklings","floor":48,"turns":2},{"damage":78,"enemies":"Donu and Deca","floor":50,"turns":7}],"event_choices":[{"event_name":"Fountain of Cleansing","player_choice":"Removed Curse","floor":2,"damage_taken":0},{"event_name":"Shining Light","player_choice":"Entered Light","floor":5,"damage_taken":0},{"event_name":"Living Wall","player_choice":"Forget","floor":7,"damage_taken":0},{"event_name":"Ghosts","player_choice":"Ignored","floor":19,"damage_taken":0},{"event_name":"Forgotten Altar","player_choice":"Shed Blood","floor":21,"damage_taken":0},{"event_name":"Back to Basics","player_choice":"Elegance","floor":22,"damage_taken":0},{"event_name":"Drug Dealer","player_choice":"Got JAXXED","floor":24,"damage_taken":0},{"event_name":"Masked Bandits","player_choice":"Fought over 351 gold","floor":27,"damage_taken":0},{"event_name":"Winding Halls","player_choice":"Embrace Madness","floor":36,"damage_taken":0}],"boss_relics":[{"not_picked":["Ectoplasm","Runic Dome"],"picked":"Snecko Eye"},{"not_picked":["Sozu","Black Star"],"picked":"Mark of Pain"}],"potions_floor_spawned":[4,11,12,13,14,20,23,30,33,37,42,46],"seed_played":"6134291939272279908","ascension_level":1,"is_trial":false}