{"gold_per_floor":[113,128,128,142,155,185,185,2,48,67,98,98,131,131,131,261,261,277,296,296,310,310],"floor_reached":22,"playtime":1283,"items_purged":[],"score":282,"play_id":"b7e20c31-ad24-4d2e-bc10-a7996a4cf848","local_time":"20190131154417","is_ascension_mode":true,"campfire_choices":[{"data":"Masterful Stab","floor":7,"key":"SMITH"},{"data":"Setup","floor":12,"key":"SMITH"},{"floor":15,"key":"REST"}],"neow_cost":"NONE","seed_source_timestamp":4147239969839,"circlet_count":0,"master_deck":["Survivor","Neutralize","Setup+1","Masterful Stab+1","Slice","Deflect","Infinite Blades","Panache","Venomology","Grand Finale","Catalyst","Terror","Dash","Blade Dance","Underhanded Strike","Grand Finale","Night Terror","Night Terror","Infinite Blades","Deadly Poison","After Image","Distraction+1"],"relics":["Ring of the Snake","Paper Crane","Blood Vial","PreservedInsect","FossilizedHelix","Golden Idol","Pandora\u0027s Box"],"potions_floor_usage":[6,16,16,16,19,21],"damage_taken":[{"damage":4,"enemies":"Cultist","floor":1,"turns":5},{"damage":11,"enemies":"Small Slimes","floor":2,"turns":4},{"damage":0,"enemies":"2 Louse","floor":4,"turns":1},{"damage":0,"enemies":"Red Slaver","floor":5,"turns":3},{"damage":25,"enemies":"3 Sentries","floor":6,"turns":7},{"damage":6,"enemies":"Blue Slaver","floor":10,"turns":4},{"damage":0,"enemies":"Gremlin Nob","floor":11,"turns":3},{"damage":17,"enemies":"Lagavulin","floor":13,"turns":5},{"damage":32,"enemies":"The Guardian","floor":16,"turns":17},{"damage":19,"enemies":"Spheric Guardian","floor":18,"turns":4},{"damage":21,"enemies":"Shell Parasite","floor":19,"turns":6},{"damage":25,"enemies":"Chosen and Byrds","floor":21,"turns":6},{"damage":6,"enemies":"Cultist and Chosen","floor":22,"turns":1}],"seed_played":"-6440064973053041780","potions_obtained":[{"floor":1,"key":"LiquidBronze"},{"floor":2,"key":"GhostInAJar"},{"floor":6,"key":"Dexterity Potion"},{"floor":16,"key":"Poison Potion"},{"floor":21,"key":"Ancient Potion"}],"is_trial":false,"path_per_floor":["M","M","$","M","M","E","R","$","T","M","E","R","E","?","R","B",null,"M","M","?","M","M"],"character_chosen":"THE_SILENT","items_purchased":["Panache"],"campfire_rested":1,"item_purchase_floors":[8],"current_hp_per_floor":[66,55,55,55,55,30,30,30,30,26,28,28,13,13,32,2,65,46,27,27,4,0],"gold":310,"neow_bonus":"THREE_CARDS","is_prod":false,"is_daily":false,"chose_seed":false,"campfire_upgraded":2,"win_rate":0,"timestamp":1548945857,"path_taken":["M","M","?","M","M","E","R","$","T","M","E","R","E","?","R","BOSS","M","M","?","?","M"],"build_version":"2019-01-23","purchased_purges":0,"victory":false,"max_hp_per_floor":[70,70,70,70,70,70,70,70,70,70,70,70,70,65,65,65,65,65,65,65,65,65],"card_choices":[{"not_picked":["Crippling Poison","Reflex"],"picked":"Setup","floor":0},{"not_picked":["Tactician","Bane"],"picked":"Masterful Stab","floor":1},{"not_picked":["Dodge and Roll","Masterful Stab"],"picked":"Slice","floor":2},{"not_picked":["Backflip","Acrobatics"],"picked":"Deflect","floor":4},{"not_picked":["Dodge and Roll","Accuracy"],"picked":"Infinite Blades","floor":5},{"not_picked":["Acrobatics","Dagger Throw","Concentrate"],"picked":"SKIP","floor":6},{"not_picked":["Choke","Cloak And Dagger","Infinite Blades"],"picked":"SKIP","floor":10},{"not_picked":["Skewer","Outmaneuver","Dagger Spray"],"picked":"SKIP","floor":11},{"not_picked":["Flying Knee","Quick Slash"],"picked":"Venomology","floor":13},{"not_picked":["Die Die Die","Night Terror"],"picked":"Grand Finale","floor":16},{"not_picked":["Underhanded Strike","Reflex","Cloak And Dagger"],"picked":"SKIP","floor":18},{"not_picked":["Sucker Punch+1","Heel Hook"],"picked":"Deadly Poison","floor":19},{"not_picked":["Well Laid Plans+1","Blade Dance+1"],"picked":"Distraction+1","floor":21}],"player_experience":123773,"relics_obtained":[{"floor":6,"key":"Paper Crane"},{"floor":9,"key":"Blood Vial"},{"floor":11,"key":"PreservedInsect"},{"floor":13,"key":"FossilizedHelix"}],"event_choices":[{"damage_healed":0,"gold_gain":0,"player_choice":"Lose Max HP","damage_taken":0,"relics_obtained":["Golden Idol"],"max_hp_gain":0,"max_hp_loss":5,"event_name":"Golden Idol","floor":14,"gold_loss":0},{"damage_healed":0,"gold_gain":0,"cards_transformed":["Night Terror"],"player_choice":"Transformed","damage_taken":0,"max_hp_gain":0,"max_hp_loss":0,"event_name":"Transmorgrifier","floor":20,"gold_loss":0,"cards_obtained":["After Image"]}],"is_beta":false,"boss_relics":[{"not_picked":["Snecko Eye","Fusion Hammer"],"picked":"Pandora\u0027s Box"}],"items_purged_floors":[],"is_endless":false,"potions_floor_spawned":[1,2,6,16,21],"killed_by":"Cultist and Chosen","ascension_level":2}