{"gold_per_floor":[119,119,7,23,34,34,65,65,65,396,415,340,340,340,340,419,419,437,454,62,62,75,75,104,154,154,154,154,165,200,300,300,300],"floor_reached":33,"playtime":1131,"items_purged":[],"score":607,"play_id":"ce23d3f7-9f46-4c8b-95da-00e23bb4cf10","local_time":"20190203135604","is_ascension_mode":true,"campfire_choices":[{"data":"Pommel Strike","floor":6,"key":"SMITH"},{"data":"Flame Barrier","floor":8,"key":"SMITH"},{"data":"Cleave","floor":13,"key":"SMITH"},{"data":"Infernal Blade","floor":15,"key":"SMITH"},{"data":"True Grit","floor":23,"key":"SMITH"},{"floor":27,"key":"REST"},{"floor":32,"key":"REST"}],"neow_cost":"NONE","seed_source_timestamp":99122627762279,"circlet_count":0,"master_deck":["AscendersBane","Strike_R+1","Defend_R","Defend_R","Defend_R","Defend_R","Bash+1","Thunderclap+1","Flame Barrier+1","Pommel Strike+1","Battle Trance","Infernal Blade+1","Cleave+1","Immolate","Infernal Blade+1","Rage+1","Feed+1","Disarm","Feel No Pain","Corruption","Shrug It Off","True Grit+1","True Grit","Metallicize","Shame","Fiend Fire","Inflame","True Grit+1"],"relics":["Cursed Key","Gambling Chip","Mango","Old Coin","Astrolabe","Strange Spoon","Boot","Self Forming Clay","Kunai","Nunchaku","Frozen Egg 2"],"potions_floor_usage":[10,16,22,24,30,31],"damage_taken":[{"damage":5,"enemies":"2 Louse","floor":1,"turns":3},{"damage":0,"enemies":"Cultist","floor":4,"turns":2},{"damage":7,"enemies":"Small Slimes","floor":5,"turns":3},{"damage":11,"enemies":"Gremlin Nob","floor":7,"turns":3},{"damage":5,"enemies":"3 Sentries","floor":10,"turns":6},{"damage":1,"enemies":"Looter","floor":11,"turns":3},{"damage":15,"enemies":"Hexaghost","floor":16,"turns":7},{"damage":0,"enemies":"2 Thieves","floor":18,"turns":2},{"damage":25,"enemies":"Spheric Guardian","floor":19,"turns":4},{"damage":26,"enemies":"Snake Plant","floor":22,"turns":5},{"damage":17,"enemies":"Slavers","floor":24,"turns":7},{"damage":3,"enemies":"3 Cultists","floor":29,"turns":5},{"damage":3,"enemies":"Book of Stabbing","floor":30,"turns":5},{"damage":6,"enemies":"Colosseum Slavers","floor":31,"turns":4},{"damage":32,"enemies":"Colosseum Nobs","floor":31,"turns":6},{"damage":46,"enemies":"Automaton","floor":33,"turns":10}],"seed_played":"-3669017049230390075","potions_obtained":[{"floor":4,"key":"EssenceOfSteel"},{"floor":7,"key":"Fire Potion"},{"floor":16,"key":"Strength Potion"},{"floor":19,"key":"BloodPotion"},{"floor":22,"key":"PowerPotion"},{"floor":30,"key":"Poison Potion"}],"is_trial":false,"path_per_floor":["M","?","$","M","M","R","E","R","T","E","M","?","R","?","R","B",null,"M","M","$","?","M","R","E","?","T","R","?","M","E","?","R","B"],"character_chosen":"IRONCLAD","items_purchased":["Flame Barrier","Pommel Strike","Corruption","Strange Spoon","Shrug It Off","True Grit"],"campfire_rested":2,"item_purchase_floors":[3,3,20,20,20,20],"current_hp_per_floor":[63,63,63,63,56,56,45,45,59,54,53,53,53,26,26,11,70,74,53,53,53,36,36,19,19,19,48,48,45,42,12,43,0],"gold":300,"neow_bonus":"BOSS_RELIC","is_prod":false,"is_daily":false,"chose_seed":false,"campfire_upgraded":5,"win_rate":0,"timestamp":1549230964,"path_taken":["M","?","$","M","M","R","E","R","T","E","?","?","R","?","R","BOSS","M","M","$","?","M","R","E","?","T","R","?","?","E","?","R","BOSS"],"build_version":"2019-01-23","purchased_purges":0,"victory":false,"max_hp_per_floor":[75,75,75,75,75,75,75,75,89,89,89,89,89,89,89,89,89,93,97,97,97,97,97,97,97,97,97,97,97,97,105,105,105],"card_choices":[{"not_picked":["Twin Strike","Clash"],"picked":"Thunderclap","floor":1},{"not_picked":["Twin Strike","True Grit"],"picked":"Battle Trance","floor":4},{"not_picked":["Thunderclap","Anger"],"picked":"Infernal Blade","floor":5},{"not_picked":["Burning Pact","Seeing Red"],"picked":"Cleave","floor":7},{"not_picked":["Berserk","Impervious"],"picked":"Immolate","floor":16},{"not_picked":["True Grit","Pommel Strike+1"],"picked":"Disarm","floor":18},{"not_picked":["Sword Boomerang","Whirlwind"],"picked":"Feel No Pain","floor":19},{"not_picked":["Body Slam","Flex"],"picked":"True Grit","floor":22},{"not_picked":["Warcry","Hemokinesis"],"picked":"Metallicize","floor":24},{"not_picked":["Fire Breathing+1","Reckless Charge"],"picked":"Inflame","floor":30},{"not_picked":["Pommel Strike","Wild Strike"],"picked":"True Grit+1","floor":31}],"player_experience":1124524,"relics_obtained":[{"floor":7,"key":"Gambling Chip"},{"floor":9,"key":"Mango"},{"floor":10,"key":"Old Coin"},{"floor":24,"key":"Boot"},{"floor":26,"key":"Self Forming Clay"},{"floor":30,"key":"Kunai"},{"floor":31,"key":"Nunchaku"},{"floor":31,"key":"Frozen Egg 2"}],"event_choices":[{"damage_healed":0,"gold_gain":0,"player_choice":"Upgraded","damage_taken":0,"max_hp_gain":0,"max_hp_loss":0,"event_name":"Upgrade Shrine","floor":2,"gold_loss":0,"cards_upgraded":["Bash"]},{"cards_removed":["Doubt"],"damage_healed":0,"gold_gain":0,"player_choice":"Card Removal","damage_taken":0,"max_hp_gain":0,"max_hp_loss":0,"event_name":"The Cleric","floor":12,"gold_loss":75},{"damage_healed":0,"gold_gain":0,"player_choice":"Entered Light","damage_taken":27,"max_hp_gain":0,"max_hp_loss":0,"event_name":"Shining Light","floor":14,"gold_loss":0,"cards_upgraded":["Strike_R","Thunderclap"]},{"damage_healed":0,"gold_gain":0,"player_choice":"Ignored","damage_taken":0,"max_hp_gain":0,"max_hp_loss":0,"event_name":"The Mausoleum","floor":21,"gold_loss":0},{"damage_healed":0,"gold_gain":50,"player_choice":"Stole From Cult","damage_taken":0,"max_hp_gain":0,"max_hp_loss":0,"event_name":"Nest","floor":25,"gold_loss":0},{"damage_healed":0,"gold_gain":0,"cards_transformed":["Strike_R"],"player_choice":"Transformed","damage_taken":0,"max_hp_gain":0,"max_hp_loss":0,"event_name":"Transmorgrifier","floor":28,"gold_loss":0,"cards_obtained":["Fiend Fire"]},{"damage_healed":0,"gold_gain":0,"player_choice":"Fight","damage_taken":0,"max_hp_gain":0,"max_hp_loss":0,"event_name":"Colosseum","floor":31,"gold_loss":0},{"damage_healed":0,"gold_gain":0,"player_choice":"Fought Nobs","damage_taken":0,"max_hp_gain":0,"max_hp_loss":0,"event_name":"Colosseum","floor":31,"gold_loss":0}],"is_beta":true,"boss_relics":[{"not_picked":["Mark of Pain","Runic Cube"],"picked":"Astrolabe"}],"items_purged_floors":[],"is_endless":false,"potions_floor_spawned":[4,7,16,19,22,30],"killed_by":"Automaton","ascension_level":20}