{"gold_per_floor":[20,31,306,320,331,331,357,357,357,407,436,108,108,125,125,228,228,245,260,260,260,279,304,321,321,389,3,3,278,278],"floor_reached":30,"playtime":1045,"items_purged":["Regret","Strike_R"],"score":298,"play_id":"5ee0258e-daae-448d-90ca-a62feba2c829","local_time":"20181224220004","is_ascension_mode":true,"campfire_choices":[{"data":"True Grit","floor":6,"key":"SMITH"},{"floor":8,"key":"REST"},{"data":"Sword Boomerang","floor":15,"key":"SMITH"},{"floor":25,"key":"REST"}],"neow_cost":"NO_GOLD","seed_source_timestamp":1040647372755158,"circlet_count":0,"master_deck":["Strike_R","Strike_R","Strike_R","Strike_R","Defend_R","Defend_R+1","Defend_R","Defend_R","Bash","Reaper","True Grit+1","Anger","Flex+1","Infernal Blade","Shrug It Off","Inflame","Sword Boomerang+1","Limit Break","Heavy Blade","Limit Break","Dark Embrace","Regret"],"relics":["Burning Blood","War Paint","Mummified Hand","Smiling Mask","Dodecahedron","Lee\u0027s Waffle","Sozu","Meat on the Bone","Nilry\u0027s Codex","Potion Belt","Paper Frog","DollysMirror"],"potions_floor_usage":[11,14,16,16],"damage_taken":[{"damage":6,"enemies":"Cultist","floor":1,"turns":4},{"damage":1,"enemies":"2 Louse","floor":2,"turns":3},{"damage":5,"enemies":"Jaw Worm","floor":4,"turns":4},{"damage":18,"enemies":"2 Fungi Beasts","floor":5,"turns":4},{"damage":53,"enemies":"Gremlin Nob","floor":7,"turns":5},{"damage":42,"enemies":"Lagavulin","floor":11,"turns":7},{"damage":0,"enemies":"Gremlin Gang","floor":14,"turns":3},{"damage":19,"enemies":"The Guardian","floor":16,"turns":8},{"damage":0,"enemies":"Chosen","floor":18,"turns":4},{"damage":23,"enemies":"Shell Parasite","floor":19,"turns":5},{"damage":39,"enemies":"Snake Plant","floor":22,"turns":4},{"damage":21,"enemies":"Snecko","floor":24,"turns":5},{"damage":68,"enemies":"Cultist and Chosen","floor":30,"turns":5}],"seed_played":"3633704828415645422","potions_obtained":[{"floor":5,"key":"Ancient Potion"},{"floor":11,"key":"PowerPotion"},{"floor":13,"key":"Strength Potion"},{"floor":13,"key":"Explosive Potion"},{"floor":14,"key":"Energy Potion"}],"is_trial":false,"path_per_floor":["M","M","?","M","M","R","E","R","T","T","E","$","?","M","R","B",null,"M","M","?","?","M","T","M","R","T","$","?","?","M"],"character_chosen":"IRONCLAD","items_purchased":["Lee\u0027s Waffle","Inflame","DollysMirror","Dark Embrace"],"campfire_rested":2,"item_purchase_floors":[12,12,27,27],"current_hp_per_floor":[80,80,80,80,68,68,27,51,51,51,19,87,87,87,87,87,87,87,74,74,58,38,38,41,67,67,67,50,50,0],"gold":278,"neow_bonus":"THREE_RARE_CARDS","is_prod":false,"is_daily":false,"chose_seed":false,"campfire_upgraded":2,"win_rate":0,"timestamp":1545688804,"path_taken":["M","?","?","?","M","R","E","R","T","?","E","?","?","M","R","BOSS","M","?","?","?","M","?","?","R","T","$","?","?","?"],"build_version":"2018-12-20","purchased_purges":2,"victory":false,"max_hp_per_floor":[80,80,80,80,80,80,80,80,80,80,80,87,87,87,87,87,87,87,87,87,87,87,87,87,87,87,87,92,92,92],"card_choices":[{"not_picked":["Exhume","Berserk"],"picked":"Reaper","floor":0},{"not_picked":["Wild Strike","Armaments"],"picked":"True Grit","floor":1},{"not_picked":["Wild Strike","Body Slam"],"picked":"Anger","floor":2},{"not_picked":["Shrug It Off","Anger"],"picked":"Flex","floor":4},{"not_picked":["Battle Trance","Uppercut"],"picked":"Infernal Blade","floor":5},{"not_picked":["Perfected Strike","Headbutt"],"picked":"Shrug It Off","floor":7},{"not_picked":["Clothesline","Evolve","Burning Pact"],"picked":"SKIP","floor":11},{"not_picked":["Berserk","Dropkick"],"picked":"Sword Boomerang","floor":14},{"not_picked":["Feed","Barricade"],"picked":"Limit Break","floor":16},{"not_picked":["Shrug It Off","Corruption","Bloodletting"],"picked":"SKIP","floor":18},{"not_picked":["Blood for Blood+1","Anger","Shrug It Off"],"picked":"SKIP","floor":19},{"not_picked":["Searing Blow","Whirlwind"],"picked":"Heavy Blade","floor":22},{"not_picked":["Clash+1","Body Slam+1","Sever Soul+1"],"picked":"SKIP","floor":24}],"player_experience":352091,"relics_obtained":[{"floor":7,"key":"War Paint"},{"floor":9,"key":"Mummified Hand"},{"floor":10,"key":"Smiling Mask"},{"floor":11,"key":"Dodecahedron"},{"floor":21,"key":"Nilry\u0027s Codex"},{"floor":23,"key":"Potion Belt"},{"floor":26,"key":"Paper Frog"}],"event_choices":[{"damage_healed":0,"gold_gain":275,"player_choice":"Desecrate","damage_taken":0,"max_hp_gain":0,"max_hp_loss":0,"event_name":"Golden Shrine","floor":3,"gold_loss":0,"cards_obtained":["Regret"]},{"damage_healed":0,"gold_gain":0,"player_choice":"Got Potions","damage_taken":0,"max_hp_gain":0,"max_hp_loss":0,"event_name":"Lab","floor":13,"gold_loss":0},{"damage_healed":0,"gold_gain":0,"player_choice":"Opened","damage_taken":0,"relics_obtained":["Meat on the Bone"],"max_hp_gain":0,"max_hp_loss":0,"event_name":"The Mausoleum","floor":20,"gold_loss":0},{"damage_healed":0,"gold_gain":0,"player_choice":"Obtained Book","damage_taken":16,"max_hp_gain":0,"max_hp_loss":0,"event_name":"Cursed Tome","floor":21,"gold_loss":0},{"damage_healed":0,"gold_gain":0,"player_choice":"Shed Blood","damage_taken":22,"max_hp_gain":5,"max_hp_loss":0,"event_name":"Forgotten Altar","floor":28,"gold_loss":0},{"damage_healed":0,"gold_gain":275,"player_choice":"Desecrate","damage_taken":0,"max_hp_gain":0,"max_hp_loss":0,"event_name":"Golden Shrine","floor":29,"gold_loss":0,"cards_obtained":["Regret"]}],"is_beta":true,"boss_relics":[{"not_picked":["Runic Pyramid","Lizard Tail"],"picked":"Sozu"}],"items_purged_floors":[12,27],"is_endless":false,"potions_floor_spawned":[5,11,14,22,24],"killed_by":"Cultist and Chosen","ascension_level":5}