{"gold_per_floor":[116,116,41,6,6,6,6,39,96,96,96,121,121,152,152,248,248,272,272,292,310,357,357,393,416,443,443,476,476],"floor_reached":29,"playtime":1207,"items_purged":["Defend_B"],"score":441,"play_id":"82017017-d3c8-4cd6-9fd3-447168ad6658","local_time":"20190211003704","is_ascension_mode":true,"campfire_choices":[{"data":"Multi-Cast","floor":6.0,"key":"SMITH"},{"data":"Zap","floor":11.0,"key":"SMITH"},{"data":"Dualcast","floor":13.0,"key":"SMITH"},{"data":"Leap","floor":15.0,"key":"SMITH"},{"floor":23,"key":"REST"},{"floor":27,"key":"REST"}],"neow_cost":"PERCENT_DAMAGE","seed_source_timestamp":0,"circlet_count":0,"master_deck":["AscendersBane","Strike_B+1","Defend_B","Defend_B","Zap+1","Dualcast+1","BootSequence","Multi-Cast+1","Ball Lightning","Ball Lightning","Leap+1","Echo Form","Steam","FTL+1","Multi-Cast","Auto Shields","Cold Snap","Go for the Eyes+1"],"special_seed":0,"relics":["Cracked Core","Golden Idol","Pocketwatch","Tiny Chest","Ornamental Fan","Empty Cage","Whetstone","Bag of Marbles","Happy Flower","Lantern"],"potions_floor_usage":[24,24,28],"damage_taken":[{"damage":0.0,"enemies":"2 Louse","floor":1.0,"turns":2.0},{"damage":27.0,"enemies":"Gremlin Nob","floor":8.0,"turns":4.0},{"damage":0.0,"enemies":"Small Slimes","floor":12.0,"turns":2.0},{"damage":10.0,"enemies":"Lagavulin","floor":14.0,"turns":4.0},{"damage":26.0,"enemies":"Slime Boss","floor":16.0,"turns":10.0},{"damage":4.0,"enemies":"Shell Parasite","floor":18.0,"turns":6.0},{"damage":2,"enemies":"Chosen","floor":20,"turns":3},{"damage":25,"enemies":"Snake Plant","floor":21,"turns":4},{"damage":31,"enemies":"Slavers","floor":24,"turns":5},{"damage":3,"enemies":"Centurion and Healer","floor":25,"turns":6},{"damage":23,"enemies":"Gremlin Leader","floor":28,"turns":11},{"damage":12,"enemies":"Masked Bandits","floor":29,"turns":3}],"seed_played":"1666558522410042238","potions_obtained":[{"floor":14.0,"key":"Strength Potion"},{"floor":16.0,"key":"LiquidBronze"},{"floor":20,"key":"Weak Potion"},{"floor":25,"key":"FocusPotion"}],"is_trial":false,"path_per_floor":["M","?","$","?","?","R","$","E","T","?","R","M","R","E","R","B",null,"M","?","M","M","T","R","E","M","T","R","E","?"],"character_chosen":"DEFECT","items_purchased":[],"campfire_rested":2,"item_purchase_floors":[],"current_hp_per_floor":[50,43,43,61,61,61,61,34,34,51,51,51,51,41,41,15,53,49,49,47,22,22,41,10,7,7,26,3,0],"gold":476,"neow_bonus":"TRANSFORM_TWO_CARDS","is_prod":false,"is_daily":false,"chose_seed":false,"campfire_upgraded":4,"win_rate":0,"timestamp":1549845424,"path_taken":["M","?","$","?","?","R","$","E","T","?","R","M","R","E","R","BOSS","M","?","?","M","?","R","E","M","T","R","E","?"],"build_version":"2019-02-06","purchased_purges":1,"victory":false,"max_hp_per_floor":[75,75,75,75,69,69,69,69,69,69,69,69,69,69,69,69,66,66,66,66,66,66,66,66,66,66,66,66,66],"card_choices":[{"not_picked":["Stack","Glacier"],"picked":"Ball Lightning","floor":1.0},{"not_picked":["Hologram","Reinforced Body","Gash"],"picked":"SKIP","floor":8.0},{"not_picked":["Blizzard","Reinforced Body"],"picked":"Ball Lightning","floor":12.0},{"not_picked":["Hologram","Ball Lightning"],"picked":"Leap","floor":14.0},{"not_picked":["Seek","Multi-Cast"],"picked":"Echo Form","floor":16.0},{"not_picked":["Turbo","Hologram"],"picked":"Steam","floor":18.0},{"not_picked":["Gash","Blizzard","Compile Driver+1"],"picked":"SKIP","floor":20},{"not_picked":["Stack","Compile Driver+1","Streamline"],"picked":"SKIP","floor":21},{"not_picked":["Multi-Cast","Streamline"],"picked":"Auto Shields","floor":24},{"not_picked":["Gash","Darkness"],"picked":"Cold Snap","floor":25},{"not_picked":["Reprogram","Reboot"],"picked":"Go for the Eyes+1","floor":28}],"player_experience":591541,"relics_obtained":[{"floor":8.0,"key":"Pocketwatch"},{"floor":9.0,"key":"Tiny Chest"},{"floor":14.0,"key":"Ornamental Fan"},{"floor":22,"key":"Whetstone"},{"floor":24,"key":"Bag of Marbles"},{"floor":26,"key":"Happy Flower"},{"floor":28,"key":"Lantern"}],"event_choices":[{"cards_removed":["Strike_B"],"damage_healed":0.0,"max_hp_gain":0.0,"max_hp_loss":0.0,"gold_gain":0.0,"event_name":"Golden Wing","player_choice":"Card Removal","floor":2.0,"gold_loss":0.0,"damage_taken":7.0},{"damage_healed":18.0,"max_hp_gain":0.0,"max_hp_loss":0.0,"gold_gain":0.0,"event_name":"The Cleric","player_choice":"Healed","floor":4.0,"gold_loss":35.0,"damage_taken":0.0},{"damage_healed":0.0,"max_hp_gain":0.0,"max_hp_loss":6.0,"gold_gain":0.0,"event_name":"Golden Idol","player_choice":"Lose Max HP","floor":5.0,"gold_loss":0.0,"damage_taken":0.0,"relics_obtained":["Golden Idol"]},{"damage_healed":17.0,"max_hp_gain":0.0,"max_hp_loss":0.0,"gold_gain":0.0,"event_name":"Mushrooms","player_choice":"Healed and dodged fight","floor":10.0,"gold_loss":0.0,"damage_taken":0.0,"cards_obtained":["Parasite"]},{"damage_healed":0,"gold_gain":0,"player_choice":"2 cards matched","damage_taken":0,"max_hp_gain":0,"max_hp_loss":0,"event_name":"Match and Keep!","floor":19,"gold_loss":0,"cards_obtained":["FTL","Multi-Cast"]},{"damage_healed":0,"gold_gain":0,"player_choice":"Fought Bandits","damage_taken":0,"max_hp_gain":0,"max_hp_loss":0,"event_name":"Masked Bandits","floor":29,"gold_loss":0}],"is_beta":true,"boss_relics":[{"not_picked":["Runic Dome","Busted Crown"],"picked":"Empty Cage"}],"items_purged_floors":[3],"is_endless":false,"potions_floor_spawned":[14,16,20,25],"killed_by":"Masked Bandits","ascension_level":13}