{"path_per_floor":["M","?","M","?","$","R","M","?","T","E","M","M","R","M","R","B",null,"M","M","M","M","$","R","M","M","T"],"character_chosen":"DEFECT","items_purchased":["Streamline"],"gold_per_floor":[99,99,99,99,46,46,46,46,46,46,46,46,46,46,46,46,46,46,46,46,46,46,46,46,46,46,46],"floor_reached":27,"campfire_rested":0,"playtime":778,"current_hp_per_floor":[75,75,75,69,69,69,69,69,69,65,65,66,66,62,62,31,60,60,60,41,41,41,41,39,24,24,0],"items_purged":[],"gold":46,"score":274,"play_id":"1ee56222-18a4-45c6-8b98-c04102e8dec8","local_time":"20180511231032","is_prod":false,"is_daily":false,"chose_seed":false,"is_ascension_mode":true,"campfire_upgraded":4,"timestamp":1526105432,"path_taken":["M","?","M","?","?","R","M","?","T","E","M","M","R","M","R","BOSS","M","?","?","M","?","R","M","M","T","M"],"build_version":"2018-05-10","seed_source_timestamp":172171937777215,"purchased_purges":0,"victory":false,"master_deck":["Strike_B","Strike_B","Strike_B","Strike_B","Defend_B","Defend_B","Defend_B","Defend_B","Zap+1","Sweeping Beam","Streamline+1","Axe Kick","Streamline+1","Skim","Buffer+1","Sweeping Beam"],"max_hp_per_floor":[75,75,75,69,69,69,69,69,69,69,69,69,69,69,69,69,69,69,69,69,69,69,69,69,69,69,69],"relics":["Ectoplasm","Golden Idol","Ornamental Fan","Mummified Hand","Velvet Choker","Matryoshka"],"card_choices":[{"not_picked":["Steam","Go for the Eyes"],"picked":"Sweeping Beam","floor":1},{"not_picked":["Steam","BootSequence"],"picked":"Axe Kick","floor":7},{"not_picked":["Creative AI","Doom and Gloom"],"picked":"Streamline","floor":10},{"not_picked":["Heatsinks","Reinforced Body"],"picked":"Skim","floor":12},{"not_picked":["Fusion","Fission"],"picked":"Buffer","floor":16},{"not_picked":["Defragment","Conserve Battery"],"picked":"Sweeping Beam","floor":18}],"player_experience":221541,"potions_floor_usage":[10,12,16,18,21,21,25,27],"damage_taken":[{"damage":0,"enemies":"Cultist","floor":1,"turns":3},{"damage":0,"enemies":"Small Slimes","floor":3,"turns":2},{"damage":0,"enemies":"2 Louse","floor":7,"turns":1},{"damage":4,"enemies":"3 Sentries","floor":10,"turns":5},{"damage":0,"enemies":"Exordium Wildlife","floor":11,"turns":3},{"damage":5,"enemies":"Large Slime","floor":12,"turns":4},{"damage":4,"enemies":"Red Slaver","floor":14,"turns":2},{"damage":31,"enemies":"The Guardian","floor":16,"turns":9},{"damage":0,"enemies":"3 Byrds","floor":18,"turns":5},{"damage":0,"enemies":"Spheric Guardian","floor":19,"turns":3},{"damage":19,"enemies":"Centurion and Healer","floor":20,"turns":6},{"damage":0,"enemies":"Snecko","floor":21,"turns":3},{"damage":2,"enemies":"Sentry and Sphere","floor":24,"turns":4},{"damage":15,"enemies":"Centurion and Healer","floor":25,"turns":5},{"damage":25,"enemies":"Snake Plant","floor":27,"turns":4}],"event_choices":[{"event_name":"Scrap Ooze","player_choice":"unsuccessful","floor":2,"damage_taken":0},{"event_name":"Golden Idol","player_choice":"Lose Max HP","floor":4,"damage_taken":0},{"event_name":"Purifier","player_choice":"One Purge","floor":8,"damage_taken":0}],"boss_relics":[{"not_picked":["Runic Pyramid","Cursed Key"],"picked":"Velvet Choker"}],"potions_floor_spawned":[3,7,12,14,16,20,24,25],"seed_played":"1394113234081137074","killed_by":"Snake Plant","ascension_level":5,"is_trial":false}