{"gold_per_floor":[117,292,292,31,31,60,72,37,37,67,67,85,85,97,97,199,199,214,230,53,64,0,0,18,18,18,18,50,50,2,2,2,106,106,126,126,1,1,20,20,53,53,107,107,107,135,153,171,171,171],"floor_reached":51,"playtime":3004,"items_purged":["Doubt","Strike_G","Defend_G"],"score":895,"play_id":"48b82e40-5bbf-42f1-8108-493d276dc4c4","local_time":"20181110011138","is_ascension_mode":true,"campfire_choices":[{"data":"Malaise","floor":11,"key":"SMITH"},{"data":"Cloak And Dagger","floor":13,"key":"SMITH"},{"data":"Neutralize","floor":15,"key":"SMITH"},{"floor":23,"key":"REST"},{"floor":25,"key":"REST"},{"data":"Infinite Blades","floor":27,"key":"SMITH"},{"data":"Footwork","floor":32,"key":"SMITH"},{"data":"Blade Dance","floor":40,"key":"SMITH"},{"floor":42,"key":"REST"},{"data":"Malaise","floor":45,"key":"SMITH"},{"floor":49,"key":"REST"}],"neow_cost":"NONE","seed_source_timestamp":164045764764659,"circlet_count":0,"master_deck":["Defend_G","Defend_G+1","Defend_G","Defend_G","Strike_G","Strike_G","Strike_G","Strike_G","Survivor+1","Neutralize+1","Flying Knee","Metamorphosis+1","Infinite Blades+1","Malaise+1","Cloak And Dagger+1","Finisher","Storm of Steel","Footwork+1","Blade Dance","Cloak And Dagger+1","Underhanded Strike","Malaise+1","Blade Dance+1","Accuracy+1","Deflect+1","Deflect+1"],"relics":["Ring of the Serpent","War Paint","PreservedInsect","Vajra","Orichalcum","Dead Branch","Bag of Preparation","Black Star","Mummified Hand","Tingsha","Torii","Dream Catcher","Pear","Potion Belt","Anchor"],"potions_floor_usage":[10,16,21,28,41,46,46,50],"damage_taken":[{"damage":1,"enemies":"Small Slimes","floor":1,"turns":3},{"damage":19,"enemies":"Lagavulin","floor":6,"turns":5},{"damage":0,"enemies":"2 Louse","floor":7,"turns":4},{"damage":0,"enemies":"Gremlin Nob","floor":10,"turns":2},{"damage":1,"enemies":"Jaw Worm","floor":12,"turns":3},{"damage":2,"enemies":"2 Fungi Beasts","floor":14,"turns":4},{"damage":29,"enemies":"The Guardian","floor":16,"turns":6},{"damage":16,"enemies":"2 Thieves","floor":18,"turns":4},{"damage":14,"enemies":"Spheric Guardian","floor":19,"turns":4},{"damage":11,"enemies":"Centurion and Healer","floor":21,"turns":7},{"damage":10,"enemies":"Chosen and Byrds","floor":24,"turns":6},{"damage":18,"enemies":"Book of Stabbing","floor":28,"turns":4},{"damage":18,"enemies":"Champ","floor":33,"turns":9},{"damage":9,"enemies":"Orb Walker","floor":35,"turns":4},{"damage":14,"enemies":"3 Darklings","floor":39,"turns":8},{"damage":22,"enemies":"Reptomancer","floor":41,"turns":6},{"damage":24,"enemies":"Nemesis","floor":46,"turns":5},{"damage":1,"enemies":"Writhing Mass","floor":47,"turns":4},{"damage":22,"enemies":"4 Shapes","floor":48,"turns":4},{"damage":27,"enemies":"Donu and Deca","floor":50,"turns":5}],"seed_played":"-4994261930501158811","potions_obtained":[{"floor":6,"key":"Swift Potion"},{"floor":7,"key":"Energy Potion"},{"floor":12,"key":"FearPotion"},{"floor":14,"key":"Regen Potion"},{"floor":18,"key":"EssenceOfSteel"},{"floor":24,"key":"SpeedPotion"},{"floor":28,"key":"GhostInAJar"},{"floor":41,"key":"FearPotion"},{"floor":46,"key":"SpeedPotion"},{"floor":48,"key":"Strength Potion"}],"is_trial":false,"path_per_floor":["M","?","?","$","?","E","M","?","T","E","R","M","R","M","R","B",null,"M","M","$","M","?","R","M","R","T","R","E","?","$","?","R","B",null,"M","?","$","T","M","R","E","R","T","T","R","E","M","M","R","B",null],"character_chosen":"THE_SILENT","items_purchased":["Metamorphosis","Footwork","Cloak And Dagger"],"campfire_rested":4,"item_purchase_floors":[4,20,30],"current_hp_per_floor":[76,76,58,58,58,39,39,58,58,58,58,57,57,55,55,26,77,61,47,47,36,36,59,49,72,72,72,65,65,65,65,65,47,77,68,68,68,68,54,54,32,55,55,65,65,41,40,18,44,17],"gold":171,"neow_bonus":"TEN_PERCENT_HP_BONUS","is_prod":false,"is_daily":false,"chose_seed":false,"campfire_upgraded":7,"win_rate":0,"timestamp":1541812298,"path_taken":["M","?","?","$","?","E","M","?","T","E","R","M","R","?","R","BOSS","M","M","$","M","?","R","M","R","T","R","E","?","$","?","R","BOSS","M","?","$","?","?","R","E","R","T","?","R","E","M","M","R","BOSS"],"build_version":"2018-11-08","purchased_purges":3,"victory":true,"max_hp_per_floor":[77,77,77,77,77,77,77,77,77,77,77,77,77,77,77,77,77,77,77,77,77,77,77,77,77,77,77,77,77,77,77,77,77,77,77,77,77,77,77,77,77,77,77,87,87,87,87,87,87,87],"card_choices":[{"not_picked":["Dodge and Roll","Acrobatics"],"picked":"Flying Knee","floor":1},{"not_picked":["Reflex","Dagger Throw"],"picked":"Infinite Blades","floor":6},{"not_picked":["Outmaneuver","Deadly Poison","Flechettes"],"picked":"SKIP","floor":7},{"not_picked":["Deflect","Heel Hook"],"picked":"Malaise","floor":10},{"not_picked":["Backflip","Sucker Punch"],"picked":"Cloak And Dagger","floor":12},{"not_picked":["Flying Knee","Prepared"],"picked":"Finisher","floor":14},{"not_picked":["Glass Knife","Venomology"],"picked":"Storm of Steel","floor":16},{"not_picked":["Bane","Prepared","Riddle With Holes"],"picked":"SKIP","floor":18},{"not_picked":["Crippling Poison","PiercingWail+1","Prepared"],"picked":"SKIP","floor":19},{"not_picked":["Leg Sweep","Crippling Poison+1"],"picked":"Blade Dance","floor":21},{"not_picked":["Prepared","Cloak And Dagger+1","Poisoned Stab"],"picked":"SKIP","floor":24},{"not_picked":["Setup","Bullet Time","Dodge and Roll"],"picked":"SKIP","floor":28},{"not_picked":["Phantasmal Killer","Night Terror"],"picked":"Malaise","floor":33},{"not_picked":["Bane+1","Dodge and Roll","Flying Knee+1"],"picked":"SKIP","floor":35},{"not_picked":["Bane+1","PiercingWail"],"picked":"Blade Dance","floor":39},{"not_picked":["Quick Slash+1","Backflip"],"picked":"Accuracy+1","floor":41},{"not_picked":["Predator+1","Wraith Form v2"],"picked":"Deflect+1","floor":46},{"not_picked":["Escape Plan","Outmaneuver+1","Heel Hook"],"picked":"SKIP","floor":47},{"not_picked":["Outmaneuver","Bane","Finisher+1"],"picked":"SKIP","floor":48},{"not_picked":["Sucker Punch","Reflex"],"picked":"Deflect+1","floor":49}],"player_experience":290688,"relics_obtained":[{"floor":6,"key":"PreservedInsect"},{"floor":9,"key":"Vajra"},{"floor":10,"key":"Orichalcum"},{"floor":26,"key":"Dead Branch"},{"floor":28,"key":"Bag of Preparation"},{"floor":38,"key":"Mummified Hand"},{"floor":41,"key":"Tingsha"},{"floor":41,"key":"Torii"},{"floor":43,"key":"Dream Catcher"},{"floor":44,"key":"Pear"},{"floor":46,"key":"Potion Belt"},{"floor":46,"key":"Anchor"}],"event_choices":[{"damage_healed":0,"gold_gain":175,"player_choice":"AGREE","damage_taken":0,"max_hp_gain":0,"max_hp_loss":0,"event_name":"Liars Game","floor":2,"gold_loss":0,"cards_obtained":["Doubt"]},{"damage_healed":0,"gold_gain":0,"player_choice":"Success","damage_taken":18,"relics_obtained":["War Paint"],"max_hp_gain":0,"max_hp_loss":0,"event_name":"Scrap Ooze","floor":3,"gold_loss":0},{"damage_healed":0,"gold_gain":0,"player_choice":"Grow","damage_taken":0,"max_hp_gain":0,"max_hp_loss":0,"event_name":"Living Wall","floor":5,"gold_loss":0,"cards_upgraded":["Metamorphosis"]},{"damage_healed":19,"gold_gain":0,"player_choice":"Healed","damage_taken":0,"max_hp_gain":0,"max_hp_loss":0,"event_name":"The Cleric","floor":8,"gold_loss":35},{"damage_healed":0,"gold_gain":0,"player_choice":"Paid Fearfully","damage_taken":0,"max_hp_gain":0,"max_hp_loss":0,"event_name":"Masked Bandits","floor":22,"gold_loss":64},{"damage_healed":0,"gold_gain":0,"player_choice":"Ignored","damage_taken":0,"max_hp_gain":0,"max_hp_loss":0,"event_name":"Vampires","floor":29,"gold_loss":0},{"damage_healed":0,"gold_gain":0,"player_choice":"1 cards matched","damage_taken":0,"max_hp_gain":0,"max_hp_loss":0,"event_name":"Match and Keep!","floor":31,"gold_loss":0,"cards_obtained":["Underhanded Strike"]},{"damage_healed":0,"gold_gain":0,"player_choice":"Upgraded","damage_taken":0,"max_hp_gain":0,"max_hp_loss":0,"event_name":"Upgrade Shrine","floor":36,"gold_loss":0,"cards_upgraded":["Cloak And Dagger"]}],"is_beta":true,"boss_relics":[{"not_picked":["Calling Bell","Tiny House"],"picked":"Ring of the Serpent"},{"not_picked":["Philosopher\u0027s Stone","Sozu"],"picked":"Black Star"}],"items_purged_floors":[4,20,37],"is_endless":false,"potions_floor_spawned":[6,7,12,14,18,24,28,41,46,48],"ascension_level":4}