{"gold_per_floor":[116,128,58,58,58,89,105,105,105,105,133,133,145,176,176,271,271,211,211,1,1,1,1,1,1,1,1,1,1,1],"floor_reached":30,"playtime":1415,"items_purged":[],"score":266,"play_id":"21d9e22a-9609-4dcb-966b-3e3ff70ef619","local_time":"20190202140503","is_ascension_mode":false,"campfire_choices":[{"data":"Metallicize","floor":10,"key":"SMITH"},{"floor":12,"key":"REST"},{"data":"Whirlwind","floor":15,"key":"SMITH"},{"floor":23,"key":"REST"},{"floor":29,"key":"REST"}],"neow_cost":"NONE","seed_source_timestamp":99771568121066,"circlet_count":0,"master_deck":["Strike_R","Strike_R","Strike_R","Strike_R","Defend_R+1","Defend_R","Defend_R","Defend_R+1","Bash","Armaments","Metallicize","Metallicize+1","Iron Wave","Perfected Strike","Heavy Blade","Whirlwind+1","Reaper","Immolate","Body Slam","Heavy Blade","Rampage","Mind Blast","Combust","Seeing Red","Berserk","Perfected Strike+1"],"relics":["Burning Blood","Strawberry","Incense Burner","Champion Belt","Darkstone Periapt","War Paint","Ectoplasm","MawBank","Question Card"],"potions_floor_usage":[16,28],"damage_taken":[{"damage":0,"enemies":"2 Louse","floor":1,"turns":3},{"damage":8,"enemies":"Jaw Worm","floor":2,"turns":4},{"damage":29,"enemies":"3 Sentries","floor":6,"turns":12},{"damage":1,"enemies":"Cultist","floor":7,"turns":5},{"damage":8,"enemies":"Lagavulin","floor":11,"turns":8},{"damage":12,"enemies":"Lots of Slimes","floor":13,"turns":6},{"damage":11,"enemies":"3 Sentries","floor":14,"turns":7},{"damage":61,"enemies":"Hexaghost","floor":16,"turns":17},{"damage":31,"enemies":"2 Thieves","floor":18,"turns":3},{"damage":10,"enemies":"Spheric Guardian","floor":21,"turns":4},{"damage":12,"enemies":"Snecko","floor":22,"turns":5},{"damage":49,"enemies":"Gremlin Leader","floor":25,"turns":6},{"damage":42,"enemies":"Centurion and Healer","floor":28,"turns":5},{"damage":58,"enemies":"Book of Stabbing","floor":30,"turns":4}],"seed_played":"3151516286477290037","potions_obtained":[{"floor":1,"key":"Block Potion"},{"floor":2,"key":"SkillPotion"},{"floor":7,"key":"EssenceOfSteel"},{"floor":16,"key":"SpeedPotion"},{"floor":28,"key":"GamblersBrew"}],"is_trial":false,"path_per_floor":["M","M","$","?","$","E","M","?","T","R","E","R","M","E","R","B",null,"M","?","$","M","M","R","$","E","T","$","M","R","E"],"character_chosen":"IRONCLAD","items_purchased":["Metallicize","Rampage","Mind Blast","Combust"],"campfire_rested":3,"item_purchase_floors":[3,20,20,20],"current_hp_per_floor":[87,85,85,90,90,67,72,72,72,72,70,92,86,81,81,32,92,75,75,75,71,65,92,92,49,49,49,17,44,0],"gold":1,"neow_bonus":"RANDOM_COMMON_RELIC","is_prod":false,"is_daily":false,"chose_seed":false,"campfire_upgraded":2,"win_rate":0.0,"timestamp":1549137903,"path_taken":["M","M","$","?","$","E","M","?","T","R","E","R","M","E","R","BOSS","M","?","$","?","M","R","$","E","T","?","?","R","E"],"build_version":"2019-01-23","purchased_purges":0,"victory":false,"max_hp_per_floor":[87,87,87,92,92,92,92,92,92,92,92,92,92,92,92,92,92,92,92,92,92,92,92,92,92,92,92,92,92,92],"card_choices":[{"not_picked":["Anger","Entrench"],"picked":"Armaments","floor":1},{"not_picked":["Sword Boomerang","Cleave"],"picked":"Metallicize","floor":2},{"not_picked":["Anger","Spot Weakness"],"picked":"Iron Wave","floor":6},{"not_picked":["Heavy Blade","Body Slam"],"picked":"Perfected Strike","floor":7},{"not_picked":["Bludgeon","Wild Strike"],"picked":"Heavy Blade","floor":11},{"not_picked":["Iron Wave","Pommel Strike"],"picked":"Whirlwind","floor":13},{"not_picked":["Warcry","Iron Wave"],"picked":"Reaper","floor":14},{"not_picked":["Bludgeon","Limit Break"],"picked":"Immolate","floor":16},{"not_picked":["Armaments+1","Disarm"],"picked":"Body Slam","floor":18},{"not_picked":["Carnage","Body Slam"],"picked":"Seeing Red","floor":21},{"not_picked":["Inflame","Infernal Blade"],"picked":"Berserk","floor":22},{"not_picked":["Shrug It Off","Disarm"],"picked":"Perfected Strike+1","floor":25},{"not_picked":["Thunderclap+1","Seeing Red","Bloodletting","Armaments+1"],"picked":"SKIP","floor":28}],"player_experience":71118,"relics_obtained":[{"floor":6,"key":"Incense Burner"},{"floor":9,"key":"Champion Belt"},{"floor":11,"key":"Darkstone Periapt"},{"floor":14,"key":"War Paint"},{"floor":25,"key":"MawBank"},{"floor":26,"key":"Question Card"}],"event_choices":[{"damage_healed":0,"gold_gain":0,"player_choice":"Donut","damage_taken":0,"max_hp_gain":5,"max_hp_loss":0,"event_name":"Big Fish","floor":4,"gold_loss":0},{"damage_healed":0,"gold_gain":0,"player_choice":"Ignored","damage_taken":0,"max_hp_gain":0,"max_hp_loss":0,"event_name":"NoteForYourself","floor":8,"gold_loss":0},{"damage_healed":0,"gold_gain":0,"cards_transformed":["Strike_R"],"player_choice":"Transformed","damage_taken":0,"max_hp_gain":0,"max_hp_loss":0,"event_name":"Transmorgrifier","floor":19,"gold_loss":0,"cards_obtained":["Heavy Blade"]}],"is_beta":false,"boss_relics":[{"not_picked":["Snecko Eye","Calling Bell"],"picked":"Ectoplasm"}],"items_purged_floors":[],"is_endless":false,"potions_floor_spawned":[1,2,7,11,16,18,28],"killed_by":"Book of Stabbing","ascension_level":0}