{"gold_per_floor":[114,133,208,227,241,257,268,268,268,268,268,294,244,260,260,260],"floor_reached":16,"playtime":643,"items_purged":[],"score":94,"play_id":"7c5f2fb9-3ffe-4806-8ba8-b4653292f109","local_time":"20190112065703","is_ascension_mode":false,"campfire_choices":[{"data":"Leg Sweep","floor":8,"key":"SMITH"},{"data":"Neutralize","floor":11,"key":"SMITH"},{"data":"Outmaneuver","floor":15,"key":"SMITH"}],"neow_cost":"NONE","seed_source_timestamp":139407692231177,"circlet_count":0,"master_deck":["Defend_G","Defend_G","Defend_G","Defend_G","Strike_G","Strike_G","Strike_G","Strike_G","Survivor","Neutralize+1","Leg Sweep+1","Flying Knee","Backflip","Outmaneuver+1","Escape Plan","Terror"],"relics":["Ring of the Snake"],"potions_floor_usage":[7,16],"damage_taken":[{"damage":0,"enemies":"Small Slimes","floor":1,"turns":5},{"damage":2,"enemies":"Jaw Worm","floor":2,"turns":7},{"damage":0,"enemies":"2 Louse","floor":4,"turns":3},{"damage":4,"enemies":"Blue Slaver","floor":5,"turns":4},{"damage":0,"enemies":"3 Louse","floor":6,"turns":6},{"damage":0,"enemies":"Looter","floor":7,"turns":4},{"damage":4,"enemies":"The Mushroom Lair","floor":12,"turns":7},{"damage":1,"enemies":"Red Slaver","floor":14,"turns":6},{"damage":65,"enemies":"Slime Boss","floor":16,"turns":11}],"seed_played":"-4628135842836003295","potions_obtained":[{"floor":2,"key":"Energy Potion"},{"floor":4,"key":"Explosive Potion"},{"floor":14,"key":"FairyPotion"}],"is_trial":false,"path_per_floor":["M","M","?","M","M","M","M","R","T","?","R","?","?","M","R","B"],"character_chosen":"THE_SILENT","items_purchased":[],"campfire_rested":0,"item_purchase_floors":[],"current_hp_per_floor":[77,75,64,64,60,60,60,60,60,53,53,49,49,48,48,0],"gold":260,"neow_bonus":"TEN_PERCENT_HP_BONUS","is_prod":false,"is_daily":false,"chose_seed":false,"campfire_upgraded":3,"win_rate":0,"timestamp":1547276223,"path_taken":["M","M","?","M","M","M","M","R","T","?","R","?","?","?","R","BOSS"],"build_version":"2019-01-10","purchased_purges":0,"victory":false,"max_hp_per_floor":[77,77,77,77,77,77,77,77,77,77,77,77,77,77,77,77],"card_choices":[{"not_picked":["Poisoned Stab","Expertise"],"picked":"Leg Sweep","floor":1},{"not_picked":["Prepared","Bane"],"picked":"Flying Knee","floor":2},{"not_picked":["Infinite Blades","Eviscerate","Prepared"],"picked":"SKIP","floor":4},{"not_picked":["Blade Dance","Flechettes"],"picked":"Backflip","floor":5},{"not_picked":["PiercingWail","Backflip"],"picked":"Outmaneuver","floor":6},{"not_picked":["Dodge and Roll","Backflip"],"picked":"Escape Plan","floor":7},{"not_picked":["Bane","Cloak And Dagger"],"picked":"Terror","floor":14}],"player_experience":405897,"relics_obtained":[],"event_choices":[{"damage_healed":0,"gold_gain":75,"player_choice":"Gather Gold","damage_taken":11,"max_hp_gain":0,"max_hp_loss":0,"event_name":"World of Goop","floor":3,"gold_loss":0},{"cards_removed":["Defend_G"],"damage_healed":0,"gold_gain":0,"player_choice":"Card Removal","damage_taken":7,"max_hp_gain":0,"max_hp_loss":0,"event_name":"Golden Wing","floor":10,"gold_loss":0},{"damage_healed":0,"gold_gain":0,"player_choice":"Fought Mushrooms","damage_taken":0,"max_hp_gain":0,"max_hp_loss":0,"event_name":"Mushrooms","floor":12,"gold_loss":0},{"cards_removed":["Strike_G"],"damage_healed":0,"gold_gain":0,"player_choice":"Card Removal","damage_taken":0,"max_hp_gain":0,"max_hp_loss":0,"event_name":"The Cleric","floor":13,"gold_loss":50}],"is_beta":true,"boss_relics":[],"items_purged_floors":[],"is_endless":false,"potions_floor_spawned":[2,4,14],"killed_by":"Slime Boss","ascension_level":0}