{"gold_per_floor":[117,77,87,97,97,97,109,139,139,139,54,54,54,54,54,152,152,165,264,279,279,295,38,57,57,57,57,70,70,89,103,103,103],"floor_reached":33,"playtime":1421,"items_purged":["Streamline"],"score":346,"play_id":"72f58ff8-7f5d-422d-973d-72b4c4aa3df8","local_time":"20190115025617","is_ascension_mode":true,"campfire_choices":[{"floor":6,"key":"DIG"},{"floor":10,"key":"REST"},{"floor":12,"key":"DIG"},{"floor":15,"key":"DIG"},{"floor":25,"key":"DIG"},{"floor":27,"key":"DIG"},{"data":"Chrysalis","floor":29,"key":"SMITH"},{"data":"Coolheaded","floor":32,"key":"SMITH"}],"neow_cost":"PERCENT_DAMAGE","seed_source_timestamp":383393355945771,"circlet_count":0,"master_deck":["Strike_B","Strike_B","Defend_B","Defend_B","Defend_B","Defend_B","Zap","Dualcast","Coolheaded+1","Darkness","Leap","Purity","Biased Cognition","Go for the Eyes+1","Self Repair","FTL+1","Chrysalis+1","Sweeping Beam+1"],"relics":["Cracked Core","Shovel","Thread and Needle","Shuriken","Cables","Molten Egg 2","Gremlin Horn","Meat on the Bone","Empty Cage","Emotion Chip","Kunai","Ancient Tea Set"],"potions_floor_usage":[8,8,16,18,20,28,28,31,33],"damage_taken":[{"damage":8,"enemies":"Small Slimes","floor":1,"turns":3},{"damage":1,"enemies":"Cultist","floor":3,"turns":3},{"damage":2,"enemies":"Jaw Worm","floor":4,"turns":5},{"damage":6,"enemies":"Red Slaver","floor":7,"turns":6},{"damage":6,"enemies":"3 Sentries","floor":8,"turns":5},{"damage":27,"enemies":"Slime Boss","floor":16,"turns":10},{"damage":3,"enemies":"Chosen","floor":18,"turns":6},{"damage":14,"enemies":"3 Byrds","floor":20,"turns":5},{"damage":17,"enemies":"Snake Plant","floor":22,"turns":4},{"damage":9,"enemies":"Centurion and Healer","floor":24,"turns":6},{"damage":4,"enemies":"3 Cultists","floor":28,"turns":4},{"damage":10,"enemies":"Shelled Parasite and Fungi","floor":30,"turns":4},{"damage":20,"enemies":"Centurion and Healer","floor":31,"turns":4},{"damage":56,"enemies":"Collector","floor":33,"turns":7}],"seed_played":"6154241965966561452","potions_obtained":[{"floor":2,"key":"SteroidPotion"},{"floor":2,"key":"Block Potion"},{"floor":2,"key":"PowerPotion"},{"floor":8,"key":"SkillPotion"},{"floor":16,"key":"Ancient Potion"},{"floor":18,"key":"SpeedPotion"},{"floor":21,"key":"AttackPotion"},{"floor":21,"key":"PowerPotion"},{"floor":21,"key":"FearPotion"},{"floor":22,"key":"SkillPotion"},{"floor":28,"key":"LiquidBronze"}],"is_trial":false,"path_per_floor":["M","?","M","M","?","R","M","E","T","R","$","R","$","T","R","B",null,"M","?","M","?","M","$","M","R","T","R","M","R","M","M","R","B"],"character_chosen":"DEFECT","items_purchased":["Purity","Chrysalis"],"campfire_rested":1,"item_purchase_floors":[11,23],"current_hp_per_floor":[42,42,41,39,32,32,26,20,20,42,42,42,42,42,42,27,63,60,60,46,46,48,48,46,46,46,46,42,42,51,50,50,0],"gold":103,"neow_bonus":"ONE_RARE_RELIC","is_prod":false,"is_daily":false,"chose_seed":false,"campfire_upgraded":2,"win_rate":0,"timestamp":1547520977,"path_taken":["M","?","?","M","?","R","?","E","T","R","?","R","$","?","R","BOSS","M","?","M","?","M","$","M","R","T","R","M","R","M","M","R","BOSS"],"build_version":"2019-01-10","purchased_purges":1,"victory":false,"max_hp_per_floor":[75,75,75,75,75,75,75,75,75,75,75,75,75,75,75,75,75,75,75,75,75,75,75,75,75,75,75,75,75,75,75,75,75],"card_choices":[{"not_picked":["Compile Driver","Rebound","Conserve Battery"],"picked":"SKIP","floor":1},{"not_picked":["Cold Snap","Barrage"],"picked":"Coolheaded","floor":3},{"not_picked":["Static Discharge","Steam"],"picked":"Streamline","floor":4},{"not_picked":["Streamline","Steam"],"picked":"Darkness","floor":7},{"not_picked":["Aggregate","Hyperbeam"],"picked":"Leap","floor":8},{"not_picked":["Meteor Strike+1","Buffer"],"picked":"Biased Cognition","floor":16},{"not_picked":["Steam Power","Force Field+1"],"picked":"Go for the Eyes+1","floor":18},{"not_picked":["Turbo","Hologram"],"picked":"Self Repair","floor":20},{"not_picked":["Streamline+1","Hologram"],"picked":"FTL+1","floor":22},{"not_picked":["Aggregate","Beam Cell+1"],"picked":"Sweeping Beam+1","floor":24},{"not_picked":["Rebound+1","Leap","Stack"],"picked":"SKIP","floor":28},{"not_picked":["Beam Cell+1","Redo","Barrage+1"],"picked":"SKIP","floor":30},{"not_picked":["Thunder Strike+1","Leap","Steam"],"picked":"SKIP","floor":31}],"player_experience":415167,"relics_obtained":[{"floor":6,"key":"Thread and Needle"},{"floor":8,"key":"Shuriken"},{"floor":9,"key":"Cables"},{"floor":12,"key":"Molten Egg 2"},{"floor":14,"key":"Gremlin Horn"},{"floor":15,"key":"Meat on the Bone"},{"floor":25,"key":"Emotion Chip"},{"floor":26,"key":"Kunai"},{"floor":27,"key":"Ancient Tea Set"}],"event_choices":[{"damage_healed":0,"gold_gain":0,"player_choice":"Bought 3 Potions","damage_taken":0,"max_hp_gain":0,"max_hp_loss":0,"event_name":"The Woman in Blue","floor":2,"gold_loss":0},{"damage_healed":0,"gold_gain":0,"player_choice":"Damaged","damage_taken":7,"max_hp_gain":0,"max_hp_loss":0,"event_name":"Wheel of Change","floor":5,"gold_loss":0},{"damage_healed":0,"gold_gain":99,"player_choice":"Stole From Cult","damage_taken":0,"max_hp_gain":0,"max_hp_loss":0,"event_name":"Nest","floor":19,"gold_loss":0},{"damage_healed":0,"gold_gain":0,"player_choice":"Got Potions","damage_taken":0,"max_hp_gain":0,"max_hp_loss":0,"event_name":"Lab","floor":21,"gold_loss":0}],"is_beta":true,"boss_relics":[{"not_picked":["Lizard Tail","Runic Dome"],"picked":"Empty Cage"}],"items_purged_floors":[23],"is_endless":false,"potions_floor_spawned":[7,8,16,18,22,28],"killed_by":"Collector","ascension_level":8}