{"path_per_floor":["M","?","T","?","M","?","?","R","T","$","M","$","E","M","R","B",null,"M","$","M","?","?","R","?","E","T","R","?","M","M","T","R","B",null,"M","M","M","$","?","E","R","E","T"],"character_chosen":"THE_SILENT","items_purchased":["Acrobatics","Well Laid Plans","Backstab","Medical Kit","Footwork","Purity","Block Potion"],"gold_per_floor":[115,115,115,115,136,136,136,136,136,112,130,14,57,76,76,207,207,220,12,36,36,36,36,36,71,95,95,10,28,42,42,42,172,172,191,215,229,4,4,44,44,83,83],"floor_reached":44,"campfire_rested":1,"playtime":4003,"current_hp_per_floor":[70,70,70,63,63,63,63,63,63,63,66,66,70,65,65,70,70,60,60,68,68,68,70,70,67,67,70,70,66,61,61,70,34,70,69,65,68,68,68,24,70,6,6],"items_purged":[],"gold":83,"score":482,"play_id":"a0a84ce8-3163-4ad5-8a3d-3de3906820fd","is_prod":false,"is_daily":false,"is_ascension_mode":false,"campfire_upgraded":5,"path_taken":["M","?","?","?","?","?","?","R","T","$","M","?","E","M","R","BOSS","M","$","M","?","?","R","?","E","T","R","?","M","?","?","R","BOSS","M","M","M","$","?","E","R","E","T","M"],"build_version":"2018-02-15-PROD1","purchased_purges":0,"victory":false,"master_deck":["Defend_G+1","Defend_G+1","Defend_G+1","Strike_G+1","Strike_G+1","Strike_G+1","Survivor","Neutralize","Caltrops+1","Eviscerate+1","Terror+1","Footwork","Infinite Blades+1","Calculated Gamble+1","Die Die Die","Acrobatics","Calculated Gamble+1","Well Laid Plans+1","Backstab","PiercingWail","Blur","Adrenaline","Deflect+1","Calculated Gamble+1","Dark Shackles","Choke+1","Prepared+1","PiercingWail","Night Terror","Dagger Throw","Footwork","Purity","Skewer","Leg Sweep+1"],"max_hp_per_floor":[70,70,70,70,70,70,70,70,70,70,70,70,70,70,70,70,70,70,70,70,70,70,70,70,70,70,70,70,70,70,70,70,70,70,70,70,70,70,70,70,70,70,70],"relics":["Astrolabe","Golden Idol","Dream Catcher","Orichalcum","Bird Faced Urn","Happy Flower","Eternal Feather","Medical Kit","Mummified Hand","Regal Pillow","Snake Skull","Bag of Preparation","Philosopher\u0027s Stone","Gremlin Horn","Paper Crane","Lantern"],"card_choices":[{"not_picked":["Acrobatics","Masterful Stab"],"picked":"Footwork"},{"not_picked":["Outmaneuver","Flying Knee"],"picked":"Infinite Blades"},{"not_picked":["Bouncing Flask","Outmaneuver"],"picked":"Calculated Gamble"},{"not_picked":["Dash","Outmaneuver"],"picked":"PiercingWail"},{"not_picked":["Backflip","Flying Knee"],"picked":"Blur"},{"not_picked":["Glass Knife","A Thousand Cuts"],"picked":"Adrenaline"},{"not_picked":["Flying Knee","Sucker Punch"],"picked":"Deflect"},{"not_picked":["Sucker Punch","Slice"],"picked":"Prepared"},{"not_picked":["Malaise","Flying Knee"],"picked":"PiercingWail"},{"not_picked":["Unload","Burst"],"picked":"Night Terror"},{"not_picked":["Deadly Poison","PiercingWail"],"picked":"Dagger Throw"},{"not_picked":["Well Laid Plans","Footwork"],"picked":"Skewer"},{"not_picked":["Deadly Poison","Sucker Punch"],"picked":"Leg Sweep"}],"player_experience":3896,"potions_floor_usage":[33,33,33,40,42],"damage_taken":[{"damage":0.0,"enemies":"Jaw Worm","floor":1.0,"turns":4.0},{"damage":0.0,"enemies":"2 Louse","floor":5.0,"turns":3.0},{"damage":1.0,"enemies":"Small Slimes","floor":11.0,"turns":3.0},{"damage":2.0,"enemies":"3 Sentries","floor":13.0,"turns":6.0},{"damage":5.0,"enemies":"Exordium Thugs","floor":14.0,"turns":4.0},{"damage":0.0,"enemies":"Slime Boss","floor":16.0,"turns":8.0},{"damage":10.0,"enemies":"Chosen","floor":18.0,"turns":4.0},{"damage":0.0,"enemies":"Shell Parasite","floor":20.0,"turns":4.0},{"damage":3,"enemies":"Book of Stabbing","floor":25,"turns":5},{"damage":4,"enemies":"Centurion and Healer","floor":29,"turns":8},{"damage":9,"enemies":"Snecko","floor":30,"turns":4},{"damage":38,"enemies":"Automaton","floor":33,"turns":8},{"damage":1,"enemies":"3 Darklings","floor":35,"turns":5},{"damage":5,"enemies":"3 Shapes","floor":36,"turns":4},{"damage":5,"enemies":"3 Darklings","floor":37,"turns":6},{"damage":50,"enemies":"Nemesis","floor":40,"turns":9},{"damage":70,"enemies":"Giant Head","floor":42,"turns":8},{"damage":6,"enemies":"Maw","floor":44,"turns":3}],"event_choices":[{"event_name":"Golden Idol","player_choice":"Take Wound","floor":2.0,"damage_taken":0.0},{"event_name":"Scrap Ooze","player_choice":"success","floor":4.0,"damage_taken":7.0},{"event_name":"Match and Keep!","player_choice":"2 cards matched","floor":6.0,"damage_taken":0.0},{"event_name":"Living Wall","player_choice":"Forget","floor":7.0,"damage_taken":0.0},{"event_name":"Duplicator","player_choice":"One dupe","floor":21.0,"damage_taken":0.0},{"event_name":"Match and Keep!","player_choice":"2 cards matched","floor":22,"damage_taken":0},{"event_name":"Back to Basics","player_choice":"Simplicity","floor":24,"damage_taken":0},{"event_name":"Addict","player_choice":"Obtained Relic","floor":28,"damage_taken":0}],"boss_relics":[{"not_picked":["Velvet Choker","Lizard Tail"],"picked":"Philosopher\u0027s Stone"}],"potions_floor_spawned":[1,11,16,20,25,35,37],"seed_played":"-6950975687513825782","killed_by":"Maw","ascension_level":0,"is_trial":false}