{"gold_per_floor":[116,134,134,28,28,28,62,87,87,111,145,145,163,199,199,297,297,310,42,57,70,12,12,27,27,52,52],"floor_reached":27,"playtime":849,"items_purged":["Strike_B"],"score":516,"play_id":"b9a04901-82fd-4b4c-9290-ca5a621f9eed","local_time":"20190202030703","is_ascension_mode":true,"campfire_choices":[{"data":"Zap","floor":6.0,"key":"SMITH"},{"floor":12,"key":"REST"},{"data":"Hologram","floor":15,"key":"SMITH"},{"floor":23,"key":"REST"}],"neow_cost":"NONE","seed_source_timestamp":25950265902984,"circlet_count":0,"master_deck":["AscendersBane","Strike_B","Strike_B","Strike_B","Defend_B+1","Defend_B","Defend_B","Defend_B+1","Zap+1","Dualcast","Gash","Coolheaded","Glacier","Rebound","Gash","Hologram+1","Chill","Reboot","Cold Snap","Go for the Eyes","Rainbow","Ball Lightning","Go for the Eyes","Go for the Eyes","Defragment","Beam Cell","Chaos","Writhe"],"special_seed":0,"relics":["Cracked Core","NeowsBlessing","Golden Idol","War Paint","Strawberry","Bottled Lightning","Oddly Smooth Stone","Lantern","Runic Dome","Bag of Marbles","Toxic Egg 2","Omamori"],"potions_floor_usage":[10,11,14,16,21,27],"damage_taken":[{"damage":0.0,"enemies":"Small Slimes","floor":1.0,"turns":1.0},{"damage":0.0,"enemies":"2 Louse","floor":2.0,"turns":1.0},{"damage":0.0,"enemies":"Lagavulin","floor":7.0,"turns":1.0},{"damage":1.0,"enemies":"Jaw Worm","floor":8.0,"turns":4.0},{"damage":22,"enemies":"Gremlin Gang","floor":10,"turns":5},{"damage":31,"enemies":"Gremlin Nob","floor":11,"turns":4},{"damage":0,"enemies":"Looter","floor":13,"turns":3},{"damage":4,"enemies":"3 Sentries","floor":14,"turns":7},{"damage":13,"enemies":"Hexaghost","floor":16,"turns":13},{"damage":22,"enemies":"Chosen","floor":18,"turns":5},{"damage":4,"enemies":"2 Thieves","floor":20,"turns":4},{"damage":16,"enemies":"Shelled Parasite and Fungi","floor":21,"turns":6},{"damage":3,"enemies":"Snecko","floor":24,"turns":6},{"damage":35,"enemies":"Book of Stabbing","floor":27,"turns":7}],"seed_played":"-6371875642901812191","potions_obtained":[{"floor":7.0,"key":"SkillPotion"},{"floor":10,"key":"Fire Potion"},{"floor":11,"key":"Block Potion"},{"floor":13,"key":"SkillPotion"},{"floor":16,"key":"Fire Potion"},{"floor":21,"key":"Ancient Potion"},{"floor":24,"key":"GamblersBrew"}],"is_trial":false,"path_per_floor":["M","M","?","$","?","R","E","M","T","M","E","R","M","E","R","B",null,"M","$","M","M","$","R","M","?","T","E"],"character_chosen":"DEFECT","items_purchased":["Glacier","Rebound","Bag of Marbles","Go for the Eyes","Beam Cell"],"campfire_rested":2,"item_purchase_floors":[4,4,19,19,22],"current_hp_per_floor":[64,64,64,64,53,53,60,59,59,37,6,27,27,23,23,10,56,34,34,30,14,14,35,32,32,32,0],"gold":52,"neow_bonus":"THREE_ENEMY_KILL","is_prod":false,"is_daily":false,"chose_seed":false,"campfire_upgraded":2,"win_rate":0,"timestamp":1549105623,"path_taken":["M","M","?","$","?","R","E","M","T","?","E","R","M","E","R","BOSS","M","$","M","?","$","R","M","?","T","E"],"build_version":"2019-01-23","purchased_purges":1,"victory":false,"max_hp_per_floor":[71,71,64,64,64,64,71,71,71,71,71,71,71,71,71,71,71,71,71,71,71,71,71,71,71,71,71],"card_choices":[{"not_picked":["Coolheaded","Turbo"],"picked":"Gash","floor":1.0},{"not_picked":["Turbo","Static Discharge"],"picked":"Coolheaded","floor":2.0},{"not_picked":["FTL","Turbo"],"picked":"Gash","floor":7.0},{"not_picked":["Ball Lightning","Conserve Battery"],"picked":"Hologram","floor":8.0},{"not_picked":["Steam","Loop"],"picked":"Chill","floor":10},{"not_picked":["Reprogram","Sweeping Beam"],"picked":"Reboot","floor":11},{"not_picked":["Leap","Chill"],"picked":"Cold Snap","floor":13},{"not_picked":["Sweeping Beam","Doom and Gloom"],"picked":"Go for the Eyes","floor":14},{"not_picked":["Multi-Cast","Biased Cognition"],"picked":"Rainbow","floor":16},{"not_picked":["Compile Driver","Blizzard"],"picked":"Ball Lightning","floor":18},{"not_picked":["Aggregate","Turbo"],"picked":"Go for the Eyes","floor":20},{"not_picked":["Turbo","Coolheaded"],"picked":"Defragment","floor":21},{"not_picked":["Turbo","Ball Lightning"],"picked":"Chaos","floor":24}],"player_experience":1091747,"relics_obtained":[{"floor":7.0,"key":"Strawberry"},{"floor":9.0,"key":"Bottled Lightning"},{"floor":11,"key":"Oddly Smooth Stone"},{"floor":14,"key":"Lantern"},{"floor":26,"key":"Omamori"}],"event_choices":[{"damage_healed":0.0,"max_hp_gain":0.0,"max_hp_loss":7.0,"gold_gain":0.0,"event_name":"Golden Idol","player_choice":"Lose Max HP","floor":3.0,"gold_loss":0.0,"damage_taken":0.0,"relics_obtained":["Golden Idol"]},{"damage_healed":0.0,"max_hp_gain":0.0,"max_hp_loss":0.0,"gold_gain":0.0,"event_name":"Scrap Ooze","player_choice":"Success","floor":5.0,"gold_loss":0.0,"damage_taken":11.0,"relics_obtained":["War Paint"]},{"damage_healed":0,"gold_gain":0,"player_choice":"Opened","damage_taken":0,"relics_obtained":["Toxic Egg 2"],"max_hp_gain":0,"max_hp_loss":0,"event_name":"The Mausoleum","floor":25,"gold_loss":0,"cards_obtained":["Writhe"]}],"is_beta":true,"boss_relics":[{"not_picked":["Fusion Hammer","Calling Bell"],"picked":"Runic Dome"}],"items_purged_floors":[19],"is_endless":false,"potions_floor_spawned":[7,10,11,13,16,21,24],"killed_by":"Book of Stabbing","ascension_level":20}