{"gold_per_floor":[111,128,128,128,303,303,338,338,387,414,426,426,426,436,436,436],"floor_reached":16,"playtime":290,"items_purged":[],"score":206,"play_id":"1ad41ad7-a3cb-4ebe-9043-06509b8b3c36","local_time":"20190130203111","is_ascension_mode":true,"campfire_choices":[{"data":"Calculated Gamble","floor":6,"key":"SMITH"},{"data":"Neutralize","floor":8,"key":"SMITH"},{"floor":15,"key":"REST"}],"neow_cost":"NONE","seed_source_timestamp":1743821029333113,"circlet_count":0,"master_deck":["AscendersBane","Defend_G","Defend_G+1","Defend_G","Defend_G","Defend_G+1","Strike_G","Strike_G","Strike_G","Strike_G","Strike_G","Survivor","Neutralize+1","Escape Plan","Calculated Gamble+1","Doubt","Reflex","Calculated Gamble","PiercingWail"],"relics":["Ring of the Snake","NeowsBlessing","Boot","Incense Burner","Smiling Mask","Ginger"],"potions_floor_usage":[10],"damage_taken":[{"damage":0,"enemies":"Jaw Worm","floor":1,"turns":1},{"damage":0,"enemies":"2 Louse","floor":2,"turns":1},{"damage":0,"enemies":"3 Sentries","floor":7,"turns":1},{"damage":36,"enemies":"Gremlin Nob","floor":10,"turns":5},{"damage":5,"enemies":"Small Slimes","floor":11,"turns":4},{"damage":3,"enemies":"2 Fungi Beasts","floor":14,"turns":5},{"damage":0,"enemies":"Slime Boss","floor":16,"turns":1}],"seed_played":"-4575668852477254157","potions_obtained":[{"floor":7,"key":"Poison Potion"},{"floor":10,"key":"LiquidBronze"},{"floor":14,"key":"FearPotion"}],"is_trial":false,"path_per_floor":["M","M","?","?","?","R","E","R","T","E","M","?","?","M","R","B"],"character_chosen":"THE_SILENT","items_purchased":[],"campfire_rested":1,"item_purchase_floors":[],"current_hp_per_floor":[63,63,63,63,63,63,63,63,63,27,22,8,8,5,26,26],"gold":436,"neow_bonus":"THREE_ENEMY_KILL","is_prod":false,"is_daily":false,"chose_seed":false,"campfire_upgraded":2,"win_rate":0,"timestamp":1548880271,"path_taken":["M","M","?","?","?","R","E","R","T","E","M","?","?","?","R","BOSS"],"build_version":"2019-01-23","purchased_purges":0,"victory":false,"max_hp_per_floor":[70,70,70,70,70,70,70,70,70,70,70,70,70,70,70,70],"card_choices":[{"not_picked":["Poisoned Stab","Eviscerate"],"picked":"Escape Plan","floor":1},{"not_picked":["Sucker Punch","Quick Slash"],"picked":"Calculated Gamble","floor":2},{"not_picked":["Dash","Blade Dance","Dodge and Roll"],"picked":"SKIP","floor":7},{"not_picked":["Quick Slash","Masterful Stab"],"picked":"Reflex","floor":10},{"not_picked":["Dodge and Roll","Slice"],"picked":"Calculated Gamble","floor":11},{"not_picked":["Footwork","Quick Slash"],"picked":"PiercingWail","floor":14}],"player_experience":527773,"relics_obtained":[{"floor":7,"key":"Incense Burner"},{"floor":9,"key":"Smiling Mask"},{"floor":10,"key":"Ginger"}],"event_choices":[{"damage_healed":0,"gold_gain":0,"player_choice":"Box","damage_taken":0,"relics_obtained":["Boot"],"max_hp_gain":0,"max_hp_loss":0,"event_name":"Big Fish","floor":3,"gold_loss":0,"cards_obtained":["Regret"]},{"cards_removed":["Regret"],"damage_healed":0,"gold_gain":0,"player_choice":"Forget","damage_taken":0,"max_hp_gain":0,"max_hp_loss":0,"event_name":"Living Wall","floor":4,"gold_loss":0},{"damage_healed":0,"gold_gain":175,"player_choice":"AGREE","damage_taken":0,"max_hp_gain":0,"max_hp_loss":0,"event_name":"Liars Game","floor":5,"gold_loss":0,"cards_obtained":["Doubt"]},{"damage_healed":0,"gold_gain":0,"player_choice":"Entered Light","damage_taken":14,"max_hp_gain":0,"max_hp_loss":0,"event_name":"Shining Light","floor":12,"gold_loss":0,"cards_upgraded":["Defend_G","Defend_G"]},{"damage_healed":0,"gold_gain":0,"player_choice":"Searched \u00270\u0027 times","damage_taken":0,"max_hp_gain":0,"max_hp_loss":0,"event_name":"Dead Adventurer","floor":13,"gold_loss":0}],"is_beta":true,"boss_relics":[],"items_purged_floors":[],"is_endless":false,"potions_floor_spawned":[7,10,14],"killed_by":"Slime Boss","ascension_level":11}