{"gold_per_floor":[119,119,138,58,72,72,98,98,98,98,98,115,115,126,126,230,230,230,230,230,230,230,230,230,230,230,230,190,190,41,41,41,41,41,41,41,19,19,19,19,19,19,19,19,19,19,19,19,19,19],"floor_reached":50,"playtime":4340,"items_purged":["Strike_G"],"score":732,"play_id":"72c33a18-1a79-4bb9-9ef5-4108ae83014b","local_time":"20190209220453","is_ascension_mode":true,"campfire_choices":[{"data":"Infinite Blades","floor":6,"key":"SMITH"},{"floor":8,"key":"REST"},{"data":"Well Laid Plans","floor":11,"key":"SMITH"},{"data":"PiercingWail","floor":15,"key":"SMITH"},{"floor":23,"key":"REST"},{"floor":25,"key":"REST"},{"floor":27,"key":"REST"},{"floor":32,"key":"REST"},{"data":"Noxious Fumes","floor":40,"key":"SMITH"},{"floor":42,"key":"REST"},{"data":"Crippling Poison","floor":44,"key":"SMITH"},{"floor":49,"key":"REST"}],"neow_cost":"NONE","seed_source_timestamp":18850437742517,"circlet_count":0,"master_deck":["Defend_G","Defend_G","Defend_G","Defend_G","Defend_G","Strike_G","Strike_G","Strike_G","Survivor","Neutralize+1","Bullet Time","PiercingWail+1","Infinite Blades+1","Well Laid Plans+1","Grand Finale","Venomology","Acrobatics","RitualDagger+1","Backflip+1","Crippling Poison+1","Infinite Blades+1","Terror","Noxious Fumes+1","Backstab+1","Doubt","Doubt","Regret","Distraction+1","Backflip","Escape Plan","Escape Plan+1","Grand Finale","Prepared","PiercingWail"],"relics":["Ring of the Snake","Nunchaku","Pocketwatch","Paper Crane","Ectoplasm","Matryoshka","Bag of Marbles","Snake Skull","Thread and Needle","Calling Bell","Bag of Preparation","Ornamental Fan","Old Coin","Potion Belt","Singing Bowl","Sundial","Dodecahedron","Oddly Smooth Stone","Bottled Lightning"],"potions_floor_usage":[7,7,16,16,16,18,20,20,20,21,21,22,24,31,31,33,41,45,45,45,46,48,48,50,50,50],"damage_taken":[{"damage":4,"enemies":"2 Louse","floor":1,"turns":3},{"damage":1,"enemies":"Cultist","floor":3,"turns":7},{"damage":0,"enemies":"Jaw Worm","floor":5,"turns":5},{"damage":23,"enemies":"Gremlin Nob","floor":7,"turns":6},{"damage":0,"enemies":"Exordium Wildlife","floor":12,"turns":4},{"damage":6,"enemies":"3 Louse","floor":14,"turns":5},{"damage":12,"enemies":"Slime Boss","floor":16,"turns":7},{"damage":4,"enemies":"3 Byrds","floor":18,"turns":6},{"damage":31,"enemies":"Spheric Guardian","floor":20,"turns":8},{"damage":0,"enemies":"Snake Plant","floor":21,"turns":7},{"damage":8,"enemies":"Centurion and Healer","floor":22,"turns":11},{"damage":27,"enemies":"Slavers","floor":24,"turns":7},{"damage":4,"enemies":"Snecko","floor":29,"turns":6},{"damage":8,"enemies":"Book of Stabbing","floor":31,"turns":5},{"damage":20,"enemies":"Collector","floor":33,"turns":9},{"damage":3,"enemies":"3 Darklings","floor":35,"turns":6},{"damage":6,"enemies":"Orb Walker","floor":39,"turns":4},{"damage":9,"enemies":"Nemesis","floor":41,"turns":9},{"damage":7,"enemies":"Giant Head","floor":45,"turns":8},{"damage":16,"enemies":"Transient","floor":46,"turns":5},{"damage":21,"enemies":"Spire Growth","floor":48,"turns":7},{"damage":50,"enemies":"Time Eater","floor":50,"turns":10}],"seed_played":"-5312915451982267501","potions_obtained":[{"floor":1,"key":"Swift Potion"},{"floor":3,"key":"GhostInAJar"},{"floor":7,"key":"EntropicBrew"},{"floor":14,"key":"Strength Potion"},{"floor":18,"key":"SpeedPotion"},{"floor":29,"key":"Block Potion"},{"floor":33,"key":"Poison Potion"},{"floor":39,"key":"GamblersBrew"},{"floor":45,"key":"SteroidPotion"}],"is_trial":false,"path_per_floor":["M","?","M","$","M","R","E","R","T","?","R","M","T","M","R","B",null,"M","?","M","M","M","R","E","R","T","R","?","M","$","E","R","B",null,"M","T","$","T","M","R","E","R","T","R","E","M","$","M","R","B"],"character_chosen":"THE_SILENT","items_purchased":["Infinite Blades","Noxious Fumes","Backflip"],"campfire_rested":7,"item_purchase_floors":[4,30,37],"current_hp_per_floor":[59,59,58,58,58,58,35,56,56,56,56,56,56,50,50,38,62,58,52,21,21,13,34,7,28,28,49,49,45,45,37,58,38,62,59,59,59,59,53,53,44,65,65,65,58,42,42,21,42,0],"gold":19,"neow_bonus":"ONE_RANDOM_RARE_CARD","is_prod":false,"is_daily":false,"chose_seed":false,"campfire_upgraded":5,"win_rate":0,"timestamp":1549746293,"path_taken":["M","?","M","$","?","R","E","R","T","?","R","M","?","M","R","BOSS","M","?","M","M","M","R","E","R","T","R","?","M","$","E","R","BOSS","M","?","?","?","M","R","E","R","T","R","E","M","?","M","R","BOSS"],"build_version":"2019-01-23","purchased_purges":1,"victory":false,"max_hp_per_floor":[70,70,70,70,70,70,70,70,70,70,70,70,70,70,70,70,70,70,70,70,70,70,70,70,70,70,70,70,70,70,70,70,70,70,70,70,70,70,70,70,70,70,70,70,70,70,70,70,70,70],"card_choices":[{"not_picked":["Reflex","Bane"],"picked":"PiercingWail","floor":1},{"not_picked":["All Out Attack","Dagger Throw","Endless Agony"],"picked":"SKIP","floor":3},{"not_picked":["Deadly Poison","Poisoned Stab"],"picked":"Well Laid Plans","floor":5},{"not_picked":["Flying Knee","Dagger Throw","Flechettes"],"picked":"SKIP","floor":7},{"not_picked":["PiercingWail","Dodge and Roll","Sucker Punch"],"picked":"SKIP","floor":12},{"not_picked":["Prepared","Quick Slash"],"picked":"Grand Finale","floor":14},{"not_picked":["Burst","Envenom"],"picked":"Venomology","floor":16},{"not_picked":["Distraction","Slice"],"picked":"Acrobatics","floor":18},{"not_picked":["Poisoned Stab+1","Acrobatics"],"picked":"Backflip+1","floor":20},{"not_picked":["Sucker Punch","Blade Dance"],"picked":"Crippling Poison","floor":21},{"not_picked":["Underhanded Strike","Dagger Spray","Bane"],"picked":"SKIP","floor":22},{"not_picked":["Slice+1","Acrobatics"],"picked":"Infinite Blades+1","floor":24},{"not_picked":["Caltrops","Dagger Spray"],"picked":"Terror","floor":29},{"not_picked":["Slice+1","Dagger Throw+1"],"picked":"Backstab+1","floor":31},{"not_picked":["Calculated Gamble","Setup"],"picked":"Distraction+1","floor":35},{"not_picked":["Dash","Deadly Poison"],"picked":"Escape Plan","floor":39},{"not_picked":["Endless Agony","Dodge and Roll"],"picked":"Escape Plan+1","floor":41},{"not_picked":["Flying Knee+1","Outmaneuver"],"picked":"Grand Finale","floor":45},{"not_picked":["Outmaneuver+1","Blade Dance+1"],"picked":"Prepared","floor":46},{"not_picked":["Flying Knee+1","Accuracy"],"picked":"PiercingWail","floor":48}],"player_experience":265245,"relics_obtained":[{"floor":7,"key":"Nunchaku"},{"floor":9,"key":"Pocketwatch"},{"floor":13,"key":"Paper Crane"},{"floor":24,"key":"Matryoshka"},{"floor":26,"key":"Bag of Marbles"},{"floor":26,"key":"Snake Skull"},{"floor":31,"key":"Thread and Needle"},{"floor":34,"key":"Bag of Preparation"},{"floor":34,"key":"Ornamental Fan"},{"floor":34,"key":"Old Coin"},{"floor":36,"key":"Potion Belt"},{"floor":36,"key":"Singing Bowl"},{"floor":38,"key":"Sundial"},{"floor":41,"key":"Dodecahedron"},{"floor":43,"key":"Oddly Smooth Stone"},{"floor":45,"key":"Bottled Lightning"}],"event_choices":[{"cards_removed":["Strike_G"],"damage_healed":0,"gold_gain":0,"player_choice":"Purged","damage_taken":0,"max_hp_gain":0,"max_hp_loss":0,"event_name":"Purifier","floor":2,"gold_loss":0},{"damage_healed":0,"gold_gain":0,"player_choice":"Grow","damage_taken":0,"max_hp_gain":0,"max_hp_loss":0,"event_name":"Living Wall","floor":10,"gold_loss":0,"cards_upgraded":["Neutralize"]},{"damage_healed":0,"gold_gain":0,"player_choice":"Joined the Cult","damage_taken":6,"max_hp_gain":0,"max_hp_loss":0,"event_name":"Nest","floor":19,"gold_loss":0,"cards_obtained":["RitualDagger"]},{"damage_healed":0,"gold_gain":0,"player_choice":"Upgrade","damage_taken":0,"max_hp_gain":0,"max_hp_loss":0,"event_name":"Designer","floor":28,"gold_loss":40,"cards_upgraded":["RitualDagger"]}],"is_beta":false,"boss_relics":[{"not_picked":["Runic Pyramid","Ring of the Serpent"],"picked":"Ectoplasm"},{"not_picked":["Velvet Choker","Orrery"],"picked":"Calling Bell"}],"items_purged_floors":[30],"is_endless":false,"potions_floor_spawned":[1,3,7,14,18,29,33,39,45],"killed_by":"Time Eater","ascension_level":6}