{"gold_per_floor":[110,110,38,38,53,53,84,97,97,107,107,107,118,137,137],"floor_reached":15,"playtime":293,"items_purged":[],"score":97,"play_id":"7b5ad7d6-6210-4eed-892e-0aaa1f0b2b28","local_time":"20190109191240","is_ascension_mode":false,"campfire_choices":[{"floor":6.0,"key":"REST"},{"floor":11.0,"key":"REST"},{"floor":15,"key":"REST"}],"neow_cost":"NONE","seed_source_timestamp":0,"circlet_count":0,"master_deck":["Strike_R","Strike_R+1","Strike_R","Strike_R","Defend_R","Defend_R","Defend_R","Defend_R","Bash","Cleave+1","Disarm","Spot Weakness","Shrug It Off","Rage","Limit Break"],"special_seed":0,"relics":["Fusion Hammer","Potion Belt","Pantograph"],"potions_floor_usage":[],"damage_taken":[{"damage":6.0,"enemies":"Jaw Worm","floor":1.0,"turns":2.0},{"damage":0.0,"enemies":"2 Louse","floor":5.0,"turns":2.0},{"damage":17.0,"enemies":"Lagavulin","floor":7.0,"turns":5.0},{"damage":4.0,"enemies":"Cultist","floor":8.0,"turns":3.0},{"damage":15.0,"enemies":"Exordium Wildlife","floor":10.0,"turns":4.0},{"damage":0.0,"enemies":"Lots of Slimes","floor":13.0,"turns":1.0},{"damage":0.0,"enemies":"Exordium Thugs","floor":14.0,"turns":3.0}],"seed_played":"2908018861068299414","potions_obtained":[{"floor":8.0,"key":"Weak Potion"},{"floor":10.0,"key":"LiquidBronze"},{"floor":13.0,"key":"AttackPotion"},{"floor":14.0,"key":"Poison Potion"}],"is_trial":false,"path_per_floor":["M","?","$","?","M","R","E","M","T","M","R","?","M","M","R"],"character_chosen":"IRONCLAD","items_purchased":["Disarm"],"campfire_rested":3,"item_purchase_floors":[3],"current_hp_per_floor":[74,58,58,58,58,80,63,59,59,44,68,68,68,68,80],"gold":137,"neow_bonus":"BOSS_RELIC","is_prod":false,"is_daily":false,"chose_seed":false,"campfire_upgraded":0,"win_rate":0,"timestamp":1547061160,"path_taken":["M","?","$","?","M","R","E","?","T","M","R","?","?","M","R"],"build_version":"2019-01-08","purchased_purges":0,"victory":false,"max_hp_per_floor":[80,80,80,80,80,80,80,80,80,80,80,80,80,80,80],"card_choices":[{"not_picked":["Havoc","Pommel Strike"],"picked":"Cleave","floor":1.0},{"not_picked":["Combust","Heavy Blade","True Grit"],"picked":"SKIP","floor":5.0},{"not_picked":["Metallicize","Sever Soul"],"picked":"Spot Weakness","floor":7.0},{"not_picked":["Iron Wave","Anger"],"picked":"Shrug It Off","floor":8.0},{"not_picked":["Anger","Feel No Pain"],"picked":"Rage","floor":10.0},{"not_picked":["Twin Strike","Iron Wave","Rampage"],"picked":"SKIP","floor":13.0},{"not_picked":["Perfected Strike","Dropkick"],"picked":"Limit Break","floor":14.0}],"player_experience":390240,"relics_obtained":[{"floor":7.0,"key":"Potion Belt"},{"floor":9.0,"key":"Pantograph"}],"event_choices":[{"damage_healed":0.0,"max_hp_gain":0.0,"max_hp_loss":0.0,"gold_gain":0.0,"event_name":"Shining Light","player_choice":"Entered Light","floor":2.0,"gold_loss":0.0,"damage_taken":16.0,"cards_upgraded":["Strike_R","Cleave"]},{"damage_healed":0.0,"max_hp_gain":0.0,"max_hp_loss":0.0,"gold_gain":0.0,"event_name":"Wheel of Change","player_choice":"Relic","floor":4.0,"gold_loss":0.0,"damage_taken":0.0},{"cards_removed":["Strike_R"],"damage_healed":0.0,"max_hp_gain":0.0,"max_hp_loss":0.0,"gold_gain":0.0,"event_name":"Bonfire Elementals","player_choice":"Offered Basic","floor":12.0,"gold_loss":0.0,"damage_taken":0.0}],"is_beta":true,"boss_relics":[],"items_purged_floors":[],"is_endless":false,"potions_floor_spawned":[8,10,13,14],"ascension_level":0}