{"path_per_floor":["M","?","?","M","M","E","?","E","T","E","R","M","?","M","R","B",null,"M","$","M","?","M","R","M","$","T","E","$","?","E","M","R"],"character_chosen":"IRONCLAD","items_purchased":["Searing Blow","Vajra","Rage","True Grit","Singing Bowl"],"gold_per_floor":[114,114,114,129,144,174,174,204,254,284,284,299,549,564,564,664,664,679,525,540,490,505,505,520,300,300,330,131,131,161,176,176,176],"floor_reached":33,"campfire_rested":2,"playtime":1795,"current_hp_per_floor":[80,64,64,69,75,41,41,47,47,54,54,52,52,60,80,49,80,80,80,80,80,73,73,70,70,70,57,57,57,48,21,45,0],"items_purged":["Defend_R"],"gold":176,"score":330,"play_id":"6baf7efe-af29-4aae-8971-90a14eaf12e4","local_time":"20180412231251","daily_mods":["Allstar","Lethality","Binary"],"is_prod":false,"is_daily":true,"chose_seed":false,"is_ascension_mode":false,"campfire_upgraded":2,"timestamp":1523571171,"path_taken":["M","?","?","M","M","E","?","E","T","E","R","M","?","M","R","BOSS","M","$","M","?","M","R","M","$","T","E","$","?","E","M","R","BOSS"],"build_version":"2018-04-12","seed_source_timestamp":0,"purchased_purges":1,"victory":false,"master_deck":["Strike_R","Strike_R","Strike_R","Strike_R","Defend_R","Defend_R","Bash","Jack Of All Trades+1","Madness","Secret Weapon","Secret Technique","Apotheosis+1","Flame Barrier+1","Infernal Blade","Sword Boomerang","Inflame","Rampage","Flex","Regret","Metallicize","Demon Form","Searing Blow+1","Sentinel+1","Rage","True Grit","Heavy Blade"],"max_hp_per_floor":[80,80,80,80,80,80,80,80,80,80,80,80,80,80,80,80,80,80,80,80,80,80,80,80,80,80,80,80,80,80,82,82,82],"relics":["Burning Blood","Ginger","Du-Vu Doll","Blood Vial","Bottled Flame","Mark of Pain","Vajra","Mummified Hand","Paper Frog","Singing Bowl","Happy Flower"],"card_choices":[{"not_picked":["Body Slam"],"picked":"Flame Barrier","floor":1},{"not_picked":["Clash"],"picked":"Infernal Blade","floor":4},{"not_picked":["Shrug It Off"],"picked":"Sword Boomerang","floor":6},{"not_picked":["Cleave"],"picked":"Inflame","floor":8},{"not_picked":["Sever Soul"],"picked":"Rampage","floor":10},{"not_picked":["Iron Wave"],"picked":"Flex","floor":12},{"not_picked":["Whirlwind"],"picked":"Metallicize","floor":14},{"not_picked":["Immolate"],"picked":"Demon Form","floor":16},{"not_picked":["Carnage"],"picked":"Sentinel","floor":24},{"not_picked":["Disarm"],"picked":"Heavy Blade","floor":30}],"player_experience":57256,"potions_floor_usage":[5,8,10,10,22,30,31,33],"damage_taken":[{"damage":1,"enemies":"Cultist","floor":1,"turns":3},{"damage":5,"enemies":"Small Slimes","floor":4,"turns":3},{"damage":0,"enemies":"Jaw Worm","floor":5,"turns":1},{"damage":40,"enemies":"Lagavulin","floor":6,"turns":6},{"damage":0,"enemies":"Gremlin Nob","floor":8,"turns":2},{"damage":1,"enemies":"3 Sentries","floor":10,"turns":5},{"damage":10,"enemies":"Blue Slaver","floor":12,"turns":2},{"damage":0,"enemies":"3 Louse","floor":14,"turns":2},{"damage":51,"enemies":"The Guardian","floor":16,"turns":7},{"damage":3,"enemies":"Shell Parasite","floor":18,"turns":2},{"damage":1,"enemies":"Spheric Guardian","floor":20,"turns":2},{"damage":13,"enemies":"3 Cultists","floor":22,"turns":3},{"damage":11,"enemies":"Snecko","floor":24,"turns":3},{"damage":21,"enemies":"Book of Stabbing","floor":27,"turns":3},{"damage":17,"enemies":"Slavers","floor":30,"turns":3},{"damage":37,"enemies":"Centurion and Healer","floor":31,"turns":4},{"damage":47,"enemies":"Collector","floor":33,"turns":3}],"event_choices":[{"event_name":"Shining Light","player_choice":"Entered Light","floor":2,"damage_taken":0},{"event_name":"Living Wall","player_choice":"Forget","floor":3,"damage_taken":0},{"event_name":"The Lab","player_choice":"Got Potions","floor":7,"damage_taken":0},{"event_name":"Golden Shrine","player_choice":"Desecrate","floor":13,"damage_taken":0},{"event_name":"The Joust","player_choice":"Bet on Murderer","floor":21,"damage_taken":0},{"event_name":"Purifier","player_choice":"One Purge","floor":29,"damage_taken":0}],"boss_relics":[{"not_picked":["Astrolabe","Velvet Choker"],"picked":"Mark of Pain"}],"potions_floor_spawned":[4,6,8,12,14,18,20,24,31],"seed_played":"8507077734950112790","killed_by":"Collector","ascension_level":0,"is_trial":false}