{"gold_per_floor":[119,194,194,194,213,213,223,7,79,99,99,124,24,48,48,48],"floor_reached":16,"playtime":376,"items_purged":["Strike_B","Strike_B"],"score":137,"play_id":"79f52b54-4edb-4c4b-948a-ea0b33d6573d","local_time":"20190123202816","is_ascension_mode":true,"campfire_choices":[{"data":"Self Repair","floor":6.0,"key":"SMITH"},{"data":"Defragment","floor":11.0,"key":"SMITH"},{"floor":15.0,"key":"REST"}],"neow_cost":"TEN_PERCENT_HP_LOSS","seed_source_timestamp":0,"circlet_count":0,"master_deck":["Strike_B","Defend_B","Defend_B","Defend_B","Zap","Dualcast","Capacitor","Self Repair+1","Defragment+1","Defragment","Biased Cognition"],"special_seed":0,"relics":["Cracked Core","StoneCalendar","Gremlin Horn","Singing Bowl","Ancient Tea Set"],"potions_floor_usage":[16,16],"damage_taken":[{"damage":2.0,"enemies":"Jaw Worm","floor":1.0,"turns":3.0},{"damage":10.0,"enemies":"2 Louse","floor":5.0,"turns":4.0},{"damage":1.0,"enemies":"Cultist","floor":7.0,"turns":3.0},{"damage":2.0,"enemies":"Exordium Wildlife","floor":10.0,"turns":3.0},{"damage":35.0,"enemies":"Gremlin Nob","floor":12.0,"turns":4.0},{"damage":47,"enemies":"The Guardian","floor":16,"turns":5}],"seed_played":"-8741764986652806030","potions_obtained":[{"floor":1.0,"key":"FocusPotion"},{"floor":7.0,"key":"FocusPotion"},{"floor":10.0,"key":"AttackPotion"}],"is_trial":false,"path_per_floor":["M","?","?","?","M","R","M","$","T","M","R","E","$","T","R","B"],"character_chosen":"DEFECT","items_purchased":["Biased Cognition"],"campfire_rested":1,"item_purchase_floors":[8],"current_hp_per_floor":[66,55,48,30,27,27,36,36,36,44,44,21,21,21,42,0],"gold":48,"neow_bonus":"TRANSFORM_TWO_CARDS","is_prod":false,"is_daily":false,"chose_seed":false,"campfire_upgraded":2,"win_rate":0,"timestamp":1548275296,"path_taken":["M","?","?","?","?","R","M","$","T","M","R","E","?","?","R","BOSS"],"build_version":"2019-01-23","purchased_purges":2,"victory":false,"max_hp_per_floor":[68,68,68,68,68,68,68,68,68,68,68,70,70,70,70,70],"card_choices":[{"not_picked":["Aggregate","Barrage"],"picked":"Self Repair","floor":1.0},{"not_picked":["Cold Snap","Ball Lightning"],"picked":"Defragment","floor":5.0},{"not_picked":["Compile Driver","FTL"],"picked":"Defragment","floor":7.0},{"not_picked":["Aggregate","Compile Driver","Streamline"],"picked":"SKIP","floor":10.0},{"not_picked":["Streamline","Storm","Self Repair"],"picked":"Singing Bowl","floor":12.0}],"player_experience":466241,"relics_obtained":[{"floor":9.0,"key":"Gremlin Horn"},{"floor":12.0,"key":"Singing Bowl"},{"floor":14.0,"key":"Ancient Tea Set"}],"event_choices":[{"damage_healed":0.0,"max_hp_gain":0.0,"max_hp_loss":0.0,"gold_gain":75.0,"event_name":"World of Goop","player_choice":"Gather Gold","floor":2.0,"gold_loss":0.0,"damage_taken":11.0},{"cards_removed":["Meteor Strike"],"damage_healed":0.0,"max_hp_gain":0.0,"max_hp_loss":0.0,"gold_gain":0.0,"event_name":"Golden Wing","player_choice":"Card Removal","floor":3.0,"gold_loss":0.0,"damage_taken":7.0},{"damage_healed":0.0,"max_hp_gain":0.0,"max_hp_loss":0.0,"gold_gain":0.0,"event_name":"Scrap Ooze","player_choice":"Success","floor":4.0,"gold_loss":0.0,"damage_taken":18.0,"relics_obtained":["StoneCalendar"]}],"is_beta":true,"boss_relics":[],"items_purged_floors":[8,13],"is_endless":false,"potions_floor_spawned":[1,7,10],"killed_by":"The Guardian","ascension_level":8}