{"gold_per_floor":[116,18,30,30,43,43,56,86,111,111,111,111,111,136,136,241,241,254,254],"floor_reached":19,"playtime":448,"items_purged":[],"score":225,"play_id":"b5773380-039a-48f4-aab1-cada04067ce6","local_time":"20190202024412","is_ascension_mode":false,"campfire_choices":[{"data":"Beam Cell","floor":6,"key":"SMITH"},{"data":"Rainbow","floor":12,"key":"SMITH"},{"data":"Defragment","floor":15,"key":"SMITH"}],"neow_cost":"NONE","seed_source_timestamp":25058997228507,"circlet_count":0,"master_deck":["Strike_B","Strike_B","Defend_B","Defend_B","Defend_B","Zap+1","Dualcast","Ball Lightning+1","Beam Cell+1","Conserve Battery","Steam","Sweeping Beam","Rainbow+1","Defragment+1","Biased Cognition","Defragment"],"relics":["Sozu","Ancient Tea Set","Regal Pillow","Happy Flower","Empty Cage"],"potions_floor_usage":[],"damage_taken":[{"damage":1,"enemies":"Cultist","floor":1,"turns":4},{"damage":8,"enemies":"2 Louse","floor":3,"turns":2},{"damage":0,"enemies":"Jaw Worm","floor":5,"turns":3},{"damage":0,"enemies":"Looter","floor":7,"turns":3},{"damage":19,"enemies":"3 Sentries","floor":8,"turns":5},{"damage":4,"enemies":"Lagavulin","floor":14,"turns":5},{"damage":0,"enemies":"Hexaghost","floor":16,"turns":6},{"damage":5,"enemies":"Chosen","floor":18,"turns":3},{"damage":20,"enemies":"Colosseum Slavers","floor":19,"turns":4},{"damage":23,"enemies":"Colosseum Nobs","floor":19,"turns":4}],"seed_played":"911236259293314575","potions_obtained":[],"is_trial":false,"path_per_floor":["M","$","M","?","M","R","M","E","T","?","?","R","?","E","R","B",null,"M","?"],"character_chosen":"DEFECT","items_purchased":["Beam Cell","Conserve Battery"],"campfire_rested":0,"item_purchase_floors":[2,2],"current_hp_per_floor":[74,74,66,66,66,66,66,47,47,32,37,37,30,26,26,26,80,75,32],"gold":254,"neow_bonus":"BOSS_RELIC","is_prod":false,"is_daily":false,"chose_seed":false,"campfire_upgraded":3,"win_rate":0,"timestamp":1549104252,"path_taken":["M","$","?","?","?","R","M","E","T","?","?","R","?","E","R","BOSS","M","?"],"build_version":"2019-01-23","purchased_purges":0,"victory":false,"max_hp_per_floor":[75,75,75,75,75,75,75,75,75,75,80,80,80,80,80,80,80,80,80],"card_choices":[{"not_picked":["Leap","Stack"],"picked":"Ball Lightning","floor":1},{"not_picked":["Turbo","Barrage"],"picked":"Steam","floor":3},{"not_picked":["Genetic Algorithm","Steam"],"picked":"Sweeping Beam","floor":7},{"not_picked":["Leap","Turbo"],"picked":"Rainbow","floor":8},{"not_picked":["Reprogram","BootSequence"],"picked":"Defragment","floor":14},{"not_picked":["Seek","Buffer"],"picked":"Biased Cognition","floor":16},{"not_picked":["Streamline+1","Blizzard"],"picked":"Defragment","floor":18}],"player_experience":1090953,"relics_obtained":[{"floor":8,"key":"Ancient Tea Set"},{"floor":9,"key":"Regal Pillow"},{"floor":14,"key":"Happy Flower"}],"event_choices":[{"damage_healed":0,"gold_gain":0,"player_choice":"Got Potions","damage_taken":0,"max_hp_gain":0,"max_hp_loss":0,"event_name":"Lab","floor":4,"gold_loss":0},{"damage_healed":0,"gold_gain":0,"player_choice":"Entered Light","damage_taken":15,"max_hp_gain":0,"max_hp_loss":0,"event_name":"Shining Light","floor":10,"gold_loss":0,"cards_upgraded":["Zap","Ball Lightning"]},{"damage_healed":0,"gold_gain":0,"player_choice":"Donut","damage_taken":0,"max_hp_gain":5,"max_hp_loss":0,"event_name":"Big Fish","floor":11,"gold_loss":0},{"cards_removed":["Defend_B"],"damage_healed":0,"gold_gain":0,"player_choice":"Card Removal","damage_taken":7,"max_hp_gain":0,"max_hp_loss":0,"event_name":"Golden Wing","floor":13,"gold_loss":0},{"damage_healed":0,"gold_gain":0,"player_choice":"Fight","damage_taken":0,"max_hp_gain":0,"max_hp_loss":0,"event_name":"Colosseum","floor":19,"gold_loss":0},{"damage_healed":0,"gold_gain":0,"player_choice":"Fought Nobs","damage_taken":0,"max_hp_gain":0,"max_hp_loss":0,"event_name":"Colosseum","floor":19,"gold_loss":0}],"is_beta":true,"boss_relics":[{"not_picked":["Eternal Feather","Velvet Choker"],"picked":"Empty Cage"}],"items_purged_floors":[],"is_endless":false,"potions_floor_spawned":[3,5,16,18],"killed_by":"Colosseum Nobs","ascension_level":0}