{"path_per_floor":["M","?","$","M","M","E","R","M","T","R","M","?","?","$","R","B",null,"M","?","?","$","?","R","M","E","T","?","M","$","M","M","R"],"character_chosen":"THE_SILENT","items_purchased":["Quick Slash","Magnetism","Masterful Stab","Outmaneuver"],"gold_per_floor":[112,112,11,21,31,56,56,72,97,97,110,285,341,11,11,110,110,129,129,54,9,9,9,27,53,80,80,80,80,95,114,114,114],"floor_reached":33,"campfire_rested":1,"playtime":1383,"item_purchase_floors":[3,14,14,21],"current_hp_per_floor":[70,70,70,63,63,63,63,62,62,62,62,62,47,47,47,47,70,69,69,69,69,69,69,61,40,40,40,40,40,13,7,28,0],"items_purged":["Regret","Doubt"],"gold":114,"score":408,"play_id":"a13fded7-49b9-414a-bb23-6029364d5d33","local_time":"20180610222348","is_prod":false,"is_daily":false,"chose_seed":false,"is_ascension_mode":true,"campfire_upgraded":4,"win_rate":0,"timestamp":1528665828,"campfire_choices":[{"data":"Skewer","floor":7,"key":"SMITH"},{"data":"Concentrate","floor":10,"key":"SMITH"},{"data":"Magnetism","floor":15,"key":"SMITH"},{"data":"Outmaneuver","floor":23,"key":"SMITH"},{"floor":32,"key":"REST"}],"path_taken":["M","?","$","M","M","E","R","M","T","R","M","?","?","$","R","BOSS","M","?","?","?","?","R","M","E","T","?","?","$","M","M","R","BOSS"],"build_version":"2018-06-08","seed_source_timestamp":2460978646576448,"purchased_purges":2,"victory":false,"master_deck":["Defend_G","Defend_G","Defend_G","Defend_G","Defend_G","Strike_G","Strike_G","Strike_G","Strike_G","Survivor","Neutralize","Venomology","PiercingWail","Quick Slash","Backstab","Skewer+1","Backflip","Concentrate+1","PiercingWail","Magnetism+1","Masterful Stab","Tactician","Riddle With Holes","Concentrate+1","Outmaneuver+1","Finisher+1","Choke","Writhe","Backstab"],"max_hp_per_floor":[70,70,70,70,70,70,70,70,70,70,70,70,70,70,70,70,70,70,70,70,70,70,70,70,70,70,70,70,70,70,70,70,70],"relics":["Ring of the Snake","Potion Belt","Pen Nib","Happy Flower","Ornamental Fan","Runic Pyramid","Boot","Ancient Tea Set","Orichalcum"],"card_choices":[{"not_picked":["Heel Hook","Flying Knee"],"picked":"PiercingWail","floor":1},{"not_picked":["Finisher","Acrobatics"],"picked":"Backstab","floor":4},{"not_picked":["Prepared","Accuracy"],"picked":"Skewer","floor":5},{"not_picked":["Catalyst","Bane"],"picked":"Backflip","floor":6},{"not_picked":["Dagger Throw","Bane"],"picked":"Concentrate","floor":8},{"not_picked":["Prepared","Accuracy"],"picked":"PiercingWail","floor":11},{"not_picked":["Corpse Explosion","Die Die Die"],"picked":"Tactician","floor":16},{"not_picked":["Bane","Flying Knee"],"picked":"Riddle With Holes","floor":18},{"not_picked":["Deflect","Storm of Steel"],"picked":"Finisher+1","floor":24},{"not_picked":["Prepared","Sucker Punch"],"picked":"Choke","floor":25},{"not_picked":["Blur","Malaise","Caltrops"],"picked":"SKIP","floor":30},{"not_picked":["Underhanded Strike","Slice"],"picked":"Backstab","floor":31}],"player_experience":249095,"potions_floor_usage":[6,6,6,11,13,13,13,18,24,25,25,25,25,25,25,28,33,33],"damage_taken":[{"damage":0,"enemies":"2 Louse","floor":1,"turns":3},{"damage":7,"enemies":"Small Slimes","floor":4,"turns":6},{"damage":0,"enemies":"Cultist","floor":5,"turns":3},{"damage":0,"enemies":"3 Sentries","floor":6,"turns":10},{"damage":1,"enemies":"3 Louse","floor":8,"turns":3},{"damage":0,"enemies":"2 Fungi Beasts","floor":11,"turns":3},{"damage":15,"enemies":"Lagavulin Event","floor":13,"turns":5},{"damage":0,"enemies":"Slime Boss","floor":16,"turns":6},{"damage":1,"enemies":"Chosen","floor":18,"turns":4},{"damage":8,"enemies":"2 Thieves","floor":24,"turns":4},{"damage":21,"enemies":"Slavers","floor":25,"turns":5},{"damage":0,"enemies":"Centurion and Healer","floor":28,"turns":2},{"damage":27,"enemies":"Snecko","floor":30,"turns":5},{"damage":6,"enemies":"3 Cultists","floor":31,"turns":6},{"damage":58,"enemies":"Automaton","floor":33,"turns":6}],"relics_obtained":[{"floor":6,"key":"Pen Nib"},{"floor":9,"key":"Happy Flower"},{"floor":13,"key":"Ornamental Fan"},{"floor":25,"key":"Boot"},{"floor":26,"key":"Ancient Tea Set"}],"event_choices":[{"event_name":"Big Fish","player_choice":"Box","floor":2,"damage_taken":0},{"event_name":"Liars Game","player_choice":"agreed","floor":12,"damage_taken":0},{"event_name":"Dead Adventurer","player_choice":"Searched \u00271\u0027 times","floor":13,"damage_taken":0},{"event_name":"Duplicator","player_choice":"One dupe","floor":19,"damage_taken":0},{"event_name":"Beggar","player_choice":"Gave Gold","floor":20,"damage_taken":0},{"event_name":"Ghosts","player_choice":"Ignored","floor":22,"damage_taken":0},{"event_name":"The Mausoleum","player_choice":"Yes","floor":27,"damage_taken":0}],"boss_relics":[{"not_picked":["Tiny House","Sozu"],"picked":"Runic Pyramid"}],"items_purged_floors":[3,14],"potions_floor_spawned":[1,5,8,13,18],"seed_played":"4097069288580439321","killed_by":"Automaton","ascension_level":4,"potions_obtained":[{"floor":1,"key":"EssenceOfSteel"},{"floor":5,"key":"Fire Potion"},{"floor":8,"key":"GamblersBrew"},{"floor":13,"key":"EssenceOfSteel"},{"floor":18,"key":"Block Potion"}],"is_trial":false}