{"path_per_floor":["M","?","?","M","?","R","E","R","T","E","?","M","M","$","R","B",null,"M","$","?","M","?","E","?","R","T","R","M","M","R","M","R","B",null,"M","?","T","?","$","R","E"],"character_chosen":"THE_SILENT","items_purchased":["Leg Sweep","Acrobatics","Apotheosis"],"gold_per_floor":[13,13,13,33,33,33,62,62,89,122,75,89,103,66,66,162,162,148,23,23,39,39,73,73,73,73,73,86,101,101,121,121,220,220,232,232,257,257,50,50,82,82],"floor_reached":42,"campfire_rested":1,"playtime":1914,"current_hp_per_floor":[68,68,68,68,68,68,32,32,32,16,16,16,16,16,37,8,70,59,59,59,49,49,47,47,47,47,47,29,29,29,29,29,44,70,48,39,39,29,29,29,3,0],"items_purged":["Regret"],"gold":82,"score":543,"play_id":"eeee3437-0b14-4739-b4c0-4827aa32232a","local_time":"20180517203555","is_prod":false,"is_daily":false,"chose_seed":false,"is_ascension_mode":true,"campfire_upgraded":7,"timestamp":1526585755,"campfire_choices":[{"data":"Finisher","floor":6,"key":"SMITH"},{"data":"Calculated Gamble","floor":8,"key":"SMITH"},{"floor":15,"key":"REST"},{"data":"Calculated Gamble","floor":25,"key":"SMITH"},{"data":"Terror","floor":27,"key":"SMITH"},{"data":"Adrenaline","floor":30,"key":"SMITH"},{"data":"Leg Sweep","floor":32,"key":"SMITH"},{"data":"Apotheosis","floor":40,"key":"SMITH"}],"path_taken":["M","?","?","M","?","R","E","R","T","E","?","M","M","?","R","BOSS","M","$","?","M","?","E","?","R","T","R","M","M","R","?","R","BOSS","M","?","?","?","$","R","E","?"],"build_version":"2018-05-17","seed_source_timestamp":380257571407165,"purchased_purges":1,"victory":false,"master_deck":["Defend_G+1","Defend_G+1","Defend_G+1","Defend_G+1","Strike_G+1","Strike_G+1","Strike_G+1","Strike_G+1","Survivor","Neutralize","Adrenaline+1","Flying Knee","Finisher+1","Calculated Gamble+1","Distraction","Dagger Spray","After Image+1","Leg Sweep+1","Envenom+1","Calculated Gamble+1","Acrobatics","Terror+1","Backstab","Clumsy","Acrobatics","Caltrops+1","Venomology","Crippling Poison","Madness","Madness","Clumsy","Bandage Up","Magnetism+1","Purity","Apotheosis+1","Skewer+1"],"max_hp_per_floor":[70,70,70,70,70,70,70,70,70,70,70,70,70,70,70,70,70,70,70,70,70,70,70,70,70,70,70,70,70,70,70,70,70,70,70,70,70,70,70,70,70,70],"relics":["Ring of the Snake","Frozen Egg 2","Question Card","Boot","Oddly Smooth Stone","Cursed Key","Pantograph","Mercury Hourglass","Matryoshka","White Beast Statue","Dream Catcher","Pen Nib","Orichalcum"],"card_choices":[{"not_picked":["Glass Knife","Wraith Form v2"],"picked":"Adrenaline","floor":0},{"not_picked":["Caltrops","Underhanded Strike"],"picked":"Flying Knee","floor":1},{"not_picked":["Cloak And Dagger","Deadly Poison"],"picked":"Finisher","floor":4},{"not_picked":["Bane","Flying Knee"],"picked":"Calculated Gamble","floor":7},{"not_picked":["Finisher","Reflex","Bouncing Flask"],"picked":"Distraction","floor":10},{"not_picked":["Dash","Finisher","Dagger Throw"],"picked":"Dagger Spray","floor":12},{"not_picked":["Riddle With Holes","Quick Slash","Dagger Throw"],"picked":"After Image+1","floor":13},{"not_picked":["Grand Finale","Glass Knife","Phantasmal Killer"],"picked":"Envenom+1","floor":16},{"not_picked":["Dodge and Roll","Heel Hook","Accuracy+1"],"picked":"Calculated Gamble","floor":18},{"not_picked":["Dagger Throw","Slice","Underhanded Strike"],"picked":"Terror","floor":21},{"not_picked":["Calculated Gamble","Flying Knee+1","Underhanded Strike+1"],"picked":"Backstab","floor":23},{"not_picked":["Reflex+1","Acrobatics","Finisher","Flying Knee+1"],"picked":"SKIP","floor":28},{"not_picked":["Dagger Throw","Reflex","Terror"],"picked":"Acrobatics","floor":29},{"not_picked":["Terror","Underhanded Strike","Flying Knee+1"],"picked":"Caltrops+1","floor":31},{"not_picked":["After Image+1","Envenom+1","Corpse Explosion"],"picked":"Venomology","floor":33},{"not_picked":["Quick Slash","Underhanded Strike+1","Flying Knee+1"],"picked":"Crippling Poison","floor":35},{"not_picked":["Enlightenment","Panacea","Jack Of All Trades"],"picked":"Bandage Up","floor":38},{"not_picked":["Thinking Ahead","Secret Technique","Swift Strike"],"picked":"Magnetism","floor":38},{"not_picked":["Blind","Swift Strike","Trip"],"picked":"Purity","floor":38},{"not_picked":["Sucker Punch+1","Masterful Stab","Outmaneuver"],"picked":"Skewer+1","floor":41}],"player_experience":159765,"potions_floor_usage":[7,12,16,16,21,41],"damage_taken":[{"damage":2,"enemies":"Small Slimes","floor":1,"turns":4},{"damage":0,"enemies":"Cultist","floor":4,"turns":3},{"damage":36,"enemies":"Lagavulin","floor":7,"turns":8},{"damage":16,"enemies":"Gremlin Nob","floor":10,"turns":3},{"damage":0,"enemies":"2 Louse","floor":12,"turns":1},{"damage":0,"enemies":"Exordium Wildlife","floor":13,"turns":2},{"damage":29,"enemies":"The Guardian","floor":16,"turns":13},{"damage":11,"enemies":"2 Thieves","floor":18,"turns":4},{"damage":10,"enemies":"Spheric Guardian","floor":21,"turns":4},{"damage":2,"enemies":"Book of Stabbing","floor":23,"turns":4},{"damage":18,"enemies":"Snecko","floor":28,"turns":5},{"damage":0,"enemies":"Centurion and Healer","floor":29,"turns":4},{"damage":0,"enemies":"Cultist and Chosen","floor":31,"turns":6},{"damage":10,"enemies":"Automaton","floor":33,"turns":10},{"damage":22,"enemies":"3 Darklings","floor":35,"turns":4},{"damage":30,"enemies":"Giant Head","floor":41,"turns":9},{"damage":9,"enemies":"Orb Walker","floor":42,"turns":2}],"relics_obtained":[{"floor":7,"key":"Question Card"},{"floor":9,"key":"Boot"},{"floor":10,"key":"Oddly Smooth Stone"},{"floor":23,"key":"Mercury Hourglass"},{"floor":26,"key":"Matryoshka"},{"floor":37,"key":"Dream Catcher"},{"floor":37,"key":"Pen Nib"},{"floor":41,"key":"Orichalcum"}],"event_choices":[{"event_name":"The Lab","player_choice":"Got Potions","floor":2,"damage_taken":0},{"event_name":"Purifier","player_choice":"One Purge","floor":3,"damage_taken":0},{"event_name":"Big Fish","player_choice":"Box","floor":5,"damage_taken":0},{"event_name":"World of Goop","player_choice":"Left","floor":11,"damage_taken":0},{"event_name":"The Mausoleum","player_choice":"Yes","floor":20,"damage_taken":0},{"event_name":"Purifier","player_choice":"One Purge","floor":22,"damage_taken":0},{"event_name":"Back to Basics","player_choice":"Simplicity","floor":24,"damage_taken":0},{"event_name":"Winding Halls","player_choice":"Embrace Madness","floor":36,"damage_taken":0},{"event_name":"SensoryStone","player_choice":"Memory 3","floor":38,"damage_taken":0}],"boss_relics":[{"not_picked":["Runic Pyramid","Orrery"],"picked":"Cursed Key"},{"not_picked":["Velvet Choker","Runic Dome"],"picked":"White Beast Statue"}],"potions_floor_spawned":[4,7,10,18,23,29,35,41],"seed_played":"3112922075644026570","killed_by":"Orb Walker","ascension_level":3,"potions_obtained":[{"floor":2,"key":"Weak Potion"},{"floor":2,"key":"Ancient Potion"},{"floor":2,"key":"Explosive Potion"},{"floor":4,"key":"SteroidPotion"},{"floor":7,"key":"FearPotion"},{"floor":10,"key":"Energy Potion"},{"floor":18,"key":"SkillPotion"},{"floor":23,"key":"GhostInAJar"},{"floor":29,"key":"Dexterity Potion"},{"floor":35,"key":"EssenceOfSteel"}],"is_trial":false}