{"gold_per_floor":[110,35,46,57,74,74,105,105,105,124,124,124,124,149,149,226,226,240,113,113,19,30,63,63,63,93,169,187,187,203,215,215,289,289,306,52,68,0,10,45,45,76,76,94,94,112,128,158,158,158],"floor_reached":51,"playtime":4494,"items_purged":["Strike_B","Writhe"],"score":1330,"play_id":"3310a1a4-4f23-4b25-8064-ba1f75ee0620","local_time":"20190212001109","is_ascension_mode":true,"campfire_choices":[{"data":"Zap","floor":6,"key":"SMITH"},{"data":"Go for the Eyes","floor":8,"key":"SMITH"},{"data":"Coolheaded","floor":11,"key":"SMITH"},{"floor":15,"key":"REST"},{"data":"Defragment","floor":24,"key":"SMITH"},{"floor":29,"key":"REST"},{"data":"Capacitor","floor":32,"key":"SMITH"},{"floor":41,"key":"REST"},{"floor":45,"key":"REST"},{"floor":49,"key":"RECALL"}],"neow_cost":"NONE","seed_source_timestamp":1731411962119384,"circlet_count":0,"master_deck":["AscendersBane","Defend_B","Defend_B","Defend_B","Defend_B","Zap+1","Dualcast","Auto Shields","Coolheaded+1","Gash","Go for the Eyes+1","Compile Driver","Capacitor+1","Sweeping Beam+1","Hologram","Barrage+1","Defragment+1","Coolheaded","Rebound+1","Conserve Battery","Hello World","Sweeping Beam+1","Echo Form","Seek","Gash+1","Parasite","Biased Cognition","Capacitor","Coolheaded","BootSequence","Coolheaded+1"],"relics":["Cracked Core","Regal Pillow","Kunai","Molten Egg 2","Pear","White Beast Statue","Ornamental Fan","Pantograph","Tiny Chest","Mummified Hand","Fusion Hammer","Red Mask","Mango","Art of War","Strawberry","Toxic Egg 2"],"potions_floor_usage":[7,14,16,23,23,33,35,39,40,42,50,50],"damage_taken":[{"damage":5,"enemies":"Small Slimes","floor":1,"turns":3},{"damage":0,"enemies":"2 Louse","floor":3,"turns":3},{"damage":6,"enemies":"Jaw Worm","floor":4,"turns":4},{"damage":2,"enemies":"Exordium Thugs","floor":5,"turns":5},{"damage":8,"enemies":"Lagavulin","floor":7,"turns":8},{"damage":0,"enemies":"Blue Slaver","floor":10,"turns":3},{"damage":18,"enemies":"3 Sentries","floor":14,"turns":8},{"damage":58,"enemies":"Slime Boss","floor":16,"turns":12},{"damage":12,"enemies":"3 Byrds","floor":18,"turns":7},{"damage":9,"enemies":"Spheric Guardian","floor":22,"turns":5},{"damage":24,"enemies":"Slavers","floor":23,"turns":6},{"damage":1,"enemies":"3 Cultists","floor":28,"turns":6},{"damage":0,"enemies":"Snecko","floor":30,"turns":5},{"damage":5,"enemies":"Snake Plant","floor":31,"turns":5},{"damage":28,"enemies":"Automaton","floor":33,"turns":9},{"damage":11,"enemies":"3 Darklings","floor":35,"turns":7},{"damage":0,"enemies":"Orb Walker","floor":37,"turns":4},{"damage":13,"enemies":"Writhing Mass","floor":39,"turns":8},{"damage":45,"enemies":"Reptomancer","floor":40,"turns":9},{"damage":13,"enemies":"Giant Head","floor":42,"turns":7},{"damage":9,"enemies":"Maw","floor":44,"turns":7},{"damage":0,"enemies":"Sphere and 2 Shapes","floor":46,"turns":3},{"damage":17,"enemies":"Writhing Mass","floor":47,"turns":7},{"damage":7,"enemies":"Nemesis","floor":48,"turns":7},{"damage":54,"enemies":"Donu and Deca","floor":50,"turns":11}],"seed_played":"7131142937869025574","potions_obtained":[{"floor":1,"key":"LiquidBronze"},{"floor":3,"key":"Explosive Potion"},{"floor":14,"key":"SkillPotion"},{"floor":18,"key":"Explosive Potion"},{"floor":22,"key":"PowerPotion"},{"floor":23,"key":"PowerPotion"},{"floor":28,"key":"SkillPotion"},{"floor":30,"key":"SpeedPotion"},{"floor":33,"key":"Regen Potion"},{"floor":35,"key":"GamblersBrew"},{"floor":37,"key":"FocusPotion"},{"floor":39,"key":"Poison Potion"},{"floor":40,"key":"PowerPotion"},{"floor":42,"key":"Strength Potion"}],"is_trial":false,"path_per_floor":["M","?","M","M","M","R","E","R","T","M","R","?","?","E","R","B",null,"M","$","?","$","M","E","R","?","T","T","M","R","M","M","R","B",null,"M","$","M","?","M","E","R","E","T","M","R","M","M","E","R","B",null],"character_chosen":"DEFECT","items_purchased":["Barrage+1","Defragment","Coolheaded","Seek"],"campfire_rested":4,"item_purchase_floors":[19,21,21,36],"current_hp_per_floor":[59,59,59,53,51,51,43,43,43,43,43,36,41,33,73,15,68,56,56,56,56,47,23,23,23,23,23,22,62,62,57,57,54,78,67,67,67,67,69,38,83,70,77,68,107,107,90,83,83,53],"gold":158,"neow_bonus":"RANDOM_COMMON_RELIC","is_prod":false,"is_daily":false,"chose_seed":false,"campfire_upgraded":5,"win_rate":0,"timestamp":1549897869,"path_taken":["M","?","M","M","M","R","E","R","T","M","R","?","?","E","R","BOSS","M","$","?","?","M","E","R","?","T","?","?","R","?","M","R","BOSS","M","$","M","?","M","E","R","E","T","M","R","M","M","E","R","BOSS"],"build_version":"2019-01-23","purchased_purges":2,"victory":true,"max_hp_per_floor":[71,71,71,71,71,71,71,71,71,71,71,71,76,86,86,86,86,86,86,86,86,86,86,86,86,86,86,86,86,86,86,86,86,86,86,86,86,86,86,100,100,100,107,107,107,107,107,107,107,107],"card_choices":[{"not_picked":["Coolheaded","White Noise"],"picked":"Auto Shields","floor":1},{"not_picked":["Steam","Streamline"],"picked":"Coolheaded","floor":3},{"not_picked":["BootSequence","Sweeping Beam"],"picked":"Gash","floor":4},{"not_picked":["Amplify","Redo"],"picked":"Go for the Eyes","floor":5},{"not_picked":["Double Energy","Force Field"],"picked":"Compile Driver","floor":7},{"not_picked":["Barrage+1","Lockon+1"],"picked":"Capacitor","floor":10},{"not_picked":["Go for the Eyes+1","Double Energy"],"picked":"Sweeping Beam+1","floor":14},{"not_picked":["Turbo","Tempest"],"picked":"Hologram","floor":18},{"not_picked":["Barrage+1","Scrape+1"],"picked":"Rebound+1","floor":22},{"not_picked":["Redo","Rebound+1"],"picked":"Conserve Battery","floor":23},{"not_picked":["Steam Power+1","Stack","Blizzard+1"],"picked":"SKIP","floor":28},{"not_picked":["Thunder Strike+1","Doom and Gloom+1"],"picked":"Hello World","floor":30},{"not_picked":["Steam Power","Auto Shields"],"picked":"Sweeping Beam+1","floor":31},{"not_picked":["Machine Learning","All For One+1"],"picked":"Echo Form","floor":33},{"not_picked":["Barrage+1","Redo","Streamline+1"],"picked":"SKIP","floor":35},{"not_picked":["Doom and Gloom+1","Chill"],"picked":"Gash+1","floor":37},{"not_picked":["Turbo","Sunder+1","Darkness"],"picked":"SKIP","floor":39},{"not_picked":["Redo","Gash+1"],"picked":"Biased Cognition","floor":40},{"not_picked":["Barrage+1","Doom and Gloom+1"],"picked":"Capacitor","floor":42},{"not_picked":["Storm","Reinforced Body","Loop"],"picked":"SKIP","floor":44},{"not_picked":["Conserve Battery+1","Static Discharge"],"picked":"Coolheaded","floor":46},{"not_picked":["Stack","Compile Driver+1"],"picked":"BootSequence","floor":47},{"not_picked":["Rebound+1","Sweeping Beam+1"],"picked":"Coolheaded","floor":48}],"player_experience":966635,"relics_obtained":[{"floor":7,"key":"Kunai"},{"floor":9,"key":"Molten Egg 2"},{"floor":14,"key":"Pear"},{"floor":23,"key":"Ornamental Fan"},{"floor":26,"key":"Tiny Chest"},{"floor":27,"key":"Mummified Hand"},{"floor":40,"key":"Mango"},{"floor":42,"key":"Art of War"},{"floor":43,"key":"Strawberry"},{"floor":48,"key":"Toxic Egg 2"}],"event_choices":[{"cards_removed":["Strike_B"],"damage_healed":0,"gold_gain":0,"player_choice":"Card Removal","damage_taken":0,"max_hp_gain":0,"max_hp_loss":0,"event_name":"The Cleric","floor":2,"gold_loss":75},{"cards_removed":["Strike_B"],"damage_healed":0,"gold_gain":0,"player_choice":"Card Removal","damage_taken":7,"max_hp_gain":0,"max_hp_loss":0,"event_name":"Golden Wing","floor":12,"gold_loss":0},{"damage_healed":0,"gold_gain":0,"player_choice":"Donut","damage_taken":0,"max_hp_gain":5,"max_hp_loss":0,"event_name":"Big Fish","floor":13,"gold_loss":0},{"cards_removed":["Strike_B"],"damage_healed":0,"gold_gain":0,"player_choice":"Purged","damage_taken":0,"max_hp_gain":0,"max_hp_loss":0,"event_name":"Purifier","floor":20,"gold_loss":0},{"damage_healed":0,"gold_gain":0,"player_choice":"Opened","damage_taken":0,"relics_obtained":["Pantograph"],"max_hp_gain":0,"max_hp_loss":0,"event_name":"The Mausoleum","floor":25,"gold_loss":0,"cards_obtained":["Writhe"]},{"damage_healed":0,"gold_gain":0,"player_choice":"Paid","damage_taken":0,"relics_obtained":["Red Mask"],"max_hp_gain":0,"max_hp_loss":0,"event_name":"Tomb of Lord Red Mask","floor":38,"gold_loss":68}],"is_beta":false,"boss_relics":[{"not_picked":["Philosopher\u0027s Stone","Calling Bell"],"picked":"White Beast Statue"},{"not_picked":["Black Star","Eternal Feather"],"picked":"Fusion Hammer"}],"items_purged_floors":[19,36],"is_endless":false,"potions_floor_spawned":[1,3,14,18,22,23,28,30,31,33,35,37,39,40,42,44,46,47,48],"ascension_level":15}