{"path_per_floor":["M","$","?","M","M","E","M","M","T","E","?","M","?","M","R","B",null,"M","?","?","?","?","R","E","R","T","E","M","?","M","$","R","B",null,"M","?","?","?","M","R","E","M","T","$","E","R","M","$","R","B"],"character_chosen":"DEFECT","items_purchased":["Finesse","Secret Technique","Barrage","Skim","Deep Breath","Skim","Capacitor"],"gold_per_floor":[114,12,12,27,42,72,87,102,127,157,157,172,172,187,187,287,287,302,302,327,327,327,327,357,357,382,412,427,427,442,69,69,169,169,184,197,197,197,212,212,242,257,307,235,265,265,280,280,280,280],"floor_reached":51,"campfire_rested":1,"playtime":2638,"current_hp_per_floor":[74,74,74,74,73,55,37,32,38,30,30,19,19,17,41,24,105,84,84,76,76,76,76,47,47,60,50,48,54,50,50,50,67,134,126,124,124,114,114,114,111,105,105,105,104,104,113,113,113,112],"items_purged":[],"gold":280,"score":1078,"play_id":"fdbd4f91-8a7a-4c4c-ab2e-1939d101e31c","local_time":"20180515172349","daily_mods":["Heirloom","Cursed Run","Vintage"],"is_prod":false,"is_daily":true,"chose_seed":false,"is_ascension_mode":false,"campfire_upgraded":3,"timestamp":1526401429,"path_taken":["M","$","?","?","M","E","?","M","T","E","?","M","?","M","R","BOSS","M","?","?","?","?","R","E","R","T","E","?","?","M","$","R","BOSS","M","?","?","?","?","R","E","M","T","?","E","R","?","$","R","BOSS"],"build_version":"2018-05-14v2","seed_source_timestamp":0,"purchased_purges":1,"victory":true,"master_deck":["Strike_B+1","Strike_B+1","Defend_B+1","Defend_B+1","Zap+1","Dualcast+1","Finesse+1","Pain","Tempest+1","Regret","Echo Form+1","Clumsy","Normality","Decay","Streamline+1","Hologram+1","Regret","Sweeping Beam+1","Writhe","Secret Technique+1","Barrage+1","Skim+1","Deep Breath+1","Parasite","Thunder Strike+1","Capacitor","Barrage+1","Aggregate+1","Reinforced Body+1","Aggregate+1","Apotheosis+1","Master of Strategy+1","Finesse+1","All For One+1","Skim+1","Capacitor+1"],"max_hp_per_floor":[75,75,75,75,75,75,75,75,81,81,81,81,81,81,81,87,105,105,105,105,105,105,105,105,105,118,118,118,124,124,124,124,130,134,134,134,134,134,134,134,134,134,134,134,136,136,146,146,146,146],"relics":["Cursed Key","Darkstone Periapt","Du-Vu Doll","Ice Cream","Bronze Scales","Blue Candle","Orichalcum","Dodecahedron","Dead Branch","Oddly Smooth Stone","Pen Nib","Bag of Marbles","Mummified Hand","Singing Bowl","Smiling Mask","Calling Bell","Regal Pillow","Toxic Egg 2","Peace Pipe","Molten Egg 2","Red Mask","Potion Belt","Strawberry","Shuriken","Thread and Needle","Pantograph","Blood Vial","Bag of Preparation","Orrery","Frozen Egg 2","Calipers","War Paint","Omamori","Gambling Chip","Anchor","Happy Flower","Pear"],"card_choices":[{"not_picked":["Axe Kick","Steam Power","Leap"],"picked":"SKIP","floor":6},{"not_picked":["Steam","Ball Lightning"],"picked":"Tempest","floor":10},{"not_picked":["Fusion","Biased Cognition"],"picked":"Echo Form","floor":16},{"not_picked":["Go for the Eyes+1","Cold Snap+1"],"picked":"Streamline+1","floor":20},{"not_picked":["Capacitor","Ball Lightning+1"],"picked":"Hologram+1","floor":24},{"not_picked":["Undo+1","Redo+1"],"picked":"Sweeping Beam+1","floor":27},{"not_picked":["Reboot+1","Rainbow+1"],"picked":"Thunder Strike+1","floor":33},{"not_picked":["Cold Snap+1","Beam Cell+1"],"picked":"Capacitor","floor":34},{"not_picked":["Streamline+1","Steam+1","Leap+1"],"picked":"Singing Bowl","floor":34},{"not_picked":["Steam+1","Darkness+1","Axe Kick+1"],"picked":"Singing Bowl","floor":34},{"not_picked":["Rebound+1","Melter+1"],"picked":"Barrage+1","floor":34},{"not_picked":["Glacier+1","Axe Kick+1"],"picked":"Aggregate+1","floor":34},{"not_picked":["Go for the Eyes+1","Auto Shields+1"],"picked":"Reinforced Body+1","floor":36},{"not_picked":["Trip","Dark Shackles"],"picked":"Apotheosis","floor":38},{"not_picked":["Magnetism","Swift Strike"],"picked":"Master of Strategy","floor":38},{"not_picked":["Panacea","Madness"],"picked":"Finesse","floor":38},{"not_picked":["Turbo+1","Beam Cell+1"],"picked":"All For One+1","floor":41},{"not_picked":["Nova+1","Conserve Battery+1","Cold Snap+1"],"picked":"Singing Bowl","floor":45}],"player_experience":148001,"potions_floor_usage":[10,16,20,30,50,50,50,50,50,50,50,50],"damage_taken":[{"damage":1,"enemies":"2 Louse","floor":1,"turns":2},{"damage":0,"enemies":"Small Slimes","floor":4,"turns":3},{"damage":1,"enemies":"Jaw Worm","floor":5,"turns":3},{"damage":18,"enemies":"Gremlin Nob","floor":6,"turns":5},{"damage":18,"enemies":"Gremlin Gang","floor":7,"turns":4},{"damage":5,"enemies":"3 Louse","floor":8,"turns":4},{"damage":8,"enemies":"3 Sentries","floor":10,"turns":5},{"damage":11,"enemies":"Lots of Slimes","floor":12,"turns":4},{"damage":2,"enemies":"Looter","floor":14,"turns":3},{"damage":23,"enemies":"Hexaghost","floor":16,"turns":9},{"damage":21,"enemies":"2 Thieves","floor":18,"turns":4},{"damage":8,"enemies":"Masked Bandits","floor":20,"turns":3},{"damage":29,"enemies":"Gremlin Leader","floor":24,"turns":7},{"damage":10,"enemies":"Slavers","floor":27,"turns":2},{"damage":2,"enemies":"Chosen","floor":28,"turns":2},{"damage":4,"enemies":"Slaver and Parasite","floor":30,"turns":3},{"damage":16,"enemies":"Collector","floor":33,"turns":6},{"damage":8,"enemies":"3 Darklings","floor":35,"turns":3},{"damage":4,"enemies":"Mysterious Sphere","floor":36,"turns":2},{"damage":2,"enemies":"Orb Walker","floor":39,"turns":2},{"damage":5,"enemies":"Giant Head","floor":41,"turns":4},{"damage":8,"enemies":"Spire Growth","floor":42,"turns":3},{"damage":5,"enemies":"2 Orb Walkers","floor":45,"turns":3},{"damage":3,"enemies":"Flame Bruiser 2 Orb","floor":47,"turns":2},{"damage":28,"enemies":"Awakened One","floor":50,"turns":6}],"relics_obtained":[{"floor":1,"key":"Bronze Scales"},{"floor":4,"key":"Blue Candle"},{"floor":5,"key":"Orichalcum"},{"floor":6,"key":"Dodecahedron"},{"floor":7,"key":"Dead Branch"},{"floor":8,"key":"Oddly Smooth Stone"},{"floor":9,"key":"Pen Nib"},{"floor":10,"key":"Bag of Marbles"},{"floor":12,"key":"Mummified Hand"},{"floor":14,"key":"Singing Bowl"},{"floor":16,"key":"Smiling Mask"},{"floor":17,"key":"Regal Pillow"},{"floor":17,"key":"Toxic Egg 2"},{"floor":17,"key":"Peace Pipe"},{"floor":18,"key":"Molten Egg 2"},{"floor":20,"key":"Red Mask"},{"floor":24,"key":"Potion Belt"},{"floor":26,"key":"Strawberry"},{"floor":27,"key":"Shuriken"},{"floor":28,"key":"Thread and Needle"},{"floor":30,"key":"Blood Vial"},{"floor":33,"key":"Bag of Preparation"},{"floor":35,"key":"Frozen Egg 2"},{"floor":36,"key":"Calipers"},{"floor":39,"key":"War Paint"},{"floor":41,"key":"Omamori"},{"floor":42,"key":"Gambling Chip"},{"floor":43,"key":"Anchor"},{"floor":45,"key":"Happy Flower"},{"floor":47,"key":"Pear"}],"event_choices":[{"event_name":"The Cleric","player_choice":"Leave","floor":3,"damage_taken":0},{"event_name":"The Woman in Blue","player_choice":"Bought 0 Potions","floor":11,"damage_taken":0},{"event_name":"Bonfire Elementals","player_choice":"BASIC","floor":13,"damage_taken":0},{"event_name":"Upgrade Shrine","player_choice":"Upgraded","floor":19,"damage_taken":0},{"event_name":"Masked Bandits","player_choice":"Fought over 302 gold","floor":20,"damage_taken":0},{"event_name":"Vampires","player_choice":"Ignored","floor":21,"damage_taken":0},{"event_name":"Back to Basics","player_choice":"Simplicity","floor":22,"damage_taken":0},{"event_name":"The Mausoleum","player_choice":"Yes","floor":29,"damage_taken":0},{"event_name":"Mysterious Sphere","player_choice":"Fight","floor":36,"damage_taken":0},{"event_name":"Match and Keep!","player_choice":"1 cards matched","floor":37,"damage_taken":0},{"event_name":"SensoryStone","player_choice":"Memory 3","floor":38,"damage_taken":0}],"boss_relics":[{"not_picked":["Snecko Eye","Runic Pyramid"],"picked":"Calling Bell"},{"not_picked":["Astrolabe","Nuclear Battery"],"picked":"Orrery"}],"potions_floor_spawned":[1,5,7,10,14,18,27,28,33,36,42,45],"seed_played":"-7038820787724177597","ascension_level":0,"potions_obtained":[{"floor":1,"key":"Weak Potion"},{"floor":5,"key":"FocusPotion"},{"floor":7,"key":"Swift Potion"},{"floor":10,"key":"FocusPotion"},{"floor":18,"key":"PowerPotion"},{"floor":27,"key":"Strength Potion"},{"floor":28,"key":"Poison Potion"},{"floor":33,"key":"EntropicBrew"}],"is_trial":false}