{"path_per_floor":["M","$","?","?","M","?","E","M","T","M","$","?","M","M","R","B",null,"M","$","M","M","$","E"],"character_chosen":"IRONCLAD","items_purchased":["Seeing Red","Molten Egg 2","Flex","Reaper","Armaments","Toxic Egg 2","Tiny Chest"],"gold_per_floor":[144,33,208,208,253,253,343,388,388,433,15,15,60,105,105,405,405,450,30,75,120,20,110],"floor_reached":24,"campfire_rested":1,"playtime":2170,"current_hp_per_floor":[80,80,80,80,78,71,23,23,23,29,29,13,31,44,75,49,75,59,59,64,56,56,29],"items_purged":["Strike_R","Pain"],"gold":110,"score":243,"play_id":"0150139a-ea4c-4659-b920-dfbdbe93bf6d","local_time":"20180310202503","daily_mods":["Allstar","Midas","Night Terrors"],"is_prod":false,"is_daily":true,"is_ascension_mode":false,"campfire_upgraded":0,"timestamp":1520713503,"path_taken":["M","$","?","?","M","?","E","?","T","M","?","?","?","M","R","BOSS","M","$","M","?","?","E","M"],"build_version":"2018-03-08-BETA","purchased_purges":2,"victory":false,"master_deck":["Strike_R","Strike_R","Strike_R","Strike_R","Defend_R+1","Defend_R","Defend_R","Defend_R","Bash+1","Purity","Thinking Ahead+1","Carnage","Seeing Red","Pummel","Corruption","Shrug It Off","Shrug It Off","Flex","Reaper+1","Infernal Blade","Twin Strike+1","Barricade","Decay","Clumsy","Intimidate","Armaments","Thunderclap+1","Dual Wield+1","Sword Boomerang+1"],"max_hp_per_floor":[80,80,80,80,80,80,80,80,80,80,80,80,80,80,75,75,75,75,75,75,75,75,75],"relics":["Burning Blood","Matryoshka","Blue Candle","Vajra","Molten Egg 2","Calling Bell","Mercury Hourglass","Self Forming Clay","Paper Frog","Toxic Egg 2","Tiny Chest","Prayer Wheel"],"card_choices":[{"not_picked":["Havoc","Twin Strike"],"picked":"Carnage"},{"not_picked":["Perfected Strike","Havoc"],"picked":"Pummel"},{"not_picked":["Pommel Strike","Armaments"],"picked":"Corruption"},{"not_picked":["Inflame","Armaments"],"picked":"Shrug It Off"},{"not_picked":["Burning Pact","Body Slam"],"picked":"Shrug It Off"},{"not_picked":["Whirlwind","Entrench"],"picked":"Infernal Blade"},{"not_picked":["Pommel Strike","Cleave"],"picked":"Twin Strike"},{"not_picked":["Offering","Demon Form"],"picked":"Barricade"},{"not_picked":["Perfected Strike","Hemokinesis"],"picked":"Intimidate"},{"not_picked":["Perfected Strike","Pommel Strike"],"picked":"Thunderclap"},{"not_picked":["Warcry","Pommel Strike"],"picked":"Dual Wield"},{"not_picked":["Havoc","Second Wind"],"picked":"Sword Boomerang"}],"player_experience":27138,"potions_floor_usage":[20,21,23,23],"damage_taken":[{"damage":4,"enemies":"Small Slimes","floor":1,"turns":4},{"damage":8,"enemies":"Jaw Worm","floor":5,"turns":4},{"damage":54,"enemies":"Lagavulin","floor":7,"turns":7},{"damage":6,"enemies":"Cultist","floor":8,"turns":3},{"damage":0,"enemies":"Looter","floor":10,"turns":3},{"damage":0,"enemies":"2 Fungi Beasts","floor":13,"turns":4},{"damage":0,"enemies":"Large Slime","floor":14,"turns":6},{"damage":36,"enemies":"The Guardian","floor":16,"turns":12},{"damage":22,"enemies":"Chosen","floor":18,"turns":6},{"damage":13,"enemies":"Shell Parasite","floor":20,"turns":5},{"damage":25,"enemies":"Cultist and Chosen","floor":21,"turns":7},{"damage":33,"enemies":"Gremlin Leader","floor":23,"turns":8},{"damage":33,"enemies":"Centurion and Healer","floor":24,"turns":5}],"event_choices":[{"event_name":"Liars Game","player_choice":"agreed","floor":3,"damage_taken":0},{"event_name":"Upgrade Shrine","player_choice":"Upgraded","floor":4,"damage_taken":0},{"event_name":"Golden Wing","player_choice":"Card Removal","floor":6,"damage_taken":0},{"event_name":"Shining Light","player_choice":"Entered Light","floor":12,"damage_taken":0}],"boss_relics":[{"not_picked":["Question Card","Orrery"],"picked":"Calling Bell"}],"potions_floor_spawned":[5,13,16,18,20],"seed_played":"-2228362409843830943","killed_by":"Centurion and Healer","ascension_level":0,"is_trial":false}