{"gold_per_floor":[16,35,48,48,48,48,73,85,85,137,137],"floor_reached":11,"playtime":359,"items_purged":[],"score":120,"play_id":"53813f3f-2276-4125-b81b-77b7ac04c62c","local_time":"20190206213926","is_ascension_mode":true,"campfire_choices":[{"data":"Enlightenment","floor":6,"key":"SMITH"}],"neow_cost":"NO_GOLD","seed_source_timestamp":2924153776207,"circlet_count":0,"master_deck":["AscendersBane","Strike_B","Strike_B","Strike_B","Strike_B","Defend_B","Defend_B","Defend_B","Defend_B","Zap","Dualcast","Magnetism","Apotheosis","Melter","White Noise","Rainbow","Enlightenment+1","Leap","Chill"],"relics":["Cracked Core","Shovel","Dodecahedron"],"potions_floor_usage":[],"damage_taken":[{"damage":0,"enemies":"Cultist","floor":1,"turns":4},{"damage":6,"enemies":"2 Louse","floor":2,"turns":2},{"damage":12,"enemies":"Small Slimes","floor":3,"turns":3},{"damage":26,"enemies":"3 Sentries","floor":7,"turns":6},{"damage":20,"enemies":"Exordium Thugs","floor":8,"turns":4},{"damage":0,"enemies":"Red Slaver","floor":11,"turns":1}],"seed_played":"-1188420654532139945","potions_obtained":[{"floor":8,"key":"Explosive Potion"}],"is_trial":false,"path_per_floor":["M","M","M","$","?","R","E","M","T","?","M"],"character_chosen":"DEFECT","items_purchased":[],"campfire_rested":0,"item_purchase_floors":[],"current_hp_per_floor":[68,62,50,50,50,50,24,4,4,4,4],"gold":137,"neow_bonus":"RANDOM_COLORLESS_2","is_prod":false,"is_daily":false,"chose_seed":false,"campfire_upgraded":1,"win_rate":0,"timestamp":1549489166,"path_taken":["M","M","?","$","?","R","E","?","T","?","M"],"build_version":"2019-01-23","purchased_purges":0,"victory":false,"max_hp_per_floor":[75,75,75,75,75,75,75,75,75,75,75],"card_choices":[{"not_picked":["Leap","Hologram"],"picked":"Melter","floor":1},{"not_picked":["Reinforced Body","Steam Power"],"picked":"White Noise","floor":2},{"not_picked":["Go for the Eyes","Static Discharge","Ball Lightning"],"picked":"SKIP","floor":3},{"not_picked":["Sweeping Beam","Compile Driver"],"picked":"Leap","floor":7},{"not_picked":["Capacitor","Coolheaded"],"picked":"Chill","floor":8}],"player_experience":570661,"relics_obtained":[{"floor":7,"key":"Shovel"},{"floor":9,"key":"Dodecahedron"}],"event_choices":[{"damage_healed":0,"gold_gain":0,"player_choice":"2 cards matched","damage_taken":0,"max_hp_gain":0,"max_hp_loss":0,"event_name":"Match and Keep!","floor":5,"gold_loss":0,"cards_obtained":["Rainbow","Enlightenment"]},{"damage_healed":0,"gold_gain":52,"player_choice":"Gained Gold","damage_taken":0,"max_hp_gain":0,"max_hp_loss":0,"event_name":"Golden Wing","floor":10,"gold_loss":0}],"is_beta":true,"boss_relics":[],"items_purged_floors":[],"is_endless":false,"potions_floor_spawned":[8],"killed_by":"Red Slaver","ascension_level":13}