{"gold_per_floor":[115,129,141,111,124,149,149,149],"floor_reached":8,"playtime":457,"items_purged":[],"score":64,"play_id":"d2921f72-5465-47d0-a08f-bd9bc261d3b7","local_time":"20190131205607","is_ascension_mode":true,"campfire_choices":[],"neow_cost":"NONE","seed_source_timestamp":23683864052713,"circlet_count":0,"master_deck":["Defend_G","Defend_G","Defend_G","Defend_G","Defend_G","Strike_G","Strike_G","Strike_G","Strike_G","Strike_G","Survivor","Neutralize","Slice","Dodge and Roll","Endless Agony","Acrobatics","Masterful Stab"],"relics":["Ring of the Snake","Happy Flower","Golden Idol","Dodecahedron"],"potions_floor_usage":[8],"damage_taken":[{"damage":1,"enemies":"Cultist","floor":1,"turns":5},{"damage":0,"enemies":"Jaw Worm","floor":2,"turns":4},{"damage":0,"enemies":"Small Slimes","floor":3,"turns":4},{"damage":0,"enemies":"Looter","floor":4,"turns":4},{"damage":16,"enemies":"3 Louse","floor":5,"turns":4},{"damage":24,"enemies":"Gremlin Nob","floor":6,"turns":5},{"damage":48,"enemies":"Lagavulin Event","floor":8,"turns":8}],"seed_played":"-3167957229596763095","potions_obtained":[{"floor":5,"key":"AttackPotion"}],"is_trial":false,"path_per_floor":["M","M","M","M","M","E","?","?"],"character_chosen":"THE_SILENT","items_purchased":[],"campfire_rested":0,"item_purchase_floors":[],"current_hp_per_floor":[76,76,76,76,60,36,36,0],"gold":149,"neow_bonus":"TEN_PERCENT_HP_BONUS","is_prod":false,"is_daily":false,"chose_seed":false,"campfire_upgraded":0,"win_rate":0,"timestamp":1548964567,"path_taken":["M","M","?","M","M","E","?","?"],"build_version":"2019-01-23","purchased_purges":0,"victory":false,"max_hp_per_floor":[77,77,77,77,77,77,71,71],"card_choices":[{"not_picked":["Underhanded Strike","Concentrate"],"picked":"Slice","floor":1},{"not_picked":["Blade Dance","Acrobatics","Calculated Gamble"],"picked":"SKIP","floor":2},{"not_picked":["Acrobatics","Eviscerate"],"picked":"Dodge and Roll","floor":3},{"not_picked":["Dagger Throw","Leg Sweep"],"picked":"Endless Agony","floor":4},{"not_picked":["Outmaneuver","Prepared"],"picked":"Acrobatics","floor":5},{"not_picked":["Choke","Backflip"],"picked":"Masterful Stab","floor":6}],"player_experience":142603,"relics_obtained":[{"floor":6,"key":"Happy Flower"}],"event_choices":[{"damage_healed":0,"gold_gain":0,"player_choice":"Lose Max HP","damage_taken":0,"relics_obtained":["Golden Idol"],"max_hp_gain":0,"max_hp_loss":6,"event_name":"Golden Idol","floor":7,"gold_loss":0},{"damage_healed":0,"gold_gain":0,"player_choice":"Searched \u00273\u0027 times","damage_taken":0,"relics_obtained":["Dodecahedron"],"max_hp_gain":0,"max_hp_loss":0,"event_name":"Dead Adventurer","floor":8,"gold_loss":0}],"is_beta":false,"boss_relics":[],"items_purged_floors":[],"is_endless":false,"potions_floor_spawned":[5],"killed_by":"Lagavulin Event","ascension_level":2}