{"gold_per_floor":[115,40,40,40,54,54,70,70,93,106,381,394,160,160,160,263,263],"floor_reached":17,"playtime":155,"items_purged":["Defend_R","Regret"],"score":152,"play_id":"b5893c6e-a59d-49de-b8f6-69b5074b8d4a","local_time":"20190203132959","is_ascension_mode":true,"campfire_choices":[{"data":"Perfected Strike","floor":6,"key":"SMITH"},{"data":"Perfected Strike","floor":8,"key":"SMITH"},{"data":"Bash","floor":15,"key":"SMITH"}],"neow_cost":"NONE","seed_source_timestamp":98536019476056,"circlet_count":0,"master_deck":["Strike_R","Strike_R","Strike_R","Strike_R","Strike_R","Defend_R","Bash+1","Perfected Strike+1","Perfected Strike+1","Thunderclap","Headbutt","Trip","Thunderclap"],"relics":["Burning Blood","NeowsBlessing","Boot"],"potions_floor_usage":[12,16],"damage_taken":[{"damage":0,"enemies":"Jaw Worm","floor":1,"turns":1},{"damage":0,"enemies":"Small Slimes","floor":5,"turns":1},{"damage":0,"enemies":"Cultist","floor":7,"turns":1},{"damage":7,"enemies":"Blue Slaver","floor":10,"turns":2},{"damage":0,"enemies":"Gremlin Gang","floor":12,"turns":1},{"damage":29,"enemies":"Hexaghost","floor":16,"turns":7}],"seed_played":"-3356078073123757144","potions_obtained":[{"floor":5,"key":"Poison Potion"},{"floor":7,"key":"SkillPotion"},{"floor":10,"key":"AttackPotion"}],"is_trial":false,"path_per_floor":["M","$","?","?","M","R","M","R","T","M","?","M","$","?","R","B",null],"character_chosen":"IRONCLAD","items_purchased":["Trip","Thunderclap"],"campfire_rested":0,"item_purchase_floors":[13,13],"current_hp_per_floor":[80,80,80,73,79,79,80,80,80,79,79,80,80,80,80,57,57],"gold":263,"neow_bonus":"THREE_ENEMY_KILL","is_prod":false,"is_daily":false,"chose_seed":false,"campfire_upgraded":3,"win_rate":0,"timestamp":1549229399,"path_taken":["M","$","?","?","M","R","M","R","T","M","?","?","$","?","R","BOSS"],"build_version":"2019-01-23","purchased_purges":2,"victory":false,"max_hp_per_floor":[80,80,80,80,80,80,80,80,80,80,80,80,80,80,80,80,80],"card_choices":[{"not_picked":["Clothesline","Armaments"],"picked":"Perfected Strike","floor":1},{"not_picked":["Iron Wave","Clash"],"picked":"Perfected Strike","floor":5},{"not_picked":["Sword Boomerang","Anger"],"picked":"Thunderclap","floor":7},{"not_picked":["Fire Breathing","Cleave"],"picked":"Headbutt","floor":10}],"player_experience":1123984,"relics_obtained":[{"floor":9,"key":"Boot"}],"event_choices":[{"damage_healed":0,"gold_gain":0,"player_choice":"Leave","damage_taken":0,"max_hp_gain":0,"max_hp_loss":0,"event_name":"The Cleric","floor":3,"gold_loss":0},{"cards_removed":["Defend_R"],"damage_healed":0,"gold_gain":0,"player_choice":"Card Removal","damage_taken":7,"max_hp_gain":0,"max_hp_loss":0,"event_name":"Golden Wing","floor":4,"gold_loss":0},{"damage_healed":0,"gold_gain":275,"player_choice":"Desecrate","damage_taken":0,"max_hp_gain":0,"max_hp_loss":0,"event_name":"Golden Shrine","floor":11,"gold_loss":0,"cards_obtained":["Regret"]},{"cards_removed":["Defend_R"],"damage_healed":0,"gold_gain":0,"player_choice":"Offered Basic","damage_taken":0,"max_hp_gain":0,"max_hp_loss":0,"event_name":"Bonfire Elementals","floor":14,"gold_loss":0}],"is_beta":true,"boss_relics":[],"items_purged_floors":[2,13],"is_endless":false,"potions_floor_spawned":[5,7,10],"ascension_level":1}