{"gold_per_floor":[114,114,114,131,143,143,160,335,381,381,381,401,416,428,428,428],"floor_reached":16,"playtime":602,"items_purged":[],"score":113,"play_id":"fcad186d-c4f9-4f42-ad7b-d4baf237577e","local_time":"20190205202322","is_ascension_mode":true,"campfire_choices":[{"data":"Neutralize","floor":6,"key":"SMITH"},{"data":"Reflex","floor":11,"key":"SMITH"},{"floor":15,"key":"REST"}],"neow_cost":"NONE","seed_source_timestamp":20726054682014,"circlet_count":0,"master_deck":["Defend_G","Defend_G","Defend_G","Defend_G","Defend_G","Strike_G","Strike_G","Strike_G","Strike_G","Strike_G","Survivor+1","Neutralize+1","Slice","Reflex+1","Doubt","Expertise","Prepared"],"relics":["Ring of the Snake","Potion Belt","Mercury Hourglass"],"potions_floor_usage":[12],"damage_taken":[{"damage":0,"enemies":"2 Louse","floor":1,"turns":5},{"damage":0,"enemies":"Cultist","floor":4,"turns":4},{"damage":0,"enemies":"Jaw Worm","floor":5,"turns":3},{"damage":8,"enemies":"Exordium Wildlife","floor":7,"turns":5},{"damage":0,"enemies":"Lots of Slimes","floor":12,"turns":2},{"damage":24,"enemies":"Gremlin Gang","floor":13,"turns":4},{"damage":8,"enemies":"Exordium Wildlife","floor":14,"turns":4},{"damage":60,"enemies":"Hexaghost","floor":16,"turns":13}],"seed_played":"403903364521757215","potions_obtained":[{"floor":4,"key":"Explosive Potion"},{"floor":5,"key":"FearPotion"},{"floor":13,"key":"SneckoOil"}],"is_trial":false,"path_per_floor":["M","?","$","M","M","R","M","?","T","T","R","M","M","M","R","B"],"character_chosen":"THE_SILENT","items_purchased":[],"campfire_rested":1,"item_purchase_floors":[],"current_hp_per_floor":[77,77,77,77,77,77,69,69,69,69,69,69,45,37,60,0],"gold":428,"neow_bonus":"TEN_PERCENT_HP_BONUS","is_prod":false,"is_daily":false,"chose_seed":false,"campfire_upgraded":2,"win_rate":0,"timestamp":1549394602,"path_taken":["M","?","$","?","M","R","?","?","T","?","R","M","M","?","R","BOSS"],"build_version":"2019-01-23","purchased_purges":0,"victory":false,"max_hp_per_floor":[77,77,77,77,77,77,77,77,77,77,77,77,77,77,77,77],"card_choices":[{"not_picked":["Acrobatics","Outmaneuver"],"picked":"Slice","floor":1},{"not_picked":["Dagger Throw","Backflip"],"picked":"Reflex","floor":4},{"not_picked":["Dodge and Roll","Flying Knee","Predator"],"picked":"SKIP","floor":5},{"not_picked":["Endless Agony","Noxious Fumes","Dagger Throw"],"picked":"SKIP","floor":7},{"not_picked":["Dash","Acrobatics"],"picked":"Expertise","floor":12},{"not_picked":["Riddle With Holes","Underhanded Strike"],"picked":"Prepared","floor":13},{"not_picked":["Acrobatics","Outmaneuver","Doppelganger"],"picked":"SKIP","floor":14}],"player_experience":216044,"relics_obtained":[{"floor":9,"key":"Potion Belt"},{"floor":10,"key":"Mercury Hourglass"}],"event_choices":[{"damage_healed":0,"gold_gain":0,"player_choice":"Upgraded","damage_taken":0,"max_hp_gain":0,"max_hp_loss":0,"event_name":"Upgrade Shrine","floor":2,"gold_loss":0,"cards_upgraded":["Survivor"]},{"damage_healed":0,"gold_gain":175,"player_choice":"AGREE","damage_taken":0,"max_hp_gain":0,"max_hp_loss":0,"event_name":"Liars Game","floor":8,"gold_loss":0,"cards_obtained":["Doubt"]}],"is_beta":false,"boss_relics":[],"items_purged_floors":[],"is_endless":false,"potions_floor_spawned":[4,5,13],"killed_by":"Hexaghost","ascension_level":4}