{"gold_per_floor":[117,134,84,99,28,28,28,40,40,50,50,50,50,50,50,50],"floor_reached":16,"playtime":755,"items_purged":[],"score":113,"play_id":"5cb99c06-e024-460d-884a-35d4657e9730","local_time":"20181110000732","is_ascension_mode":true,"campfire_choices":[{"data":"Zap","floor":6.0,"key":"SMITH"},{"data":"Blizzard","floor":15.0,"key":"SMITH"}],"neow_cost":"NONE","seed_source_timestamp":0,"circlet_count":0,"master_deck":["Strike_B","Strike_B","Defend_B","Defend_B","Defend_B","Defend_B","Zap+1","Dualcast","Lockon","Chill","Reinforced Body","Skim","Blizzard+1","Capacitor","Glacier"],"special_seed":0,"relics":["Cracked Core","Frozen Egg 2","PreservedInsect"],"potions_floor_usage":[16],"damage_taken":[{"damage":2.0,"enemies":"Jaw Worm","floor":1.0,"turns":3.0},{"damage":1.0,"enemies":"2 Louse","floor":2.0,"turns":2.0},{"damage":0.0,"enemies":"Cultist","floor":4.0,"turns":2.0},{"damage":2.0,"enemies":"Exordium Thugs","floor":8.0,"turns":4.0},{"damage":2.0,"enemies":"Looter","floor":10.0,"turns":3.0},{"damage":98,"enemies":"Hexaghost","floor":16,"turns":16}],"seed_played":"3062927348829048281","potions_obtained":[{"floor":2.0,"key":"Energy Potion"},{"floor":8.0,"key":"Regen Potion"},{"floor":10.0,"key":"Energy Potion"}],"is_trial":false,"path_per_floor":["M","M","?","M","$","R","?","M","T","M","T","$","?","$","R","B"],"character_chosen":"DEFECT","items_purchased":["Skim"],"campfire_rested":0,"item_purchase_floors":[5],"current_hp_per_floor":[80,79,79,79,79,79,79,77,77,75,75,75,80,80,80,0],"gold":50,"neow_bonus":"TEN_PERCENT_HP_BONUS","is_prod":false,"is_daily":false,"chose_seed":false,"campfire_upgraded":2,"win_rate":0,"timestamp":1541808452,"path_taken":["M","M","?","M","$","R","?","?","T","M","?","$","?","?","R","BOSS"],"build_version":"2018-11-08","purchased_purges":0,"victory":false,"max_hp_per_floor":[82,82,82,82,82,82,82,82,82,82,82,82,87,87,87,87],"card_choices":[{"not_picked":["Steam","Rebound"],"picked":"Lockon","floor":1.0},{"not_picked":["Rebound","Cold Snap"],"picked":"Chill","floor":2.0},{"not_picked":["Self Repair","Steam Power"],"picked":"Reinforced Body","floor":4.0},{"not_picked":["Steam","Beam Cell"],"picked":"Capacitor","floor":8.0},{"not_picked":["Force Field","Recycle"],"picked":"Glacier","floor":10.0}],"player_experience":289150,"relics_obtained":[{"floor":9.0,"key":"Frozen Egg 2"},{"floor":11.0,"key":"PreservedInsect"}],"event_choices":[{"cards_removed":["Strike_B"],"damage_healed":0.0,"max_hp_gain":0.0,"max_hp_loss":0.0,"gold_gain":0.0,"event_name":"The Cleric","player_choice":"Card Removal","floor":3.0,"gold_loss":50.0,"damage_taken":0.0},{"damage_healed":0.0,"max_hp_gain":0.0,"max_hp_loss":0.0,"gold_gain":0.0,"cards_transformed":["Strike_B"],"event_name":"Transmorgrifier","player_choice":"Transformed","floor":7.0,"gold_loss":0.0,"damage_taken":0.0,"cards_obtained":["Blizzard"]},{"damage_healed":0.0,"max_hp_gain":5.0,"max_hp_loss":0.0,"gold_gain":0.0,"event_name":"Big Fish","player_choice":"Donut","floor":13.0,"gold_loss":0.0,"damage_taken":0.0}],"is_beta":true,"boss_relics":[],"items_purged_floors":[],"is_endless":false,"potions_floor_spawned":[2,8,10],"killed_by":"Hexaghost","ascension_level":5}