{"path_per_floor":["M","?","?","M","M","R","$","M","T","M","R","M","?","$","R","B",null,"M","?","M","M","?","R","?","R","T","?","R","E","M","M","R","B",null,"M","$","?","$","?","R","M","R","T","R","?","M","M","M","R","B"],"character_chosen":"DEFECT","items_purchased":["Beam Cell","Panache","Beam Cell"],"gold_per_floor":[117,117,117,130,141,141,19,35,35,50,50,70,70,70,70,175,175,195,195,206,219,219,219,219,219,219,144,144,171,189,209,209,313,313,326,50,50,23,0,0,17,17,17,17,17,34,50,64,64,64],"floor_reached":51,"campfire_rested":3,"playtime":2202,"current_hp_per_floor":[66,66,71,70,70,70,70,67,67,64,64,60,60,60,60,14,73,59,59,45,28,28,28,28,49,49,49,70,42,42,33,54,9,73,64,64,64,64,64,64,64,64,64,64,64,64,64,64,64,64],"items_purged":["Strike_B","Zap"],"gold":64,"score":893,"play_id":"a5e99b59-9e89-4392-bed8-85060b885da4","local_time":"20180511185952","is_prod":false,"is_daily":false,"chose_seed":false,"is_ascension_mode":true,"campfire_upgraded":8,"timestamp":1526090392,"path_taken":["M","?","?","M","M","R","?","M","T","M","R","M","?","$","R","BOSS","M","?","M","M","?","R","?","R","T","?","R","E","?","M","R","BOSS","M","$","?","?","?","R","M","R","T","R","?","?","M","M","R","BOSS"],"build_version":"2018-05-10","seed_source_timestamp":155694368227273,"purchased_purges":2,"victory":true,"master_deck":["Strike_B","Strike_B","Defend_B","Defend_B","Defend_B","Dualcast+1","Go for the Eyes","Beam Cell","Steam","Beam Cell","Axe Kick","Streamline+1","Fusion+1","Redo+1","Aggregate+1","Beam Cell","Axe Kick","Fusion+1","Double Energy+1","Panache","Beam Cell","Reprogram+1","Steam","Reprogram+1"],"max_hp_per_floor":[68,68,73,73,73,73,73,73,73,73,73,73,73,73,73,73,73,73,73,73,73,73,73,73,73,73,73,73,73,73,73,73,73,73,73,73,73,73,73,73,73,73,73,73,73,73,73,73,73,73],"relics":["Cracked Core","Unceasing Top","DataDisk","Lizard Tail","Kunai","Blue Candle","Sozu","Red Mask","Bottled Lightning"],"card_choices":[{"not_picked":["Rebound","Cold Snap"],"picked":"Go for the Eyes","floor":1},{"not_picked":["Reinforced Body","Turbo"],"picked":"Beam Cell","floor":4},{"not_picked":["Storm","Skim"],"picked":"Steam","floor":5},{"not_picked":["Darkness","Stack"],"picked":"Axe Kick","floor":8},{"not_picked":["Capacitor","Cold Snap"],"picked":"Streamline","floor":12},{"not_picked":["Hyperbeam","Buffer"],"picked":"Fusion","floor":16},{"not_picked":["Auto Shields","Sweeping Beam"],"picked":"Redo","floor":21},{"not_picked":["Rebound","Turbo"],"picked":"Aggregate","floor":29},{"not_picked":["Turbo","Cold Snap"],"picked":"Beam Cell","floor":30},{"not_picked":["Machine Learning","Beam Cell"],"picked":"Axe Kick","floor":31},{"not_picked":["Fission","Machine Learning"],"picked":"Fusion","floor":33},{"not_picked":["Force Field","Hologram"],"picked":"Double Energy","floor":35},{"not_picked":["Cold Snap","Hello World"],"picked":"Reprogram","floor":41},{"not_picked":["Capacitor","Sunder"],"picked":"Steam","floor":46},{"not_picked":["Cold Snap","Meteor Strike"],"picked":"Reprogram","floor":48}],"player_experience":213023,"potions_floor_usage":[12,16,21,29,30,33,50],"damage_taken":[{"damage":2,"enemies":"Jaw Worm","floor":1,"turns":3},{"damage":1,"enemies":"Cultist","floor":4,"turns":3},{"damage":0,"enemies":"2 Louse","floor":5,"turns":2},{"damage":3,"enemies":"Blue Slaver","floor":8,"turns":3},{"damage":3,"enemies":"3 Louse","floor":10,"turns":2},{"damage":4,"enemies":"Lots of Slimes","floor":12,"turns":2},{"damage":46,"enemies":"Hexaghost","floor":16,"turns":7},{"damage":14,"enemies":"3 Byrds","floor":18,"turns":5},{"damage":14,"enemies":"2 Thieves","floor":20,"turns":3},{"damage":17,"enemies":"3 Cultists","floor":21,"turns":4},{"damage":28,"enemies":"Book of Stabbing","floor":29,"turns":5},{"damage":0,"enemies":"Chosen and Byrds","floor":30,"turns":4},{"damage":9,"enemies":"Centurion and Healer","floor":31,"turns":5},{"damage":45,"enemies":"Champ","floor":33,"turns":7},{"damage":9,"enemies":"3 Darklings","floor":35,"turns":3},{"damage":0,"enemies":"3 Shapes","floor":41,"turns":2},{"damage":0,"enemies":"Maw","floor":46,"turns":1},{"damage":0,"enemies":"Flame Bruiser 2 Orb","floor":47,"turns":1},{"damage":0,"enemies":"4 Shapes","floor":48,"turns":1},{"damage":0,"enemies":"Awakened One","floor":50,"turns":2}],"event_choices":[{"event_name":"The Lab","player_choice":"Got Potions","floor":2,"damage_taken":0},{"event_name":"Big Fish","player_choice":"Donut","floor":3,"damage_taken":0},{"event_name":"Liars Game","player_choice":"disagreed","floor":13,"damage_taken":0},{"event_name":"Vampires","player_choice":"Ignored","floor":19,"damage_taken":0},{"event_name":"Addict","player_choice":"Ignored","floor":22,"damage_taken":0},{"event_name":"Cursed Tome","player_choice":"Ignored","floor":24,"damage_taken":0},{"event_name":"Beggar","player_choice":"Gave Gold","floor":27,"damage_taken":0},{"event_name":"Tomb of Lord Red Mask","player_choice":"Paid","floor":39,"damage_taken":0},{"event_name":"Mysterious Sphere","player_choice":"Ignore","floor":45,"damage_taken":0}],"boss_relics":[{"not_picked":["Snecko Eye","Inserter"],"picked":"Lizard Tail"},{"not_picked":["Runic Pyramid","Runic Dome"],"picked":"Sozu"}],"potions_floor_spawned":[4,10,16,20,21,33,41,46],"seed_played":"428130147370612950","ascension_level":4,"is_trial":false}