{"gold_per_floor":[111,123,142,13,27,44,74,74,74,88,113,113,24,34,34,138,138,155,155,168,168,168,168,60,88,88,107,119,133,133,153,153,153],"floor_reached":33,"playtime":2156,"items_purged":[],"score":281,"play_id":"cfb31cab-a888-432d-8f9c-4e42b8992cfb","local_time":"20190131204044","is_ascension_mode":false,"campfire_choices":[{"floor":15,"key":"REST"},{"floor":23,"key":"REST"},{"floor":30,"key":"REST"},{"floor":32,"key":"REST"}],"neow_cost":"NONE","seed_source_timestamp":84551075991668,"circlet_count":0,"master_deck":["Strike_R+1","Strike_R+1","Strike_R+1","Strike_R+1","Strike_R+1","Defend_R+1","Defend_R+1","Defend_R+1","Defend_R+1","Bash","Finesse","Iron Wave","Headbutt","Rampage","Perfected Strike","Battle Trance","Shockwave","Seeing Red","Dual Wield","Heavy Blade","Inflame+1","Perfected Strike","Flame Barrier","Pummel","Demon Form","Flame Barrier","Power Through+1","Perfected Strike","Metallicize","Seeing Red","Demon Form","Impervious"],"relics":["Burning Blood","Dream Catcher","Charon\u0027s Ashes","Meat on the Bone","Question Card","Velvet Choker","The Courier","Gremlin Horn"],"potions_floor_usage":[11,16,33],"damage_taken":[{"damage":2,"enemies":"Small Slimes","floor":1,"turns":4},{"damage":1,"enemies":"Jaw Worm","floor":2,"turns":4},{"damage":2,"enemies":"2 Louse","floor":3,"turns":2},{"damage":10,"enemies":"Looter","floor":5,"turns":3},{"damage":1,"enemies":"2 Fungi Beasts","floor":6,"turns":3},{"damage":27,"enemies":"3 Sentries","floor":7,"turns":7},{"damage":9,"enemies":"Exordium Thugs","floor":10,"turns":4},{"damage":16,"enemies":"Lagavulin","floor":11,"turns":5},{"damage":9,"enemies":"Gremlin Gang","floor":14,"turns":4},{"damage":66,"enemies":"The Guardian","floor":16,"turns":10},{"damage":23,"enemies":"3 Byrds","floor":18,"turns":5},{"damage":14,"enemies":"Shell Parasite","floor":20,"turns":6},{"damage":19,"enemies":"Gremlin Leader","floor":25,"turns":5},{"damage":23,"enemies":"3 Cultists","floor":27,"turns":6},{"damage":21,"enemies":"Snake Plant","floor":28,"turns":6},{"damage":12,"enemies":"Snecko","floor":29,"turns":5},{"damage":16,"enemies":"Chosen and Byrds","floor":31,"turns":5},{"damage":90,"enemies":"Collector","floor":33,"turns":8}],"seed_played":"8097297590821066725","potions_obtained":[{"floor":1,"key":"Poison Potion"},{"floor":3,"key":"SteroidPotion"},{"floor":14,"key":"PowerPotion"},{"floor":16,"key":"SteroidPotion"},{"floor":20,"key":"LiquidBronze"}],"is_trial":false,"path_per_floor":["M","M","M","$","M","M","E","?","T","M","E","?","$","M","R","B",null,"M","?","M","?","?","R","$","E","T","M","M","M","R","M","R","B"],"character_chosen":"IRONCLAD","items_purchased":["Perfected Strike","Battle Trance","Perfected Strike","Flame Barrier","Metallicize","Seeing Red"],"campfire_rested":4,"item_purchase_floors":[4,4,13,13,24,24],"current_hp_per_floor":[80,80,80,80,76,80,59,52,52,49,51,35,35,44,68,20,80,63,63,55,55,55,79,79,66,66,49,46,52,76,66,80,0],"gold":153,"neow_bonus":"RANDOM_COLORLESS","is_prod":false,"is_daily":false,"chose_seed":false,"campfire_upgraded":0,"win_rate":0.0,"timestamp":1548988844,"path_taken":["M","M","M","$","M","M","E","?","T","M","E","?","?","M","R","BOSS","M","?","M","?","?","R","$","E","T","M","M","M","R","M","R","BOSS"],"build_version":"2019-01-23","purchased_purges":0,"victory":false,"max_hp_per_floor":[80,80,80,80,80,80,80,80,80,80,80,80,80,80,80,80,80,80,80,80,80,80,80,80,80,80,80,80,80,80,80,80,80],"card_choices":[{"not_picked":["Bloodletting","Warcry"],"picked":"Iron Wave","floor":1},{"not_picked":["Corruption","Ghostly Armor"],"picked":"Headbutt","floor":2},{"not_picked":["Iron Wave","Headbutt"],"picked":"Rampage","floor":3},{"not_picked":["Barricade","Wild Strike"],"picked":"Shockwave","floor":5},{"not_picked":["Sword Boomerang","Disarm"],"picked":"Seeing Red","floor":6},{"not_picked":["Headbutt","Warcry"],"picked":"Dual Wield","floor":7},{"not_picked":["Rampage","Flex"],"picked":"Heavy Blade","floor":10},{"not_picked":["Evolve","Sword Boomerang"],"picked":"Inflame","floor":11},{"not_picked":["Clash","Evolve","Corruption"],"picked":"Barricade","floor":14},{"not_picked":["Hemokinesis","Wild Strike","Body Slam"],"picked":"Pummel","floor":15},{"not_picked":["Barricade","Reaper","Bludgeon"],"picked":"Demon Form","floor":16},{"not_picked":["Searing Blow","Shockwave","Heavy Blade"],"picked":"Flame Barrier","floor":18},{"not_picked":["Flex","Ghostly Armor+1","Cleave"],"picked":"Power Through+1","floor":20},{"not_picked":["Armaments","Headbutt+1","Cleave"],"picked":"Perfected Strike","floor":23},{"not_picked":["Headbutt","Wild Strike","Body Slam","Fire Breathing"],"picked":"SKIP","floor":25},{"not_picked":["Clothesline","Iron Wave","Body Slam"],"picked":"Demon Form","floor":27},{"not_picked":["Uppercut","Wild Strike","Cleave","Thunderclap"],"picked":"SKIP","floor":28},{"not_picked":["True Grit","Carnage","Shrug It Off","Heavy Blade+1"],"picked":"SKIP","floor":29},{"not_picked":["Fire Breathing+1","Anger","Cleave"],"picked":"Impervious","floor":30},{"not_picked":["Iron Wave","True Grit+1","Feel No Pain","Evolve+1"],"picked":"SKIP","floor":31}],"player_experience":62763,"relics_obtained":[{"floor":7,"key":"Dream Catcher"},{"floor":9,"key":"Meat on the Bone"},{"floor":11,"key":"Question Card"},{"floor":25,"key":"The Courier"},{"floor":26,"key":"Gremlin Horn"}],"event_choices":[{"damage_healed":0,"gold_gain":0,"player_choice":"Success","damage_taken":7,"relics_obtained":["Charon\u0027s Ashes"],"max_hp_gain":0,"max_hp_loss":0,"event_name":"Scrap Ooze","floor":8,"gold_loss":0},{"damage_healed":0,"gold_gain":0,"player_choice":"Entered Light","damage_taken":16,"max_hp_gain":0,"max_hp_loss":0,"event_name":"Shining Light","floor":12,"gold_loss":0,"cards_upgraded":["Inflame","Strike_R"]},{"damage_healed":0,"gold_gain":0,"player_choice":"Ignored","damage_taken":0,"max_hp_gain":0,"max_hp_loss":0,"event_name":"Vampires","floor":19,"gold_loss":0},{"damage_healed":0,"gold_gain":0,"player_choice":"Simplicity","damage_taken":0,"max_hp_gain":0,"max_hp_loss":0,"event_name":"Back to Basics","floor":21,"gold_loss":0,"cards_upgraded":["Strike_R","Strike_R","Strike_R","Strike_R","Defend_R","Defend_R","Defend_R","Defend_R"]},{"cards_removed":["Barricade"],"damage_healed":0,"gold_gain":0,"player_choice":"Purged","damage_taken":0,"max_hp_gain":0,"max_hp_loss":0,"event_name":"Purifier","floor":22,"gold_loss":0}],"is_beta":false,"boss_relics":[{"not_picked":["Empty Cage","Black Star"],"picked":"Velvet Choker"}],"items_purged_floors":[],"is_endless":false,"potions_floor_spawned":[1,3,14,16,20,25,29,31],"killed_by":"Collector","ascension_level":0}