{"path_per_floor":["M","?","?","M","?","R","E","T","T","M","M","R","?","M","R","B",null,"M","$","?","$","M","R","M","R","T","R","M","M","$","M","R"],"character_chosen":"DEFECT","items_purchased":["Reboot"],"gold_per_floor":[15,0,0,15,15,15,50,50,77,96,114,114,79,104,104,227,265,283,49,49,49,65,65,81,81,81,81,100,116,16,40,40,40],"floor_reached":33,"campfire_rested":3,"playtime":1242,"current_hp_per_floor":[61,61,61,58,75,75,47,47,47,47,46,46,64,62,62,14,65,56,56,56,56,53,53,29,53,53,77,77,74,74,33,57,0],"items_purged":["Injury","Writhe"],"gold":40,"score":358,"play_id":"1c178eae-1652-4ba4-9da8-8daec87f1cd3","local_time":"20180513103523","is_prod":false,"is_daily":false,"chose_seed":false,"is_ascension_mode":true,"campfire_upgraded":4,"timestamp":1526232923,"path_taken":["M","?","?","M","?","R","E","?","T","M","M","R","?","?","R","BOSS","M","$","?","?","M","R","M","R","T","R","?","M","$","M","R","BOSS"],"build_version":"2018-05-12v2","seed_source_timestamp":89089656205421,"purchased_purges":2,"victory":false,"master_deck":["Strike_B","Strike_B","Strike_B","Strike_B","Defend_B","Defend_B","Defend_B+1","Defend_B","Zap+1","Dualcast","Reboot","Axe Kick","Axe Kick+1","Go for the Eyes+1","Axe Kick","Coolheaded+1","Skim","All For One","Ball Lightning","Reboot","Axe Kick+1","All For One"],"max_hp_per_floor":[75,75,75,75,75,75,75,75,75,75,75,75,75,75,75,75,80,80,80,80,80,80,80,80,80,80,80,80,80,80,80,80,80],"relics":["Cracked Core","Golden Idol","Prayer Wheel","Torii","Potion Belt","Tiny House","Bag of Preparation","Dodecahedron"],"card_choices":[{"not_picked":["Echo Form","Meteor Strike"],"picked":"Reboot","floor":0},{"not_picked":["Barrage","Hello World","Rebound"],"picked":"SKIP","floor":1},{"not_picked":["Rip and Tear","Streamline"],"picked":"Axe Kick","floor":4},{"not_picked":["Turbo","BootSequence"],"picked":"Axe Kick","floor":7},{"not_picked":["Self Repair","Steam Power"],"picked":"Go for the Eyes","floor":8},{"not_picked":["Gash","Chill"],"picked":"Axe Kick","floor":9},{"not_picked":["Force Field","Gash"],"picked":"Coolheaded","floor":10},{"not_picked":["Streamline","Steam"],"picked":"Skim","floor":11},{"not_picked":["Go for the Eyes","Streamline","Hologram"],"picked":"SKIP","floor":14},{"not_picked":["Thunder Strike","Amplify"],"picked":"All For One","floor":16},{"not_picked":["Stack","Streamline"],"picked":"Ball Lightning","floor":17},{"not_picked":["Double Energy+1","Leap","Steam"],"picked":"SKIP","floor":18},{"not_picked":["Cold Snap+1","Rebound","Sweeping Beam"],"picked":"SKIP","floor":22},{"not_picked":["Capacitor","Hologram","Sweeping Beam"],"picked":"SKIP","floor":24},{"not_picked":["Cold Snap","Reinforced Body+1"],"picked":"Axe Kick+1","floor":26},{"not_picked":["Stack+1","Redo","Undo"],"picked":"SKIP","floor":28},{"not_picked":["Rebound","Self Repair+1"],"picked":"All For One","floor":29},{"not_picked":["Hello World","Sweeping Beam","Streamline"],"picked":"SKIP","floor":31}],"player_experience":234574,"potions_floor_usage":[11,14,18,28,28,28],"damage_taken":[{"damage":7,"enemies":"Jaw Worm","floor":1,"turns":4},{"damage":3,"enemies":"2 Louse","floor":4,"turns":3},{"damage":28,"enemies":"3 Sentries","floor":7,"turns":8},{"damage":0,"enemies":"Small Slimes","floor":10,"turns":3},{"damage":1,"enemies":"Blue Slaver","floor":11,"turns":2},{"damage":2,"enemies":"2 Fungi Beasts","floor":14,"turns":2},{"damage":48,"enemies":"Slime Boss","floor":16,"turns":11},{"damage":9,"enemies":"2 Thieves","floor":18,"turns":3},{"damage":3,"enemies":"Shell Parasite","floor":22,"turns":3},{"damage":24,"enemies":"Snake Plant","floor":24,"turns":5},{"damage":0,"enemies":"Snecko","floor":28,"turns":3},{"damage":3,"enemies":"Centurion and Healer","floor":29,"turns":5},{"damage":41,"enemies":"Slaver and Parasite","floor":31,"turns":3},{"damage":58,"enemies":"Collector","floor":33,"turns":6}],"event_choices":[{"event_name":"World of Goop","player_choice":"Left","floor":2,"damage_taken":0},{"event_name":"Golden Idol","player_choice":"Take Wound","floor":3,"damage_taken":0},{"event_name":"Big Fish","player_choice":"Banana","floor":5,"damage_taken":0},{"event_name":"The Cleric","player_choice":"Healed","floor":13,"damage_taken":0},{"event_name":"The Mausoleum","player_choice":"Yes","floor":20,"damage_taken":0}],"boss_relics":[{"not_picked":["Nuclear Battery","Black Star"],"picked":"Tiny House"}],"potions_floor_spawned":[4,10,16,22,24],"seed_played":"-5828955550666177656","killed_by":"Collector","ascension_level":7,"is_trial":false}