{"gold_per_floor":[117,128,403,413,413,413,413,413,436,5,5,32,42,53,53,153,153,165,165,105,105,105],"floor_reached":22,"playtime":908,"items_purged":["Regret"],"score":255,"play_id":"cc365e4e-7888-47b2-8da1-a25bf1dd2d04","local_time":"20190124033038","is_ascension_mode":true,"campfire_choices":[{"data":"Redo","floor":6,"key":"SMITH"},{"data":"Zap","floor":8,"key":"SMITH"},{"data":"Chrysalis","floor":11,"key":"SMITH"},{"floor":15,"key":"REST"}],"neow_cost":"NONE","seed_source_timestamp":1163536853926818,"circlet_count":0,"master_deck":["Strike_B","Strike_B","Strike_B","Strike_B","Defend_B","Defend_B","Defend_B","Defend_B","Zap+1","Dualcast","Redo+1","Static Discharge+1","Regret","Chill","Chrysalis+1","Fission","Steam","Auto Shields","Core Surge","Coolheaded","Lockon+1"],"relics":["Cracked Core","NeowsBlessing","Potion Belt","Ancient Tea Set","Art of War","ClockworkSouvenir","Sundial","Cursed Key"],"potions_floor_usage":[14,16],"damage_taken":[{"damage":0,"enemies":"2 Louse","floor":1,"turns":1},{"damage":0,"enemies":"Cultist","floor":2,"turns":1},{"damage":0,"enemies":"Small Slimes","floor":4,"turns":1},{"damage":34,"enemies":"3 Sentries","floor":12,"turns":12},{"damage":10,"enemies":"Blue Slaver","floor":13,"turns":5},{"damage":3,"enemies":"Exordium Thugs","floor":14,"turns":5},{"damage":42,"enemies":"Slime Boss","floor":16,"turns":17},{"damage":12,"enemies":"Chosen","floor":18,"turns":5},{"damage":5,"enemies":"2 Thieves","floor":20,"turns":4},{"damage":18,"enemies":"Centurion and Healer","floor":22,"turns":7}],"seed_played":"6905199507564802123","potions_obtained":[{"floor":4,"key":"Swift Potion"},{"floor":12,"key":"Strength Potion"},{"floor":13,"key":"SkillPotion"},{"floor":16,"key":"Energy Potion"}],"is_trial":false,"path_per_floor":["M","M","?","M","?","R","?","R","T","$","R","E","M","M","R","B",null,"M","?","M","?","M"],"character_chosen":"DEFECT","items_purchased":["ClockworkSouvenir","Chrysalis"],"campfire_rested":1,"item_purchase_floors":[10,10],"current_hp_per_floor":[68,68,68,68,68,68,68,68,68,68,68,34,24,21,43,1,57,45,45,40,26,8],"gold":105,"neow_bonus":"THREE_ENEMY_KILL","is_prod":false,"is_daily":false,"chose_seed":false,"campfire_upgraded":3,"win_rate":0,"timestamp":1548300638,"path_taken":["M","M","?","?","?","R","?","R","T","$","R","E","?","M","R","BOSS","M","?","?","?","M"],"build_version":"2019-01-23","purchased_purges":1,"victory":false,"max_hp_per_floor":[75,75,75,75,75,75,75,75,75,75,75,75,75,75,75,75,75,75,75,75,80,80],"card_choices":[{"not_picked":["Sweeping Beam","Turbo"],"picked":"Redo","floor":1},{"not_picked":["Hologram","Gash"],"picked":"Static Discharge","floor":2},{"not_picked":["Coolheaded","Sweeping Beam"],"picked":"Chill","floor":4},{"not_picked":["Scrape","Recycle"],"picked":"Fission","floor":12},{"not_picked":["Barrage","Darkness"],"picked":"Steam","floor":13},{"not_picked":["Barrage","Hologram"],"picked":"Auto Shields","floor":14},{"not_picked":["Echo Form","Buffer"],"picked":"Core Surge","floor":16},{"not_picked":["Barrage","Leap"],"picked":"Coolheaded","floor":18},{"not_picked":["Rebound","Conserve Battery"],"picked":"Lockon+1","floor":20}],"player_experience":469076,"relics_obtained":[{"floor":9,"key":"Art of War"},{"floor":12,"key":"Sundial"}],"event_choices":[{"damage_healed":0,"gold_gain":275,"player_choice":"Desecrate","damage_taken":0,"max_hp_gain":0,"max_hp_loss":0,"event_name":"Golden Shrine","floor":3,"gold_loss":0,"cards_obtained":["Regret"]},{"damage_healed":0,"gold_gain":0,"player_choice":"Box","damage_taken":0,"relics_obtained":["Potion Belt"],"max_hp_gain":0,"max_hp_loss":0,"event_name":"Big Fish","floor":5,"gold_loss":0,"cards_obtained":["Regret"]},{"damage_healed":0,"gold_gain":0,"player_choice":"Gave Potion","damage_taken":0,"relics_obtained":["Ancient Tea Set"],"max_hp_gain":0,"max_hp_loss":0,"event_name":"WeMeetAgain","floor":7,"gold_loss":0},{"damage_healed":0,"gold_gain":0,"player_choice":"Upgraded","damage_taken":0,"max_hp_gain":0,"max_hp_loss":0,"event_name":"Upgrade Shrine","floor":19,"gold_loss":0,"cards_upgraded":["Static Discharge"]},{"damage_healed":0,"gold_gain":0,"player_choice":"Shed Blood","damage_taken":19,"max_hp_gain":5,"max_hp_loss":0,"event_name":"Forgotten Altar","floor":21,"gold_loss":0}],"is_beta":true,"boss_relics":[{"not_picked":["Busted Crown","Sozu"],"picked":"Cursed Key"}],"items_purged_floors":[10],"is_endless":false,"potions_floor_spawned":[4,12,13,16],"killed_by":"Centurion and Healer","ascension_level":8}