{"gold_per_floor":[115,135,135,149,3,3,22,22,22,22,47,67,131,27,27,125,125,138,17,35,110,124,124,154,166,166,0,0,0,0,12,24,135,147,177,206,238,270,282,294,306],"floor_reached":41,"playtime":3701,"items_purged":["Pain"],"score":463,"play_id":"ee2aa571-0680-482b-b2be-fe047f5ffdb5","local_time":"20190209131004","is_ascension_mode":true,"campfire_choices":[{"floor":6,"key":"RECALL"},{"floor":15,"key":"REST"},{"floor":23,"key":"REST"},{"floor":29,"key":"REST"},{"floor":32,"key":"REST"},{"floor":40,"key":"REST"}],"neow_cost":"NONE","seed_source_timestamp":73075837166546,"circlet_count":0,"master_deck":["Strike_B","Strike_B","Strike_B","Defend_B","Defend_B","Defend_B","Defend_B","Zap","Dualcast+1","Melter","Redo","Cold Snap","Go for the Eyes","Coolheaded","Glacier","Conserve Battery+1","Rebound","Reinforced Body+1","Fusion+1","Creative AI","Sweeping Beam+1","Loop","Streamline","Defragment","Tempest+1","Writhe","Electrodynamics","Leap+1","Fission+1"],"relics":["FrozenCore","WarpedTongs","Toxic Egg 2","Bag of Marbles","Pear","Tiny Chest","Sozu","Pantograph","Sundial","MawBank"],"potions_floor_usage":[16,25,25,33],"damage_taken":[{"damage":2,"enemies":"Jaw Worm","floor":1,"turns":3},{"damage":0,"enemies":"Cultist","floor":2,"turns":2},{"damage":11,"enemies":"Small Slimes","floor":4,"turns":2},{"damage":0,"enemies":"Blue Slaver","floor":7,"turns":3},{"damage":2,"enemies":"3 Sentries","floor":11,"turns":11},{"damage":1,"enemies":"2 Fungi Beasts","floor":12,"turns":2},{"damage":4,"enemies":"Lagavulin","floor":13,"turns":6},{"damage":25,"enemies":"Slime Boss","floor":16,"turns":13},{"damage":0,"enemies":"Spheric Guardian","floor":18,"turns":4},{"damage":11,"enemies":"Shell Parasite","floor":20,"turns":7},{"damage":6,"enemies":"Sentry and Sphere","floor":22,"turns":3},{"damage":57,"enemies":"Slavers","floor":24,"turns":6},{"damage":24,"enemies":"Shelled Parasite and Fungi","floor":25,"turns":3},{"damage":46,"enemies":"Automaton","floor":33,"turns":10},{"damage":9,"enemies":"Orb Walker","floor":35,"turns":4},{"damage":23,"enemies":"3 Darklings","floor":36,"turns":4},{"damage":34,"enemies":"Spire Growth","floor":37,"turns":7},{"damage":17,"enemies":"4 Shapes","floor":38,"turns":5},{"damage":27,"enemies":"Transient","floor":41,"turns":3}],"seed_played":"-1633660741827387457","potions_obtained":[{"floor":1,"key":"LiquidBronze"},{"floor":4,"key":"Explosive Potion"},{"floor":12,"key":"SkillPotion"},{"floor":16,"key":"Fire Potion"}],"is_trial":false,"path_per_floor":["M","M","?","M","$","R","M","$","T","T","E","M","E","$","R","B",null,"M","$","M","?","M","R","E","M","T","?","T","R","?","$","R","B",null,"M","M","M","M","?","R","M"],"character_chosen":"DEFECT","items_purchased":["Go for the Eyes","Coolheaded","Reinforced Body+1","Fusion+1","Loop","Streamline"],"campfire_rested":5,"item_purchase_floors":[5,5,14,14,19,19],"current_hp_per_floor":[73,73,73,62,62,62,62,62,62,62,70,69,65,65,85,60,85,85,85,74,66,60,85,28,4,4,4,4,29,29,29,54,33,85,76,53,19,2,2,27,0],"gold":306,"neow_bonus":"UPGRADE_CARD","is_prod":false,"is_daily":false,"chose_seed":false,"campfire_upgraded":0,"win_rate":0,"timestamp":1549739404,"path_taken":["M","M","?","M","$","R","?","?","T","?","E","M","E","$","R","BOSS","M","$","M","?","M","R","E","?","T","?","?","R","?","?","R","BOSS","M","M","M","M","?","R","M"],"build_version":"2019-01-23","purchased_purges":1,"victory":false,"max_hp_per_floor":[75,75,75,75,75,75,75,75,75,75,85,85,85,85,85,85,85,85,85,85,85,85,85,85,85,85,85,85,85,85,85,85,85,85,85,85,85,85,85,85,85],"card_choices":[{"not_picked":["Steam Power","FTL"],"picked":"Melter","floor":1},{"not_picked":["Chaos","Double Energy"],"picked":"Redo","floor":2},{"not_picked":["Aggregate","Leap"],"picked":"Cold Snap","floor":4},{"not_picked":["Fusion","Redo"],"picked":"Glacier","floor":7},{"not_picked":["Thunder Strike","Steam+1","Storm"],"picked":"SKIP","floor":11},{"not_picked":["Compile Driver","Rip and Tear"],"picked":"Conserve Battery+1","floor":12},{"not_picked":["Compile Driver","Beam Cell"],"picked":"Rebound","floor":13},{"not_picked":["Amplify+1","Machine Learning"],"picked":"Creative AI","floor":16},{"not_picked":["Beam Cell","Blizzard"],"picked":"Sweeping Beam+1","floor":18},{"not_picked":["Loop","BootSequence+1"],"picked":"Defragment","floor":20},{"not_picked":["Blizzard","Go for the Eyes+1"],"picked":"Tempest+1","floor":22},{"not_picked":["Conserve Battery+1","Force Field+1","Genetic Algorithm+1"],"picked":"SKIP","floor":24},{"not_picked":["Ball Lightning","Compile Driver","Reprogram+1"],"picked":"SKIP","floor":25},{"not_picked":["Meteor Strike","Machine Learning"],"picked":"Electrodynamics","floor":33},{"not_picked":["Compile Driver+1","Rip and Tear"],"picked":"Leap+1","floor":35},{"not_picked":["Beam Cell","Coolheaded+1"],"picked":"Fission+1","floor":36},{"not_picked":["Force Field+1","Sweeping Beam","Cold Snap"],"picked":"SKIP","floor":37},{"not_picked":["Sweeping Beam+1","Self Repair","Lockon+1"],"picked":"SKIP","floor":38}],"player_experience":104910,"relics_obtained":[{"floor":9,"key":"Toxic Egg 2"},{"floor":10,"key":"Bag of Marbles"},{"floor":11,"key":"Pear"},{"floor":13,"key":"Tiny Chest"},{"floor":24,"key":"Pantograph"},{"floor":28,"key":"Sundial"}],"event_choices":[{"damage_healed":0,"gold_gain":0,"player_choice":"Rummage","damage_taken":0,"relics_obtained":["WarpedTongs"],"max_hp_gain":0,"max_hp_loss":0,"event_name":"Accursed Blacksmith","floor":3,"gold_loss":0,"cards_obtained":["Pain"]},{"damage_healed":0,"gold_gain":75,"player_choice":"Touch","damage_taken":8,"max_hp_gain":0,"max_hp_loss":0,"event_name":"FaceTrader","floor":21,"gold_loss":0},{"damage_healed":0,"gold_gain":0,"player_choice":"Paid Fearfully","damage_taken":0,"max_hp_gain":0,"max_hp_loss":0,"event_name":"Masked Bandits","floor":27,"gold_loss":166},{"damage_healed":0,"gold_gain":0,"player_choice":"Opened","damage_taken":0,"relics_obtained":["MawBank"],"max_hp_gain":0,"max_hp_loss":0,"event_name":"The Mausoleum","floor":30,"gold_loss":0,"cards_obtained":["Writhe"]},{"cards_removed":["Strike_B"],"damage_healed":0,"gold_gain":0,"player_choice":"Removed Attack","damage_taken":0,"max_hp_gain":0,"max_hp_loss":0,"event_name":"Falling","floor":39,"gold_loss":0}],"is_beta":false,"boss_relics":[{"not_picked":["Ectoplasm","Runic Dome"],"picked":"Sozu"},{"not_picked":["Cursed Key","Pandora\u0027s Box"],"picked":"FrozenCore"}],"items_purged_floors":[5],"is_endless":false,"potions_floor_spawned":[1,4,12,13,16,24,25,33,35,37],"killed_by":"Transient","ascension_level":2}