{"path_per_floor":["M","?","?","M","M","R","?","E","T","$","M","R","$","E","R","B",null,"M","$","?","M","T","R","E","M","T","M","M","?","M","$","R"],"character_chosen":"DEFECT","items_purchased":["Scrape","Reprogram","Double Energy"],"gold_per_floor":[111,111,111,124,142,142,317,353,353,133,154,154,17,51,51,170,170,188,63,13,37,37,37,68,81,81,96,111,34,59,59,59,59],"floor_reached":33,"campfire_rested":1,"playtime":1602,"current_hp_per_floor":[74,74,56,47,47,47,47,45,45,45,35,35,35,20,46,46,89,84,84,84,74,74,74,52,46,56,43,53,53,50,50,50,0],"items_purged":["Doubt","Strike_B","Strike_B"],"gold":59,"score":366,"play_id":"8a062239-417d-4168-b4b9-86ffdf73c433","local_time":"20180507220645","is_prod":false,"is_daily":false,"chose_seed":false,"is_ascension_mode":true,"campfire_upgraded":4,"timestamp":1525727205,"path_taken":["M","?","?","?","M","R","?","E","T","$","?","R","?","E","R","BOSS","M","$","?","M","?","R","E","M","T","?","M","?","M","$","R","BOSS"],"build_version":"2018-05-03","seed_source_timestamp":781111845097696,"purchased_purges":3,"victory":false,"master_deck":["Strike_B","Strike_B","Defend_B","Defend_B","Defend_B","Defend_B","Zap+1","Dualcast+1","Skim","Beam Cell","Go for the Eyes+1","Fission","Scrape","Reprogram","FTL+1","Double Energy","Streamline+1","Prime","BootSequence","Double Energy","Chill","White Noise+1","Static Discharge+1","Leap","Defragment","Storm+1","Impulse","J.A.X.","Axe Kick"],"max_hp_per_floor":[75,75,75,75,75,75,75,89,89,89,89,89,89,89,89,89,89,89,89,89,89,89,89,89,89,99,99,99,99,99,99,99,99],"relics":["Cracked Core","Golden Idol","Mango","Calipers","Matryoshka","Orrery","Whetstone","Dodecahedron","Bird Faced Urn","Happy Flower","Pear"],"card_choices":[{"not_picked":["Axe Kick","Hologram"],"picked":"Skim","floor":1},{"not_picked":["Steam Power","Capacitor"],"picked":"Beam Cell","floor":4},{"not_picked":["Sweeping Beam","Turbo"],"picked":"Go for the Eyes","floor":5},{"not_picked":["Beam Cell","Barrage"],"picked":"Fission","floor":8},{"not_picked":["Leap","Doom and Gloom"],"picked":"FTL","floor":11},{"not_picked":["Go for the Eyes","Hyperbeam"],"picked":"Streamline","floor":14},{"not_picked":["Thunder Strike","Fission"],"picked":"Prime","floor":16},{"not_picked":["Coolheaded","Axe Kick"],"picked":"BootSequence","floor":17},{"not_picked":["Hologram","Beam Cell"],"picked":"Double Energy","floor":17},{"not_picked":["Impulse","Hologram"],"picked":"Chill","floor":17},{"not_picked":["Coolheaded","Skim"],"picked":"White Noise","floor":17},{"not_picked":["Melter","Skim"],"picked":"Static Discharge","floor":18},{"not_picked":["White Noise","Ball Lightning"],"picked":"Leap","floor":21},{"not_picked":["Heatsinks","Stack"],"picked":"Defragment","floor":24},{"not_picked":["Cold Snap","Blizzard"],"picked":"Storm","floor":27},{"not_picked":["Sweeping Beam","Go for the Eyes"],"picked":"Impulse","floor":28},{"not_picked":["Skim","Leap"],"picked":"Axe Kick","floor":30}],"player_experience":121884,"potions_floor_usage":[18,25,33,33],"damage_taken":[{"damage":1,"enemies":"Jaw Worm","floor":1,"turns":3},{"damage":9,"enemies":"Small Slimes","floor":4,"turns":3},{"damage":0,"enemies":"2 Louse","floor":5,"turns":2},{"damage":16,"enemies":"Lagavulin","floor":8,"turns":5},{"damage":10,"enemies":"Exordium Thugs","floor":11,"turns":4},{"damage":15,"enemies":"Gremlin Nob","floor":14,"turns":3},{"damage":0,"enemies":"Slime Boss","floor":16,"turns":6},{"damage":5,"enemies":"Spheric Guardian","floor":18,"turns":3},{"damage":17,"enemies":"Chosen","floor":21,"turns":6},{"damage":22,"enemies":"Slavers","floor":24,"turns":5},{"damage":10,"enemies":"Snecko","floor":25,"turns":4},{"damage":21,"enemies":"Snake Plant","floor":27,"turns":3},{"damage":0,"enemies":"Cultist and Chosen","floor":28,"turns":5},{"damage":13,"enemies":"Centurion and Healer","floor":30,"turns":6},{"damage":64,"enemies":"Champ","floor":33,"turns":8}],"event_choices":[{"event_name":"Living Wall","player_choice":"Grow","floor":2,"damage_taken":0},{"event_name":"Golden Idol","player_choice":"Take Damage","floor":3,"damage_taken":0},{"event_name":"Liars Game","player_choice":"agreed","floor":7,"damage_taken":0},{"event_name":"The Joust","player_choice":"Bet on Murderer","floor":20,"damage_taken":0},{"event_name":"Drug Dealer","player_choice":"Got JAXXED","floor":29,"damage_taken":0}],"boss_relics":[{"not_picked":["Pandora\u0027s Box","Eternal Feather"],"picked":"Orrery"}],"potions_floor_spawned":[4,16,18,28],"seed_played":"-1009476008841954670","killed_by":"Champ","ascension_level":1,"is_trial":false}