{"path_per_floor":["M","?","M","M","?","E","?","R","T","R","M","$","R","E","R","B",null,"M","$","?","?","?","R","E","M","T","$","?","E","M","E","R"],"character_chosen":"DEFECT","items_purchased":["Finesse","Apotheosis","Streamline+1"],"gold_per_floor":[11,11,32,57,132,176,176,176,176,176,201,24,24,55,55,179,179,200,19,19,19,19,19,57,73,73,23,23,56,81,117,117,117],"floor_reached":33,"campfire_rested":2,"playtime":1643,"item_purchase_floors":[],"current_hp_per_floor":[69,51,47,47,36,21,6,28,28,28,37,37,37,31,31,18,75,75,75,75,75,75,75,59,64,64,64,64,52,19,13,37,0],"items_purged":["Strike_B"],"gold":117,"score":340,"play_id":"a7da8358-06d8-49c8-a934-7745757ba857","local_time":"20180520203321","is_prod":false,"is_daily":false,"chose_seed":false,"is_ascension_mode":true,"campfire_upgraded":4,"timestamp":1526844801,"campfire_choices":[{"floor":8.0,"key":"REST"},{"data":"Beam Cell","floor":10.0,"key":"SMITH"},{"data":"Dualcast","floor":13.0,"key":"SMITH"},{"data":"Skim","floor":15.0,"key":"SMITH"},{"data":"Apotheosis","floor":23,"key":"SMITH"},{"floor":32,"key":"REST"}],"path_taken":["M","?","?","M","?","E","?","R","T","R","M","?","R","E","R","BOSS","M","$","?","?","?","R","E","M","T","$","?","E","?","E","R","BOSS"],"build_version":"2018-05-18","seed_source_timestamp":0,"purchased_purges":1,"victory":false,"master_deck":["Strike_B","Strike_B","Strike_B+1","Defend_B","Defend_B","Defend_B","Zap+1","Dualcast+1","All For One","Beam Cell+1","Steam","Self Repair","Skim+1","Skim","Finesse","Beam Cell+1","Electrodynamics","BootSequence+1","Apotheosis+1","Writhe","Streamline+1","Gash+1","Skim","Static Discharge","Hologram","Axe Kick+1"],"max_hp_per_floor":[75,75,75,75,75,75,75,75,75,75,75,75,75,75,75,75,75,75,75,75,75,75,75,82,82,82,82,82,82,82,82,82,82],"relics":["Cracked Core","Golden Idol","Bird Faced Urn","Prayer Wheel","Molten Egg 2","Nuclear Battery","Bag of Marbles","Strawberry","Bottled Tornado","DataDisk","Dream Catcher"],"card_choices":[{"not_picked":["Seek","Reboot"],"picked":"All For One","floor":0.0},{"not_picked":["Storm","Cold Snap"],"picked":"Beam Cell","floor":1.0},{"not_picked":["Redo","Coolheaded"],"picked":"Steam","floor":3.0},{"not_picked":["Loop","Defragment"],"picked":"Self Repair","floor":4.0},{"not_picked":["Steam","Stack"],"picked":"Skim","floor":6.0},{"not_picked":["Cold Snap","Melter"],"picked":"Skim","floor":11.0},{"not_picked":["Sunder","Rip and Tear","Cold Snap"],"picked":"SKIP","floor":11.0},{"not_picked":["Streamline","Hyperbeam"],"picked":"Beam Cell","floor":14.0},{"not_picked":["Multi-Cast","Hyperbeam+1"],"picked":"Electrodynamics","floor":16},{"not_picked":["Streamline+1","Consume"],"picked":"BootSequence+1","floor":18},{"not_picked":["Beam Cell+1","Coolheaded+1","Sunder+1"],"picked":"SKIP","floor":18},{"not_picked":["Chaos+1","Barrage+1","Nova+1"],"picked":"SKIP","floor":24},{"not_picked":["Steam","Consume","Rebound+1"],"picked":"SKIP","floor":25},{"not_picked":["Beam Cell+1","Capacitor","Sweeping Beam+1"],"picked":"SKIP","floor":25},{"not_picked":["Sweeping Beam+1","Coolheaded"],"picked":"Skim","floor":29},{"not_picked":["Scrape+1","Force Field"],"picked":"Static Discharge","floor":30},{"not_picked":["Blizzard+1","Reinforced Body","Force Field"],"picked":"SKIP","floor":30},{"not_picked":["Coolheaded","Aggregate+1"],"picked":"Hologram","floor":31},{"not_picked":["Steam","Hologram"],"picked":"Axe Kick+1","floor":32}],"player_experience":168907,"potions_floor_usage":[18,29],"damage_taken":[{"damage":6.0,"enemies":"2 Louse","floor":1.0,"turns":2.0},{"damage":4.0,"enemies":"Small Slimes","floor":3.0,"turns":3.0},{"damage":0.0,"enemies":"Cultist","floor":4.0,"turns":2.0},{"damage":22.0,"enemies":"3 Sentries","floor":6.0,"turns":8.0},{"damage":0.0,"enemies":"Looter","floor":11.0,"turns":2.0},{"damage":15.0,"enemies":"Gremlin Nob","floor":14.0,"turns":3.0},{"damage":13,"enemies":"Hexaghost","floor":16,"turns":9},{"damage":0,"enemies":"Spheric Guardian","floor":18,"turns":2},{"damage":32,"enemies":"Gremlin Leader","floor":24,"turns":4},{"damage":9,"enemies":"Shell Parasite","floor":25,"turns":3},{"damage":23,"enemies":"Slavers","floor":29,"turns":5},{"damage":47,"enemies":"Chosen and Byrds","floor":30,"turns":6},{"damage":22,"enemies":"Gremlin Leader","floor":31,"turns":5},{"damage":45,"enemies":"Automaton","floor":33,"turns":6}],"relics_obtained":[{"floor":6.0,"key":"Bird Faced Urn"},{"floor":9.0,"key":"Prayer Wheel"},{"floor":14.0,"key":"Molten Egg 2"},{"floor":24,"key":"Strawberry"},{"floor":26,"key":"Bottled Tornado"},{"floor":29,"key":"DataDisk"},{"floor":31,"key":"Dream Catcher"}],"event_choices":[{"event_name":"Golden Idol","player_choice":"Take Damage","floor":2.0,"damage_taken":0.0},{"event_name":"World of Goop","player_choice":"Gather Gold","floor":5.0,"damage_taken":0.0},{"event_name":"Shining Light","player_choice":"Entered Light","floor":7.0,"damage_taken":0.0},{"event_name":"Back to Basics","player_choice":"Elegance","floor":20,"damage_taken":0},{"event_name":"The Mausoleum","player_choice":"Yes","floor":21,"damage_taken":0},{"event_name":"Addict","player_choice":"Ignored","floor":22,"damage_taken":0},{"event_name":"The Library","player_choice":"Read","floor":28,"damage_taken":0}],"boss_relics":[{"not_picked":["Sozu","White Beast Statue"],"picked":"Nuclear Battery"}],"items_purged_floors":[],"potions_floor_spawned":[1,3,11,25,31],"seed_played":"-5150477504052077356","killed_by":"Automaton","ascension_level":2,"potions_obtained":[{"floor":1.0,"key":"SpeedPotion"},{"floor":3.0,"key":"SkillPotion"},{"floor":11.0,"key":"Fire Potion"},{"floor":25,"key":"Explosive Potion"},{"floor":31,"key":"FearPotion"}],"is_trial":false}