{"gold_per_floor":[11,23,23,23,43,43,61,80,105,30,30,41,0],"floor_reached":13,"playtime":364,"items_purged":["Strike_R"],"score":146,"play_id":"f4142023-b639-436b-88f8-56e9eaef564f","local_time":"20190213014228","is_ascension_mode":true,"campfire_choices":[{"data":"Bash","floor":6,"key":"SMITH"},{"floor":11,"key":"REST"}],"neow_cost":"NO_GOLD","seed_source_timestamp":31517166235200,"circlet_count":0,"master_deck":["AscendersBane","Strike_R","Strike_R","Strike_R","Strike_R","Defend_R","Defend_R","Defend_R","Defend_R","Bash+1","Limit Break","Heavy Blade"],"relics":["Burning Blood","GremlinMask","Blood Vial"],"potions_floor_usage":[1,7],"damage_taken":[{"damage":19,"enemies":"Jaw Worm","floor":1,"turns":5},{"damage":4,"enemies":"Small Slimes","floor":2,"turns":5},{"damage":7,"enemies":"Cultist","floor":5,"turns":4},{"damage":50,"enemies":"Gremlin Gang","floor":7,"turns":9},{"damage":18,"enemies":"Blue Slaver","floor":8,"turns":10},{"damage":29,"enemies":"Red Slaver","floor":12,"turns":7},{"damage":16,"enemies":"Looter","floor":13,"turns":3}],"seed_played":"-4826091834429942166","potions_obtained":[{"floor":1,"key":"Fruit Juice"},{"floor":5,"key":"Weak Potion"},{"floor":8,"key":"EssenceOfSteel"}],"is_trial":false,"path_per_floor":["M","M","?","?","M","R","M","M","T","$","R","M","M"],"character_chosen":"IRONCLAD","items_purchased":[],"campfire_rested":1,"item_purchase_floors":[],"current_hp_per_floor":[60,62,67,67,66,66,22,10,10,10,35,14,0],"gold":0,"neow_bonus":"THREE_RARE_CARDS","is_prod":false,"is_daily":false,"chose_seed":false,"campfire_upgraded":1,"win_rate":0,"timestamp":1550014948,"path_taken":["M","M","?","?","?","R","M","M","T","$","R","M","?"],"build_version":"2019-01-23","purchased_purges":1,"victory":false,"max_hp_per_floor":[80,80,85,85,85,85,85,85,85,85,85,85,85],"card_choices":[{"not_picked":["Offering","Reaper"],"picked":"Limit Break","floor":0},{"not_picked":["Headbutt","Searing Blow","Clothesline"],"picked":"SKIP","floor":1},{"not_picked":["Burning Pact","Ghostly Armor","Iron Wave"],"picked":"SKIP","floor":2},{"not_picked":["Clash","Iron Wave","Reckless Charge"],"picked":"SKIP","floor":5},{"not_picked":["Rage","Whirlwind","Clash"],"picked":"SKIP","floor":7},{"not_picked":["Cleave","Shrug It Off"],"picked":"Heavy Blade","floor":8},{"not_picked":["Sever Soul","Twin Strike","Flex"],"picked":"SKIP","floor":12}],"player_experience":729031,"relics_obtained":[{"floor":9,"key":"Blood Vial"}],"event_choices":[{"damage_healed":0,"gold_gain":0,"player_choice":"Donut","damage_taken":0,"max_hp_gain":5,"max_hp_loss":0,"event_name":"Big Fish","floor":3,"gold_loss":0},{"damage_healed":0,"gold_gain":0,"player_choice":"Trade","damage_taken":0,"relics_obtained":["GremlinMask"],"max_hp_gain":0,"max_hp_loss":0,"event_name":"FaceTrader","floor":4,"gold_loss":0}],"is_beta":false,"boss_relics":[],"items_purged_floors":[10],"is_endless":false,"potions_floor_spawned":[1,5,8],"killed_by":"Looter","ascension_level":18}