{"gold_per_floor":[117,129,49,65,82,82,110,120,120,148,148,172,172,202,202,281,281,291,216,230,190,35,35,53,53,80,100,120,133,133,156,156,156],"floor_reached":33,"playtime":1703,"items_purged":[],"score":502,"play_id":"3f1e6941-9747-4be1-b77b-807a54133836","local_time":"20190209222905","is_ascension_mode":true,"campfire_choices":[{"data":"Static Discharge","floor":6.0,"key":"SMITH"},{"data":"Hologram","floor":11.0,"key":"SMITH"},{"floor":13.0,"key":"REST"},{"data":"Zap","floor":15.0,"key":"SMITH"},{"data":"Buffer","floor":23.0,"key":"SMITH"},{"floor":30,"key":"REST"},{"floor":32,"key":"REST"}],"neow_cost":"NONE","seed_source_timestamp":1555304351896562,"circlet_count":0,"master_deck":["AscendersBane","Strike_B","Defend_B","Defend_B","Defend_B","Defend_B","Zap+1","Dualcast","Rebound","Undo","Static Discharge+1","Conserve Battery","Melter","Glacier","Conserve Battery","Hologram+1","Steam","Coolheaded","Seek","Hyperbeam","Buffer+1","Redo","Core Surge","Loop"],"special_seed":0,"relics":["Cracked Core","Bird Faced Urn","Blue Candle","Symbiotic Virus","Ancient Tea Set","Centennial Puzzle","Busted Crown","Strawberry","Dream Catcher"],"potions_floor_usage":[29,33,33],"damage_taken":[{"damage":0.0,"enemies":"Cultist","floor":1.0,"turns":3.0},{"damage":7.0,"enemies":"Jaw Worm","floor":2.0,"turns":3.0},{"damage":0.0,"enemies":"Small Slimes","floor":4.0,"turns":2.0},{"damage":2.0,"enemies":"Red Slaver","floor":5.0,"turns":3.0},{"damage":20.0,"enemies":"Gremlin Nob","floor":7.0,"turns":5.0},{"damage":7.0,"enemies":"Exordium Wildlife","floor":8.0,"turns":5.0},{"damage":4.0,"enemies":"Lagavulin","floor":10.0,"turns":7.0},{"damage":12.0,"enemies":"3 Sentries","floor":14.0,"turns":5.0},{"damage":22.0,"enemies":"Slime Boss","floor":16.0,"turns":13.0},{"damage":15.0,"enemies":"Chosen","floor":18.0,"turns":5.0},{"damage":6.0,"enemies":"3 Byrds","floor":20.0,"turns":3.0},{"damage":8.0,"enemies":"Snake Plant","floor":24.0,"turns":3.0},{"damage":0.0,"enemies":"Gremlin Leader","floor":25.0,"turns":1.0},{"damage":10.0,"enemies":"Snecko","floor":27.0,"turns":6.0},{"damage":18.0,"enemies":"Centurion and Healer","floor":28.0,"turns":10.0},{"damage":3,"enemies":"3 Cultists","floor":29,"turns":4},{"damage":81,"enemies":"Automaton","floor":33,"turns":14}],"seed_played":"-2920897536379422290","potions_obtained":[{"floor":1.0,"key":"Energy Potion"},{"floor":4.0,"key":"Energy Potion"},{"floor":5.0,"key":"FocusPotion"},{"floor":7.0,"key":"Fire Potion"},{"floor":14.0,"key":"Fire Potion"},{"floor":16.0,"key":"Energy Potion"},{"floor":20.0,"key":"SteroidPotion"},{"floor":21.0,"key":"Ancient Potion"},{"floor":21.0,"key":"SmokeBomb"},{"floor":27.0,"key":"AttackPotion"},{"floor":29,"key":"Block Potion"}],"is_trial":false,"path_per_floor":["M","M","$","M","M","R","E","M","T","E","R","T","R","E","R","B",null,"M","?","M","?","$","R","M","E","T","M","M","M","R","T","R","B"],"character_chosen":"DEFECT","items_purchased":["Conserve Battery","Melter","Core Surge","Loop"],"campfire_rested":3,"item_purchase_floors":[3,3,22,22],"current_hp_per_floor":[64,57,57,57,55,55,35,30,30,28,28,28,49,39,39,19,58,45,45,41,41,41,41,37,37,44,40,28,27,50,50,73,0],"gold":156,"neow_bonus":"TRANSFORM_CARD","is_prod":false,"is_daily":false,"chose_seed":false,"campfire_upgraded":4,"win_rate":0,"timestamp":1549718945,"path_taken":["M","M","$","M","M","R","E","M","T","E","R","?","R","E","R","BOSS","M","?","?","?","$","R","?","E","T","M","M","M","R","?","R","BOSS"],"build_version":"2019-01-23","purchased_purges":0,"victory":false,"max_hp_per_floor":[71,71,71,71,71,71,71,71,71,71,71,71,71,71,71,71,71,71,71,71,71,71,71,71,71,78,78,78,78,78,78,78,78],"card_choices":[{"not_picked":["Compile Driver","Barrage"],"picked":"Undo","floor":1.0},{"not_picked":["Compile Driver","Fusion"],"picked":"Static Discharge","floor":2.0},{"not_picked":["Scrape","Doom and Gloom"],"picked":"Glacier","floor":4.0},{"not_picked":["Aggregate","Recycle"],"picked":"Conserve Battery","floor":5.0},{"not_picked":["Streamline","Turbo","Redo"],"picked":"SKIP","floor":7.0},{"not_picked":["Stack","Streamline"],"picked":"Hologram","floor":8.0},{"not_picked":["Compile Driver","Barrage"],"picked":"Steam","floor":10.0},{"not_picked":["Darkness","Stack"],"picked":"Coolheaded","floor":14.0},{"not_picked":["Amplify","All For One"],"picked":"Seek","floor":16.0},{"not_picked":["Static Discharge"],"picked":"SKIP","floor":18.0},{"not_picked":[],"picked":"Redo","floor":20.0},{"not_picked":["Auto Shields"],"picked":"SKIP","floor":24.0},{"not_picked":["Gash"],"picked":"SKIP","floor":27.0},{"not_picked":["Barrage"],"picked":"SKIP","floor":28.0},{"not_picked":["Turbo"],"picked":"SKIP","floor":29}],"player_experience":950351,"relics_obtained":[{"floor":7.0,"key":"Bird Faced Urn"},{"floor":9.0,"key":"Blue Candle"},{"floor":10.0,"key":"Symbiotic Virus"},{"floor":12.0,"key":"Ancient Tea Set"},{"floor":14.0,"key":"Centennial Puzzle"},{"floor":26.0,"key":"Strawberry"},{"floor":31,"key":"Dream Catcher"}],"event_choices":[{"damage_healed":0.0,"max_hp_gain":0.0,"max_hp_loss":0.0,"gold_gain":0.0,"cards_transformed":["Strike_B","Strike_B"],"event_name":"Designer","player_choice":"Transformed Cards","floor":19.0,"gold_loss":75.0,"damage_taken":0.0,"cards_obtained":["Hyperbeam","Buffer"]},{"damage_healed":0.0,"max_hp_gain":0.0,"max_hp_loss":0.0,"gold_gain":0.0,"event_name":"The Woman in Blue","player_choice":"Bought 3 Potions","floor":21.0,"gold_loss":0.0,"damage_taken":0.0}],"is_beta":false,"boss_relics":[{"not_picked":["Tiny House","Orrery"],"picked":"Busted Crown"}],"items_purged_floors":[],"is_endless":false,"potions_floor_spawned":[1,4,5,7,14,16,20,27,29],"killed_by":"Automaton","ascension_level":15}