{"gold_per_floor":[115,190,190,340,340,371,371,22,22,22,33,53,68,95,95,170,170,186,199,218,233,37,70,70,104,104,15,31,31,58,8,8,82,82,100,114,114,133,33,133,133,133,185,58,58,58,68,103,103,103],"floor_reached":51,"playtime":2942,"items_purged":["Doubt","Strike_B","Strike_B"],"score":1409,"play_id":"bec7b49c-9b26-4c19-98d2-13e066b0d516","local_time":"20190209191457","is_ascension_mode":true,"campfire_choices":[{"data":"Consume","floor":7.0,"key":"SMITH"},{"data":"Apotheosis","floor":10,"key":"SMITH"},{"data":"Zap","floor":15,"key":"SMITH"},{"floor":24,"key":"REST"},{"floor":29,"key":"REST"},{"floor":32,"key":"REST"},{"floor":41,"key":"REST"},{"floor":46,"key":"REST"},{"floor":49,"key":"REST"}],"neow_cost":"NONE","seed_source_timestamp":1542031997468443,"circlet_count":0,"master_deck":["AscendersBane","Strike_B","Strike_B","Defend_B","Defend_B","Defend_B","Defend_B","Zap+1","Dualcast","Cold Snap","Consume+1","Machine Learning","Apotheosis+1","Loop","Leap","Skim","Hologram","Thunder Strike+1","Biased Cognition","Coolheaded","Rainbow","Core Surge+1","Darkness","Seek","Reinforced Body+1","Static Discharge","Loop","Cold Snap","Capacitor"],"special_seed":0,"relics":["Cracked Core","NeowsBlessing","Bag of Preparation","Membership Card","Cables","Art of War","Fusion Hammer","FossilizedHelix","Symbiotic Virus","Dead Branch","Nunchaku","Darkstone Periapt","Sozu","Du-Vu Doll","Bronze Scales","OrangePellets","Whetstone"],"potions_floor_usage":[14,23,30,33,50],"damage_taken":[{"damage":0.0,"enemies":"Small Slimes","floor":1.0,"turns":1.0},{"damage":0.0,"enemies":"Lagavulin","floor":6.0,"turns":1.0},{"damage":0,"enemies":"Jaw Worm","floor":11,"turns":1},{"damage":0,"enemies":"2 Louse","floor":12,"turns":2},{"damage":7,"enemies":"2 Fungi Beasts","floor":13,"turns":4},{"damage":14,"enemies":"Gremlin Nob","floor":14,"turns":3},{"damage":3,"enemies":"Hexaghost","floor":16,"turns":8},{"damage":0,"enemies":"Spheric Guardian","floor":18,"turns":3},{"damage":3,"enemies":"Chosen","floor":19,"turns":5},{"damage":4,"enemies":"Sentry and Sphere","floor":20,"turns":5},{"damage":6,"enemies":"Centurion and Healer","floor":21,"turns":5},{"damage":0,"enemies":"Book of Stabbing","floor":23,"turns":5},{"damage":7,"enemies":"Slavers","floor":25,"turns":5},{"damage":0,"enemies":"Shelled Parasite and Fungi","floor":28,"turns":4},{"damage":4,"enemies":"Book of Stabbing","floor":30,"turns":5},{"damage":30,"enemies":"Champ","floor":33,"turns":7},{"damage":0,"enemies":"3 Shapes","floor":35,"turns":5},{"damage":39,"enemies":"3 Darklings","floor":36,"turns":4},{"damage":0,"enemies":"Transient","floor":38,"turns":5},{"damage":0,"enemies":"Mind Bloom Boss Battle","floor":40,"turns":5},{"damage":13,"enemies":"Sphere and 2 Shapes","floor":47,"turns":3},{"damage":0,"enemies":"Reptomancer","floor":48,"turns":8},{"damage":58,"enemies":"Time Eater","floor":50,"turns":8}],"seed_played":"-57897066324629408","potions_obtained":[{"floor":1.0,"key":"Dexterity Potion"},{"floor":13,"key":"Explosive Potion"},{"floor":18,"key":"PowerPotion"},{"floor":23,"key":"Block Potion"},{"floor":30,"key":"Dexterity Potion"}],"is_trial":false,"path_per_floor":["M","?","?","?","?","E","R","$","T","R","M","M","M","E","R","B",null,"M","M","M","M","$","E","R","E","T","$","M","R","E","?","R","B",null,"M","M","?","M","$","?","R","?","T","$","?","R","M","E","R","B",null],"character_chosen":"DEFECT","items_purchased":["Membership Card","Apotheosis","Loop","FossilizedHelix","Core Surge","Darkness","Static Discharge","OrangePellets","Cold Snap"],"campfire_rested":6,"item_purchase_floors":[8,8,8,22,27,27,39,44,44],"current_hp_per_floor":[64,53,53,53,53,53,53,53,53,53,53,53,46,32,32,29,61,61,58,54,48,48,48,69,62,62,62,62,71,67,67,71,41,64,64,25,25,25,25,25,46,46,46,46,46,67,54,54,71,13],"gold":103,"neow_bonus":"THREE_ENEMY_KILL","is_prod":false,"is_daily":false,"chose_seed":false,"campfire_upgraded":3,"win_rate":0,"timestamp":1549707297,"path_taken":["M","?","?","?","?","E","R","$","T","R","M","M","M","E","R","BOSS","M","?","M","M","$","E","R","E","T","?","M","R","E","?","R","BOSS","M","?","?","M","$","?","R","?","T","$","?","R","M","E","R","BOSS"],"build_version":"2019-01-23","purchased_purges":3,"victory":true,"max_hp_per_floor":[71,71,71,71,71,71,71,71,71,71,71,71,71,71,71,71,71,71,71,71,71,71,71,71,71,71,71,71,71,71,71,71,71,71,71,71,71,71,71,71,71,71,71,71,71,71,71,71,71,71],"card_choices":[{"not_picked":["Compile Driver","Barrage"],"picked":"Cold Snap","floor":1.0},{"not_picked":["Sweeping Beam","Streamline"],"picked":"Machine Learning","floor":6.0},{"not_picked":["Ball Lightning","Rip and Tear"],"picked":"Leap","floor":11},{"not_picked":["Force Field","Chaos"],"picked":"Skim","floor":12},{"not_picked":["Stack","Rebound"],"picked":"Hologram","floor":13},{"not_picked":["Redo","Leap"],"picked":"Thunder Strike","floor":14},{"not_picked":["Hyperbeam","All For One"],"picked":"Biased Cognition","floor":16},{"not_picked":["Cold Snap","Rip and Tear","Undo"],"picked":"SKIP","floor":18},{"not_picked":["Steam","Go for the Eyes","Melter"],"picked":"SKIP","floor":19},{"not_picked":["Conserve Battery","Loop","Skim+1"],"picked":"SKIP","floor":20},{"not_picked":["Rebound","Hologram","Reinforced Body"],"picked":"SKIP","floor":21},{"not_picked":["Hello World","Storm"],"picked":"Coolheaded","floor":23},{"not_picked":["Hello World","Multi-Cast"],"picked":"Rainbow","floor":25},{"not_picked":["Go for the Eyes","Barrage","White Noise"],"picked":"SKIP","floor":28},{"not_picked":["Go for the Eyes","Barrage","White Noise"],"picked":"SKIP","floor":28},{"not_picked":["Steam","Ball Lightning","Sweeping Beam"],"picked":"SKIP","floor":30},{"not_picked":["Buffer","Thunder Strike"],"picked":"Seek","floor":33},{"not_picked":["Leap","Double Energy+1","Turbo"],"picked":"SKIP","floor":35},{"not_picked":["Leap","Double Energy+1","Turbo"],"picked":"SKIP","floor":35},{"not_picked":["Turbo","Coolheaded+1","Doom and Gloom"],"picked":"SKIP","floor":36},{"not_picked":["Force Field","Steam"],"picked":"Reinforced Body+1","floor":38},{"not_picked":["Hologram+1","Consume"],"picked":"Loop","floor":40},{"not_picked":["Sweeping Beam+1","Barrage+1","Compile Driver"],"picked":"SKIP","floor":47},{"not_picked":["Chaos","Hello World"],"picked":"Capacitor","floor":48}],"player_experience":943713,"relics_obtained":[{"floor":6.0,"key":"Bag of Preparation"},{"floor":9,"key":"Cables"},{"floor":14,"key":"Art of War"},{"floor":23,"key":"Symbiotic Virus"},{"floor":25,"key":"Dead Branch"},{"floor":26,"key":"Nunchaku"},{"floor":30,"key":"Darkstone Periapt"},{"floor":40,"key":"Du-Vu Doll"},{"floor":43,"key":"Bronze Scales"},{"floor":48,"key":"Whetstone"}],"event_choices":[{"damage_healed":0.0,"max_hp_gain":0.0,"max_hp_loss":0.0,"gold_gain":75.0,"event_name":"World of Goop","player_choice":"Gather Gold","floor":2.0,"gold_loss":0.0,"damage_taken":11.0},{"damage_healed":0.0,"max_hp_gain":0.0,"max_hp_loss":0.0,"gold_gain":0.0,"event_name":"Shining Light","player_choice":"Ignored","floor":3.0,"gold_loss":0.0,"damage_taken":0.0},{"damage_healed":0.0,"max_hp_gain":0.0,"max_hp_loss":0.0,"gold_gain":150.0,"event_name":"Liars Game","player_choice":"AGREE","floor":4.0,"gold_loss":0.0,"damage_taken":0.0,"cards_obtained":["Doubt"]},{"damage_healed":0.0,"max_hp_gain":0.0,"max_hp_loss":0.0,"gold_gain":0.0,"event_name":"Match and Keep!","player_choice":"2 cards matched","floor":5.0,"gold_loss":0.0,"damage_taken":0.0,"cards_obtained":["Consume","Zap"]},{"damage_healed":0,"gold_gain":0,"player_choice":"Bet on Owner","damage_taken":0,"max_hp_gain":0,"max_hp_loss":0,"event_name":"The Joust","floor":31,"gold_loss":50},{"damage_healed":0,"gold_gain":0,"player_choice":"Ignored","damage_taken":0,"max_hp_gain":0,"max_hp_loss":0,"event_name":"Mysterious Sphere","floor":37,"gold_loss":0},{"damage_healed":0,"gold_gain":0,"player_choice":"Fight","damage_taken":0,"max_hp_gain":0,"max_hp_loss":0,"event_name":"MindBloom","floor":40,"gold_loss":0},{"cards_removed":["Zap"],"damage_healed":0,"gold_gain":0,"player_choice":"Removed Skill","damage_taken":0,"max_hp_gain":0,"max_hp_loss":0,"event_name":"Falling","floor":42,"gold_loss":0},{"damage_healed":0,"gold_gain":0,"player_choice":"Memory 1","damage_taken":0,"max_hp_gain":0,"max_hp_loss":0,"event_name":"SensoryStone","floor":45,"gold_loss":0}],"is_beta":false,"boss_relics":[{"not_picked":["Lizard Tail","Snecko Eye"],"picked":"Fusion Hammer"},{"not_picked":["Coffee Dripper","White Beast Statue"],"picked":"Sozu"}],"items_purged_floors":[8,22,39],"is_endless":false,"potions_floor_spawned":[1,13,18,21,23,30,35,38,40],"ascension_level":15}