{"gold_per_floor":[117,127,402,417,48,48,67,95,95,111,138,138,138,154,154,257,257,270,286,336,212,223,254,269,269],"floor_reached":25,"playtime":941,"items_purged":["Regret"],"score":307,"play_id":"01e2a8cc-e39c-491c-9042-e103eefe7e0a","local_time":"20190206150736","is_ascension_mode":true,"campfire_choices":[{"data":"Cleave","floor":6,"key":"SMITH"},{"data":"Spot Weakness","floor":12,"key":"SMITH"},{"floor":15,"key":"REST"}],"neow_cost":"NONE","seed_source_timestamp":4559809812625,"circlet_count":0,"master_deck":["Strike_R","Strike_R","Strike_R","Strike_R","Strike_R","Defend_R","Defend_R","Defend_R","Defend_R","Bash","Trip","Headbutt","Cleave+1","Heavy Blade+1","Juggernaut","Shrug It Off","Spot Weakness+1","Barricade","Parasite","Injury","Clumsy","Shrug It Off","Metallicize+1","Good Instincts","Shrug It Off","Metallicize","Shrug It Off+1"],"relics":["Burning Blood","Incense Burner","Du-Vu Doll","Nunchaku","Bottled Lightning","Calling Bell","Blood Vial","Singing Bowl","Champion Belt","Pen Nib"],"potions_floor_usage":[11,14,16,16,18,23],"damage_taken":[{"damage":2,"enemies":"2 Louse","floor":1,"turns":3},{"damage":1,"enemies":"Cultist","floor":2,"turns":3},{"damage":16,"enemies":"Jaw Worm","floor":4,"turns":4},{"damage":4,"enemies":"Large Slime","floor":7,"turns":5},{"damage":31,"enemies":"3 Sentries","floor":8,"turns":6},{"damage":3,"enemies":"3 Louse","floor":10,"turns":3},{"damage":40,"enemies":"Lagavulin","floor":11,"turns":4},{"damage":0,"enemies":"2 Fungi Beasts","floor":14,"turns":1},{"damage":32,"enemies":"Hexaghost","floor":16,"turns":7},{"damage":25,"enemies":"3 Byrds","floor":18,"turns":5},{"damage":0,"enemies":"Chosen","floor":19,"turns":4},{"damage":0,"enemies":"Snecko","floor":22,"turns":3},{"damage":43,"enemies":"Book of Stabbing","floor":23,"turns":7},{"damage":6,"enemies":"Centurion and Healer","floor":24,"turns":5},{"damage":53,"enemies":"Slavers","floor":25,"turns":3}],"seed_played":"2169214920908437368","potions_obtained":[{"floor":2,"key":"Energy Potion"},{"floor":7,"key":"Strength Potion"},{"floor":8,"key":"Explosive Potion"},{"floor":11,"key":"Fire Potion"},{"floor":14,"key":"FearPotion"},{"floor":18,"key":"SpeedPotion"},{"floor":22,"key":"PowerPotion"}],"is_trial":false,"path_per_floor":["M","M","?","M","$","R","M","E","T","M","E","R","?","M","R","B",null,"M","M","?","$","M","E","M","E"],"character_chosen":"IRONCLAD","items_purchased":["Incense Burner","Good Instincts","Shrug It Off"],"campfire_rested":1,"item_purchase_floors":[5,21,21],"current_hp_per_floor":[80,80,80,70,70,70,72,47,47,50,16,16,16,22,46,20,80,61,69,69,69,79,44,46,0],"gold":269,"neow_bonus":"RANDOM_COLORLESS","is_prod":false,"is_daily":false,"chose_seed":false,"campfire_upgraded":2,"win_rate":0,"timestamp":1549462056,"path_taken":["M","M","?","M","?","R","M","E","T","M","E","R","?","?","R","BOSS","M","?","?","$","M","E","M","E"],"build_version":"2019-01-23","purchased_purges":1,"victory":false,"max_hp_per_floor":[80,80,80,80,80,80,80,80,80,80,80,80,80,80,80,80,80,80,80,80,80,82,82,82,82],"card_choices":[{"not_picked":["Inflame","Shockwave"],"picked":"Headbutt","floor":1},{"not_picked":["Shrug It Off","Rupture"],"picked":"Cleave","floor":2},{"not_picked":["Evolve","Iron Wave","Wild Strike"],"picked":"SKIP","floor":4},{"not_picked":["Fiend Fire","Cleave"],"picked":"Heavy Blade","floor":7},{"not_picked":["Wild Strike","Heavy Blade"],"picked":"Juggernaut","floor":8},{"not_picked":["Rage","Intimidate"],"picked":"Shrug It Off","floor":10},{"not_picked":["Body Slam","Uppercut"],"picked":"Spot Weakness","floor":11},{"not_picked":["Pommel Strike","Wild Strike","Iron Wave"],"picked":"SKIP","floor":14},{"not_picked":["Berserk","Juggernaut"],"picked":"Barricade","floor":16},{"not_picked":["Pommel Strike","Shockwave"],"picked":"Shrug It Off","floor":18},{"not_picked":["Intimidate","Reckless Charge"],"picked":"Metallicize+1","floor":19},{"not_picked":["Headbutt","Pommel Strike+1","Cleave"],"picked":"Singing Bowl","floor":22},{"not_picked":["Sever Soul","Perfected Strike"],"picked":"Metallicize","floor":23},{"not_picked":["True Grit","Wild Strike+1"],"picked":"Shrug It Off+1","floor":24}],"player_experience":221482,"relics_obtained":[{"floor":8,"key":"Du-Vu Doll"},{"floor":9,"key":"Nunchaku"},{"floor":11,"key":"Bottled Lightning"},{"floor":17,"key":"Blood Vial"},{"floor":17,"key":"Singing Bowl"},{"floor":17,"key":"Champion Belt"},{"floor":23,"key":"Pen Nib"}],"event_choices":[{"damage_healed":0,"gold_gain":275,"player_choice":"Desecrate","damage_taken":0,"max_hp_gain":0,"max_hp_loss":0,"event_name":"Golden Shrine","floor":3,"gold_loss":0,"cards_obtained":["Regret"]},{"damage_healed":0,"gold_gain":0,"player_choice":"Upgraded","damage_taken":0,"max_hp_gain":0,"max_hp_loss":0,"event_name":"Upgrade Shrine","floor":13,"gold_loss":0,"cards_upgraded":["Heavy Blade"]},{"damage_healed":0,"gold_gain":100,"player_choice":"Bet on Murderer","damage_taken":0,"max_hp_gain":0,"max_hp_loss":0,"event_name":"The Joust","floor":20,"gold_loss":50}],"is_beta":false,"boss_relics":[{"not_picked":["Runic Dome","Snecko Eye"],"picked":"Calling Bell"}],"items_purged_floors":[5],"is_endless":false,"potions_floor_spawned":[2,7,8,11,14,18,22],"killed_by":"Slavers","ascension_level":4}