{"path_per_floor":["M","?","$","M","?","E","R","E","T","M","R","E","R","M","R","B",null,"M","M","$","M","?","R"],"character_chosen":"IRONCLAD","items_purchased":["Flex","Metallicize"],"gold_per_floor":[111,111,12,25,100,131,131,159,184,197,197,227,227,244,244,342,372,391,406,227,240,240,240,240],"floor_reached":24,"campfire_rested":1,"playtime":1219,"item_purchase_floors":[3,20],"current_hp_per_floor":[76,76,76,74,63,49,73,54,54,62,62,65,65,61,61,17,85,85,58,58,38,38,38,0],"items_purged":["Strike_R","Strike_R"],"gold":240,"score":257,"play_id":"2abe09a8-69fb-4558-9a40-df2fbbf4b1d4","local_time":"20180531195459","is_prod":false,"is_daily":false,"chose_seed":false,"is_ascension_mode":true,"campfire_upgraded":4,"win_rate":0,"timestamp":1527792899,"campfire_choices":[{"floor":7,"key":"REST"},{"data":"Battle Trance","floor":11,"key":"SMITH"},{"data":"Intimidate","floor":13,"key":"SMITH"},{"data":"Inflame","floor":15,"key":"SMITH"},{"data":"Metallicize","floor":23,"key":"SMITH"}],"path_taken":["M","?","$","M","?","E","R","E","T","M","R","E","R","M","R","BOSS","M","M","$","M","?","R","M"],"build_version":"2018-05-30v2","seed_source_timestamp":1588144934636280,"purchased_purges":2,"victory":false,"master_deck":["Strike_R","Strike_R","Defend_R","Defend_R","Defend_R","Bash","Cleave","Battle Trance+1","Flex","Flex","Rampage","Warcry","Intimidate+1","Headbutt+1","Inflame+1","Limit Break","Shrug It Off","Searing Blow+1","Metallicize+1","Warcry+1"],"max_hp_per_floor":[80,80,80,80,80,80,80,80,80,80,80,80,80,80,80,80,85,85,85,85,85,85,85,85],"relics":["Burning Blood","Juzu Bracelet","Blood Vial","Pen Nib","Vajra","Tiny House","Anchor"],"card_choices":[{"not_picked":["Whirlwind","Perfected Strike"],"picked":"Flex","floor":1},{"not_picked":["Anger","Burning Pact"],"picked":"Rampage","floor":4},{"not_picked":["Body Slam","Heavy Blade"],"picked":"Warcry","floor":6},{"not_picked":["Heavy Blade","Body Slam"],"picked":"Intimidate","floor":8},{"not_picked":["Entrench","Sever Soul"],"picked":"Headbutt","floor":10},{"not_picked":["Combust","Juggernaut"],"picked":"Inflame","floor":12},{"not_picked":["Anger","Perfected Strike","Clash"],"picked":"SKIP","floor":14},{"not_picked":["Berserk","Exhume"],"picked":"Limit Break","floor":16},{"not_picked":["True Grit","Bloodletting"],"picked":"Shrug It Off","floor":17},{"not_picked":["Havoc","Cleave","Headbutt+1"],"picked":"SKIP","floor":18},{"not_picked":["Burning Pact","Anger"],"picked":"Searing Blow+1","floor":19},{"not_picked":["Entrench","Double Tap"],"picked":"Warcry+1","floor":21}],"player_experience":222470,"potions_floor_usage":[6,16,16,19,21,24,24],"damage_taken":[{"damage":10,"enemies":"Jaw Worm","floor":1,"turns":4},{"damage":8,"enemies":"Small Slimes","floor":4,"turns":3},{"damage":20,"enemies":"Lagavulin","floor":6,"turns":5},{"damage":25,"enemies":"3 Sentries","floor":8,"turns":6},{"damage":0,"enemies":"2 Louse","floor":10,"turns":2},{"damage":5,"enemies":"Gremlin Nob","floor":12,"turns":3},{"damage":12,"enemies":"Blue Slaver","floor":14,"turns":3},{"damage":52,"enemies":"The Guardian","floor":16,"turns":8},{"damage":0,"enemies":"Spheric Guardian","floor":18,"turns":3},{"damage":33,"enemies":"2 Thieves","floor":19,"turns":4},{"damage":28,"enemies":"Slaver and Parasite","floor":21,"turns":6},{"damage":61,"enemies":"Cultist and Chosen","floor":24,"turns":6}],"relics_obtained":[{"floor":6,"key":"Juzu Bracelet"},{"floor":8,"key":"Blood Vial"},{"floor":9,"key":"Pen Nib"},{"floor":12,"key":"Vajra"}],"event_choices":[{"event_name":"Living Wall","player_choice":"Forget","floor":2,"damage_taken":0},{"event_name":"World of Goop","player_choice":"Gather Gold","floor":5,"damage_taken":0},{"event_name":"The Mausoleum","player_choice":"Yes","floor":22,"damage_taken":0}],"boss_relics":[{"not_picked":["Mark of Pain","Eternal Feather"],"picked":"Tiny House"}],"items_purged_floors":[3,20],"potions_floor_spawned":[4,10,12,14,18,19,21],"seed_played":"3248540970477180452","killed_by":"Cultist and Chosen","ascension_level":4,"potions_obtained":[{"floor":4,"key":"PowerPotion"},{"floor":10,"key":"Fire Potion"},{"floor":12,"key":"Block Potion"},{"floor":14,"key":"SpeedPotion"},{"floor":17,"key":"SkillPotion"},{"floor":18,"key":"Explosive Potion"},{"floor":19,"key":"Block Potion"},{"floor":21,"key":"GamblersBrew"}],"is_trial":false}