{"gold_per_floor":[112,112,127,143,143,143,157,191,217,235,253,253,271,247,247,343,343,363,215,215,215,230,230,247,275,302,316,231,250,263,263,263,263],"floor_reached":33,"playtime":1003,"items_purged":[],"score":375,"play_id":"2dea886b-75ef-431f-b2c9-e90beee5266b","local_time":"20190205205409","is_ascension_mode":true,"campfire_choices":[{"data":"Ghostly Armor","floor":6,"key":"SMITH"},{"data":"Flex","floor":12,"key":"SMITH"},{"floor":15,"key":"REST"},{"floor":23,"key":"RECALL"},{"floor":32,"key":"REST"}],"neow_cost":"NONE","seed_source_timestamp":22171512269971,"circlet_count":0,"master_deck":["Defend_R","Defend_R","Defend_R","Defend_R","Bash","Flex+1","Ghostly Armor+1","Cleave","Twin Strike","Twin Strike","Headbutt","Flex","Reaper","Searing Blow","Bite","Bite","Bite","Bite","Bite","Flex+1","Shrug It Off","Twin Strike","Twin Strike"],"relics":["Burning Blood","NeowsBlessing","Vajra","Pen Nib","Bag of Preparation","Fusion Hammer","Bag of Marbles","Dodecahedron","Orichalcum","Gambling Chip"],"potions_floor_usage":[8,33],"damage_taken":[{"damage":0,"enemies":"Jaw Worm","floor":1,"turns":1},{"damage":0,"enemies":"Cultist","floor":3,"turns":1},{"damage":0,"enemies":"Small Slimes","floor":4,"turns":1},{"damage":1,"enemies":"Red Slaver","floor":7,"turns":4},{"damage":40,"enemies":"Lagavulin","floor":8,"turns":7},{"damage":6,"enemies":"Looter","floor":10,"turns":3},{"damage":3,"enemies":"Blue Slaver","floor":11,"turns":3},{"damage":0,"enemies":"3 Louse","floor":13,"turns":3},{"damage":43,"enemies":"Slime Boss","floor":16,"turns":9},{"damage":0,"enemies":"Spheric Guardian","floor":18,"turns":3},{"damage":17,"enemies":"2 Thieves","floor":22,"turns":4},{"damage":0,"enemies":"Snecko","floor":24,"turns":2},{"damage":17,"enemies":"Book of Stabbing","floor":25,"turns":3},{"damage":0,"enemies":"Snake Plant","floor":27,"turns":2},{"damage":0,"enemies":"Cultist and Chosen","floor":29,"turns":3},{"damage":13,"enemies":"Centurion and Healer","floor":30,"turns":3},{"damage":72,"enemies":"Automaton","floor":33,"turns":8}],"seed_played":"-7656226198247050539","potions_obtained":[{"floor":1,"key":"EssenceOfSteel"},{"floor":3,"key":"PowerPotion"},{"floor":8,"key":"Strength Potion"},{"floor":13,"key":"GamblersBrew"},{"floor":18,"key":"SteroidPotion"},{"floor":24,"key":"Fire Potion"},{"floor":25,"key":"Block Potion"}],"is_trial":false,"path_per_floor":["M","?","M","M","$","R","M","E","T","M","M","R","M","$","R","B",null,"M","$","?","?","M","R","M","E","T","M","?","M","M","T","R","B"],"character_chosen":"IRONCLAD","items_purchased":["Flex","Bag of Marbles"],"campfire_rested":2,"item_purchase_floors":[14,19],"current_hp_per_floor":[80,80,80,80,80,80,80,46,46,46,49,49,55,55,79,42,80,80,80,56,56,51,51,56,56,56,56,56,56,51,51,56,0],"gold":263,"neow_bonus":"THREE_ENEMY_KILL","is_prod":false,"is_daily":false,"chose_seed":false,"campfire_upgraded":2,"win_rate":0,"timestamp":1549396449,"path_taken":["M","?","M","M","$","R","?","E","T","M","M","R","M","$","R","BOSS","M","$","?","?","?","R","M","E","T","M","?","M","M","?","R","BOSS"],"build_version":"2019-01-23","purchased_purges":0,"victory":false,"max_hp_per_floor":[80,80,80,80,80,80,80,80,80,80,80,80,80,80,80,80,80,80,80,56,56,56,56,56,56,56,56,56,56,56,56,56,56],"card_choices":[{"not_picked":["Ghostly Armor","Combust"],"picked":"Flex","floor":1},{"not_picked":["Corruption","Shockwave","Disarm"],"picked":"SKIP","floor":3},{"not_picked":["Power Through","Wild Strike"],"picked":"Ghostly Armor","floor":4},{"not_picked":["Rampage","Pommel Strike"],"picked":"Cleave","floor":7},{"not_picked":["Fire Breathing","Sever Soul"],"picked":"Twin Strike","floor":8},{"not_picked":["Warcry","Uppercut"],"picked":"Twin Strike","floor":10},{"not_picked":["Exhume","Clash"],"picked":"Headbutt","floor":11},{"not_picked":["Thunderclap","Combust","Sword Boomerang"],"picked":"SKIP","floor":13},{"not_picked":["Fiend Fire","Immolate"],"picked":"Reaper","floor":16},{"not_picked":["Headbutt+1","Perfected Strike"],"picked":"Searing Blow","floor":18},{"not_picked":["Burning Pact","Clash"],"picked":"Shrug It Off","floor":22},{"not_picked":["Bloodletting","Seeing Red"],"picked":"Twin Strike","floor":24},{"not_picked":["Evolve","Carnage","Thunderclap+1"],"picked":"SKIP","floor":25},{"not_picked":["Clothesline","Rupture","Cleave"],"picked":"SKIP","floor":27},{"not_picked":["Flex","Wild Strike"],"picked":"Twin Strike","floor":29},{"not_picked":["Warcry+1","Iron Wave+1","Thunderclap"],"picked":"SKIP","floor":30}],"player_experience":217458,"relics_obtained":[{"floor":8,"key":"Pen Nib"},{"floor":9,"key":"Bag of Preparation"},{"floor":25,"key":"Dodecahedron"},{"floor":26,"key":"Orichalcum"}],"event_choices":[{"damage_healed":0,"gold_gain":0,"player_choice":"Gave Potion","damage_taken":0,"relics_obtained":["Vajra"],"max_hp_gain":0,"max_hp_loss":0,"event_name":"WeMeetAgain","floor":2,"gold_loss":0},{"damage_healed":0,"gold_gain":0,"player_choice":"Became a vampire","damage_taken":0,"max_hp_gain":0,"max_hp_loss":24,"event_name":"Vampires","floor":20,"gold_loss":0,"cards_obtained":["Bite","Bite","Bite","Bite","Bite"]},{"damage_healed":0,"gold_gain":0,"player_choice":"Copied","damage_taken":0,"max_hp_gain":0,"max_hp_loss":0,"event_name":"Duplicator","floor":21,"gold_loss":0,"cards_obtained":["Flex"]},{"damage_healed":0,"gold_gain":0,"player_choice":"Obtained Relic","damage_taken":0,"relics_obtained":["Gambling Chip"],"max_hp_gain":0,"max_hp_loss":0,"event_name":"Addict","floor":28,"gold_loss":85}],"is_beta":false,"boss_relics":[{"not_picked":["Lizard Tail","Coffee Dripper"],"picked":"Fusion Hammer"}],"items_purged_floors":[],"is_endless":false,"potions_floor_spawned":[1,3,8,13,18,24,25,27],"killed_by":"Automaton","ascension_level":4}