{"path_per_floor":["M","M","M","M","?","R","?","R","T","M","E"],"character_chosen":"DEFECT","items_purchased":[],"gold_per_floor":[114,129,144,159,159,159,334,334,359,374,404,404],"floor_reached":12,"campfire_rested":0,"playtime":315,"item_purchase_floors":[],"current_hp_per_floor":[69,69,62,53,53,53,53,53,53,50,22,0],"items_purged":[],"gold":404,"score":105,"play_id":"cb98ca5f-57b6-419c-93cf-3d697b7a7fc9","local_time":"20180521191519","daily_mods":["Specialized","Uncertain Future","Night Terrors"],"is_prod":false,"is_daily":true,"chose_seed":false,"is_ascension_mode":false,"campfire_upgraded":2,"timestamp":1526926519,"campfire_choices":[{"data":"Static Discharge","floor":6,"key":"SMITH"},{"data":"Zap","floor":8,"key":"SMITH"}],"path_taken":["M","M","M","M","?","R","?","R","T","M","E","M"],"build_version":"2018-05-18","seed_source_timestamp":0,"purchased_purges":0,"victory":false,"master_deck":["Strike_B","Strike_B","Strike_B","Strike_B","Defend_B","Defend_B","Defend_B","Defend_B","Zap+1","Dualcast","Nova","Nova","Nova","Nova","Nova","Static Discharge+1","Barrage","White Noise","Capacitor","Doubt","Turbo","Cold Snap"],"max_hp_per_floor":[75,75,75,75,75,75,75,75,75,75,75,75],"relics":["Cracked Core","Potion Belt","Question Card"],"card_choices":[{"not_picked":["Sunder","Leap"],"picked":"Static Discharge","floor":1},{"not_picked":["Darkness","Streamline"],"picked":"Barrage","floor":2},{"not_picked":["Rebound","Cold Snap"],"picked":"White Noise","floor":3},{"not_picked":["Skim","Glacier"],"picked":"Capacitor","floor":4},{"not_picked":["Skim","Recycle"],"picked":"Turbo","floor":10},{"not_picked":["Hyperbeam","Streamline"],"picked":"Cold Snap","floor":11}],"player_experience":178385,"potions_floor_usage":[10,12],"damage_taken":[{"damage":6,"enemies":"Jaw Worm","floor":1,"turns":3},{"damage":0,"enemies":"2 Louse","floor":2,"turns":3},{"damage":7,"enemies":"Small Slimes","floor":3,"turns":2},{"damage":9,"enemies":"Blue Slaver","floor":4,"turns":3},{"damage":3,"enemies":"2 Fungi Beasts","floor":10,"turns":4},{"damage":28,"enemies":"Gremlin Nob","floor":11,"turns":4},{"damage":23,"enemies":"Gremlin Gang","floor":12,"turns":2}],"relics_obtained":[{"floor":9,"key":"Potion Belt"},{"floor":11,"key":"Question Card"}],"event_choices":[{"event_name":"Golden Idol","player_choice":"Ignored","floor":5,"damage_taken":0},{"event_name":"Liars Game","player_choice":"agreed","floor":7,"damage_taken":0}],"boss_relics":[],"items_purged_floors":[],"potions_floor_spawned":[1,3,11],"seed_played":"5168820765892798264","killed_by":"Gremlin Gang","ascension_level":0,"potions_obtained":[{"floor":1,"key":"Block Potion"},{"floor":3,"key":"Fire Potion"},{"floor":11,"key":"Dexterity Potion"}],"is_trial":false}