{"gold_per_floor":[109,123,193,268,282,313,313,327,327,346,14,78,78,104,104,104],"floor_reached":16,"playtime":589,"items_purged":[],"score":127,"play_id":"e9fdb069-d307-48c5-94d7-531c74fed8cb","local_time":"20190202150037","is_ascension_mode":true,"campfire_choices":[{"floor":7,"key":"DIG"},{"data":"Whirlwind","floor":15,"key":"SMITH"}],"neow_cost":"NONE","seed_source_timestamp":185550502296,"circlet_count":0,"master_deck":["Strike_R","Strike_R","Strike_R","Strike_R","Strike_R","Defend_R","Defend_R","Defend_R","Defend_R+1","Bash","Twin Strike","Blood for Blood","Rampage","Shrug It Off+1","Feed","Armaments","Reaper","Whirlwind+1","Demon Form"],"relics":["Burning Blood","Ancient Tea Set","Shovel","Question Card","Turnip","War Paint","Singing Bowl","Red Skull","PreservedInsect"],"potions_floor_usage":[6,6,14],"damage_taken":[{"damage":12,"enemies":"Small Slimes","floor":1,"turns":3},{"damage":7,"enemies":"Jaw Worm","floor":2,"turns":3},{"damage":7,"enemies":"2 Louse","floor":5,"turns":3},{"damage":43,"enemies":"Lagavulin","floor":6,"turns":6},{"damage":2,"enemies":"Looter","floor":8,"turns":3},{"damage":16,"enemies":"3 Louse","floor":10,"turns":2},{"damage":32,"enemies":"Gremlin Nob","floor":12,"turns":5},{"damage":22,"enemies":"3 Sentries","floor":14,"turns":6},{"damage":34,"enemies":"Slime Boss","floor":16,"turns":5}],"seed_played":"-8216586018361714833","potions_obtained":[{"floor":2,"key":"Block Potion"},{"floor":5,"key":"Regen Potion"},{"floor":12,"key":"BloodPotion"}],"is_trial":false,"path_per_floor":["M","M","?","?","M","E","R","M","T","M","$","?","?","E","R","B"],"character_chosen":"IRONCLAD","items_purchased":["Armaments","Reaper","War Paint"],"campfire_rested":0,"item_purchase_floors":[11,11,11],"current_hp_per_floor":[74,73,73,62,61,38,38,42,42,32,32,10,3,19,19,0],"gold":104,"neow_bonus":"RANDOM_COMMON_RELIC","is_prod":false,"is_daily":false,"chose_seed":false,"campfire_upgraded":1,"win_rate":0,"timestamp":1549116037,"path_taken":["M","M","?","?","M","E","R","M","T","M","$","?","?","E","R","BOSS"],"build_version":"2019-01-23","purchased_purges":0,"victory":false,"max_hp_per_floor":[80,80,80,80,80,80,80,80,80,80,80,80,80,83,83,83],"card_choices":[{"not_picked":["Wild Strike","Hemokinesis"],"picked":"Twin Strike","floor":1},{"not_picked":["Wild Strike","Warcry"],"picked":"Blood for Blood","floor":2},{"not_picked":["Heavy Blade","Seeing Red"],"picked":"Rampage","floor":5},{"not_picked":["Havoc","Body Slam","Battle Trance"],"picked":"SKIP","floor":6},{"not_picked":["Entrench","Havoc","True Grit"],"picked":"Shrug It Off","floor":8},{"not_picked":["Anger","Sword Boomerang","Rage"],"picked":"Feed","floor":10},{"not_picked":["Perfected Strike","Uppercut","Havoc"],"picked":"Whirlwind","floor":12},{"not_picked":["Rage","Armaments","Searing Blow"],"picked":"Demon Form","floor":14}],"player_experience":167769,"relics_obtained":[{"floor":6,"key":"Shovel"},{"floor":7,"key":"Question Card"},{"floor":9,"key":"Turnip"},{"floor":14,"key":"PreservedInsect"}],"event_choices":[{"damage_healed":0,"gold_gain":70,"player_choice":"Gained Gold","damage_taken":0,"max_hp_gain":0,"max_hp_loss":0,"event_name":"Golden Wing","floor":3,"gold_loss":0},{"damage_healed":0,"gold_gain":75,"player_choice":"Gather Gold","damage_taken":11,"max_hp_gain":0,"max_hp_loss":0,"event_name":"World of Goop","floor":4,"gold_loss":0},{"damage_healed":0,"gold_gain":30,"player_choice":"Searched \u00273\u0027 times","damage_taken":0,"relics_obtained":["Singing Bowl"],"max_hp_gain":0,"max_hp_loss":0,"event_name":"Dead Adventurer","floor":12,"gold_loss":0},{"damage_healed":0,"gold_gain":0,"player_choice":"Success","damage_taken":7,"relics_obtained":["Red Skull"],"max_hp_gain":0,"max_hp_loss":0,"event_name":"Scrap Ooze","floor":13,"gold_loss":0}],"is_beta":false,"boss_relics":[],"items_purged_floors":[],"is_endless":false,"potions_floor_spawned":[2,5,12],"killed_by":"Slime Boss","ascension_level":3}