{"gold_per_floor":[116,116,135,58,58,58,71,71,71,71,94,110,110,129,129,249,249,272,272],"floor_reached":19,"playtime":908,"items_purged":[],"score":207,"play_id":"4d5e7203-c7ba-4150-a2dc-d43124552bd4","local_time":"20190102220025","is_ascension_mode":true,"campfire_choices":[{"data":"Well Laid Plans","floor":6,"key":"SMITH"},{"data":"Footwork","floor":10,"key":"SMITH"},{"floor":15,"key":"REST"}],"neow_cost":"NONE","seed_source_timestamp":2144977624013,"circlet_count":0,"master_deck":["Survivor","Neutralize+1","Well Laid Plans+1","Deadly Poison","Footwork+1","Expertise","Venomology","Blur","Malaise","Deadly Poison","Tools of the Trade","Storm of Steel","Predator","Corpse Explosion","Phantasmal Killer","Accuracy","Outmaneuver","Eviscerate"],"relics":["Philosopher\u0027s Stone","Omamori","Golden Idol","Centennial Puzzle","Pandora\u0027s Box"],"potions_floor_usage":[14,16,16,16,19],"damage_taken":[{"damage":0,"enemies":"Small Slimes","floor":1,"turns":4},{"damage":0,"enemies":"Cultist","floor":3,"turns":4},{"damage":6,"enemies":"Jaw Worm","floor":7,"turns":4},{"damage":2,"enemies":"2 Fungi Beasts","floor":11,"turns":4},{"damage":5,"enemies":"Large Slime","floor":12,"turns":6},{"damage":7,"enemies":"Exordium Wildlife","floor":14,"turns":6},{"damage":2,"enemies":"The Guardian","floor":16,"turns":13},{"damage":13,"enemies":"Shell Parasite","floor":18,"turns":5},{"damage":10,"enemies":"3 Byrds","floor":19,"turns":2}],"seed_played":"9129234036174328941","potions_obtained":[{"floor":11,"key":"GamblersBrew"},{"floor":12,"key":"Strength Potion"},{"floor":18,"key":"Dexterity Potion"}],"is_trial":false,"path_per_floor":["M","?","M","$","?","R","M","?","T","R","M","M","?","M","R","B",null,"M","M"],"character_chosen":"THE_SILENT","items_purchased":["Footwork"],"campfire_rested":1,"item_purchase_floors":[4],"current_hp_per_floor":[63,63,63,63,56,56,50,50,50,50,48,43,43,36,55,53,62,49,39],"gold":272,"neow_bonus":"BOSS_RELIC","is_prod":false,"is_daily":false,"chose_seed":false,"campfire_upgraded":2,"win_rate":0,"timestamp":1546466425,"path_taken":["M","?","?","$","?","R","M","?","T","R","M","M","?","M","R","BOSS","M","M"],"build_version":"2019-01-01v2","purchased_purges":0,"victory":false,"max_hp_per_floor":[70,70,70,70,70,70,70,65,65,65,65,65,65,65,65,65,65,65,65],"card_choices":[{"not_picked":["Poisoned Stab","Deflect"],"picked":"Well Laid Plans","floor":1},{"not_picked":["Acrobatics","Dagger Throw"],"picked":"Deadly Poison","floor":3},{"not_picked":["Dodge and Roll","Concentrate"],"picked":"Expertise","floor":7},{"not_picked":["Dagger Throw","Accuracy","Quick Slash"],"picked":"SKIP","floor":11},{"not_picked":["Terror","Finisher"],"picked":"Venomology","floor":12},{"not_picked":["PiercingWail","Skewer"],"picked":"Blur","floor":14},{"not_picked":["Phantasmal Killer","Unload"],"picked":"Malaise","floor":16},{"not_picked":["Bane","Underhanded Strike","All Out Attack"],"picked":"SKIP","floor":18}],"player_experience":369302,"relics_obtained":[{"floor":9,"key":"Centennial Puzzle"}],"event_choices":[{"damage_healed":0,"gold_gain":0,"player_choice":"Upgraded","damage_taken":0,"max_hp_gain":0,"max_hp_loss":0,"event_name":"Upgrade Shrine","floor":2,"gold_loss":0,"cards_upgraded":["Neutralize"]},{"damage_healed":0,"gold_gain":0,"player_choice":"Success","damage_taken":7,"relics_obtained":["Omamori"],"max_hp_gain":0,"max_hp_loss":0,"event_name":"Scrap Ooze","floor":5,"gold_loss":0},{"damage_healed":0,"gold_gain":0,"player_choice":"Lose Max HP","damage_taken":0,"relics_obtained":["Golden Idol"],"max_hp_gain":0,"max_hp_loss":5,"event_name":"Golden Idol","floor":8,"gold_loss":0},{"cards_removed":["Strike_G"],"damage_healed":0,"gold_gain":0,"player_choice":"Forget","damage_taken":0,"max_hp_gain":0,"max_hp_loss":0,"event_name":"Living Wall","floor":13,"gold_loss":0}],"is_beta":true,"boss_relics":[{"not_picked":["Lizard Tail","White Beast Statue"],"picked":"Pandora\u0027s Box"}],"items_purged_floors":[],"is_endless":false,"potions_floor_spawned":[11,12,18],"killed_by":"3 Byrds","ascension_level":6}