{"gold_per_floor":[116,116,116,16,26,61,76,76,122,122,122,151,151,162,162,234,234,234,234,134,134,134,134,134,134,134,134,134,134,134,134,134,134,134,134,134,134,9,9,9,9,9,9,9,9,9,9,9,9,9],"floor_reached":51,"playtime":1079,"items_purged":["Strike_R","Strike_R","Strike_R"],"score":1520,"play_id":"618ac1f8-fcdb-4fcb-9eee-20a42181baf6","local_time":"20190213024517","is_ascension_mode":true,"campfire_choices":[{"data":"Spot Weakness","floor":8.0,"key":"SMITH"},{"data":"Sword Boomerang","floor":10.0,"key":"SMITH"},{"data":"Sword Boomerang","floor":15.0,"key":"SMITH"},{"data":"Double Tap","floor":23.0,"key":"SMITH"},{"floor":28.0,"key":"REST"},{"data":"Offering","floor":30.0,"key":"SMITH"},{"floor":32.0,"key":"REST"},{"data":"Limit Break","floor":41.0,"key":"SMITH"},{"data":"Battle Trance","floor":44.0,"key":"SMITH"},{"floor":49.0,"key":"REST"}],"neow_cost":"NONE","seed_source_timestamp":34456122625700,"circlet_count":0,"master_deck":["AscendersBane","Strike_R","Strike_R","Defend_R","Defend_R","Defend_R","Bash+1","Spot Weakness+1","Sword Boomerang+1","Offering+1","Headbutt","Sword Boomerang+1","Battle Trance+1","Twin Strike+1","Limit Break+1","Shrug It Off+1"],"special_seed":0,"relics":["Burning Blood","NeowsBlessing","Bronze Scales","Vajra","Gremlin Horn","Ectoplasm","Du-Vu Doll","Potion Belt","Busted Crown","Art of War","PreservedInsect","Juzu Bracelet","Thread and Needle"],"potions_floor_usage":[50,50],"damage_taken":[{"damage":0.0,"enemies":"2 Louse","floor":1.0,"turns":1.0},{"damage":0.0,"enemies":"Cultist","floor":5.0,"turns":1.0},{"damage":0.0,"enemies":"Lagavulin","floor":6.0,"turns":1.0},{"damage":11.0,"enemies":"Small Slimes","floor":7.0,"turns":3.0},{"damage":6.0,"enemies":"Gremlin Nob","floor":12.0,"turns":2.0},{"damage":6.0,"enemies":"Looter","floor":14.0,"turns":1.0},{"damage":38.0,"enemies":"Hexaghost","floor":16.0,"turns":4.0},{"damage":6.0,"enemies":"Spheric Guardian","floor":18.0,"turns":1.0},{"damage":11.0,"enemies":"3 Byrds","floor":21.0,"turns":2.0},{"damage":31.0,"enemies":"Book of Stabbing","floor":24.0,"turns":3.0},{"damage":10.0,"enemies":"Centurion and Healer","floor":25.0,"turns":2.0},{"damage":20.0,"enemies":"Snecko","floor":29.0,"turns":4.0},{"damage":6.0,"enemies":"Cultist and Chosen","floor":31.0,"turns":3.0},{"damage":20.0,"enemies":"Champ","floor":33.0,"turns":5.0},{"damage":7.0,"enemies":"Orb Walker","floor":35.0,"turns":2.0},{"damage":6.0,"enemies":"Reptomancer","floor":40.0,"turns":1.0},{"damage":8.0,"enemies":"3 Shapes","floor":42.0,"turns":2.0},{"damage":39.0,"enemies":"Nemesis","floor":45.0,"turns":3.0},{"damage":6.0,"enemies":"Mind Bloom Boss Battle","floor":47.0,"turns":2.0},{"damage":0.0,"enemies":"Maw","floor":48.0,"turns":4.0},{"damage":56,"enemies":"Awakened One","floor":50,"turns":6}],"seed_played":"6901730857978306035","potions_obtained":[{"floor":1.0,"key":"Strength Potion"},{"floor":12.0,"key":"BloodPotion"},{"floor":18.0,"key":"Swift Potion"},{"floor":29.0,"key":"Block Potion"},{"floor":31.0,"key":"LiquidBronze"},{"floor":35.0,"key":"AttackPotion"},{"floor":40.0,"key":"FearPotion"}],"is_trial":false,"path_per_floor":["M","$","?","$","M","E","M","R","T","R","?","E","?","M","R","B",null,"M","$","$","M","?","R","E","M","T","?","R","M","R","M","R","B",null,"M","?","?","$","?","E","R","M","T","R","E","$","?","M","R","B",null],"character_chosen":"IRONCLAD","items_purchased":["Sword Boomerang"],"campfire_rested":3,"item_purchase_floors":[4],"current_hp_per_floor":[74,74,74,74,75,75,70,70,70,70,63,63,63,63,63,31,64,64,64,64,59,59,59,41,37,37,37,59,45,45,45,67,53,70,69,69,69,69,69,69,69,67,67,67,34,34,34,40,61,11],"gold":9,"neow_bonus":"THREE_ENEMY_KILL","is_prod":false,"is_daily":false,"chose_seed":false,"campfire_upgraded":7,"win_rate":0,"timestamp":1550018717,"path_taken":["M","$","?","$","?","E","M","R","T","R","?","E","?","M","R","BOSS","M","?","$","M","?","R","E","?","T","?","R","?","R","M","R","BOSS","M","?","?","?","?","E","R","M","T","R","E","$","?","M","R","BOSS"],"build_version":"2019-01-23","purchased_purges":3,"victory":true,"max_hp_per_floor":[75,75,75,75,75,75,75,75,75,75,75,75,75,75,75,75,75,75,75,75,75,75,75,75,75,75,75,75,75,75,75,75,75,75,75,75,71,71,71,71,71,71,71,71,71,71,71,71,71,71],"card_choices":[{"not_picked":["Heavy Blade","Clothesline"],"picked":"Spot Weakness","floor":1.0},{"not_picked":["Armaments","Corruption","Reckless Charge"],"picked":"SKIP","floor":5.0},{"not_picked":["Shrug It Off","Fire Breathing"],"picked":"Offering","floor":6.0},{"not_picked":["Rupture","Hemokinesis","True Grit"],"picked":"SKIP","floor":7.0},{"not_picked":["Hemokinesis","Berserk"],"picked":"Headbutt","floor":12.0},{"not_picked":["Headbutt","Sword Boomerang","Warcry"],"picked":"SKIP","floor":14.0},{"not_picked":["Brutality","Fiend Fire"],"picked":"Double Tap","floor":16.0},{"not_picked":["Flex","Rage","Body Slam"],"picked":"SKIP","floor":18.0},{"not_picked":["Flex","Rage","Body Slam"],"picked":"SKIP","floor":18.0},{"not_picked":["Entrench","Havoc","Rupture"],"picked":"SKIP","floor":21.0},{"not_picked":["Corruption+1","Carnage"],"picked":"Battle Trance","floor":24.0},{"not_picked":["Feel No Pain","Sentinel"],"picked":"Twin Strike+1","floor":25.0},{"not_picked":["Rupture","Heavy Blade","Dropkick"],"picked":"SKIP","floor":29.0},{"not_picked":["Clothesline","Anger","Warcry"],"picked":"SKIP","floor":31.0},{"not_picked":["Berserk","Juggernaut"],"picked":"Limit Break","floor":33.0},{"not_picked":[],"picked":"Shrug It Off+1","floor":35.0},{"not_picked":["Sever Soul"],"picked":"SKIP","floor":40.0},{"not_picked":["Sever Soul"],"picked":"SKIP","floor":40.0},{"not_picked":["Searing Blow+1"],"picked":"SKIP","floor":42.0},{"not_picked":["Twin Strike"],"picked":"SKIP","floor":45.0},{"not_picked":["Clash"],"picked":"SKIP","floor":48.0}],"player_experience":731535,"relics_obtained":[{"floor":6.0,"key":"Bronze Scales"},{"floor":9.0,"key":"Vajra"},{"floor":12.0,"key":"Gremlin Horn"},{"floor":24.0,"key":"Du-Vu Doll"},{"floor":26.0,"key":"Potion Belt"},{"floor":40.0,"key":"Art of War"},{"floor":43.0,"key":"PreservedInsect"},{"floor":45.0,"key":"Juzu Bracelet"},{"floor":47.0,"key":"Thread and Needle"}],"event_choices":[{"damage_healed":0.0,"max_hp_gain":0.0,"max_hp_loss":0.0,"gold_gain":0.0,"event_name":"Upgrade Shrine","player_choice":"Upgraded","floor":3.0,"gold_loss":0.0,"damage_taken":0.0,"cards_upgraded":["Bash"]},{"cards_removed":["Defend_R"],"damage_healed":0.0,"max_hp_gain":0.0,"max_hp_loss":0.0,"gold_gain":0.0,"event_name":"Golden Wing","player_choice":"Card Removal","floor":11.0,"gold_loss":0.0,"damage_taken":7.0},{"damage_healed":0.0,"max_hp_gain":0.0,"max_hp_loss":0.0,"gold_gain":0.0,"event_name":"Match and Keep!","player_choice":"1 cards matched","floor":13.0,"gold_loss":0.0,"damage_taken":0.0,"cards_obtained":["Sword Boomerang"]},{"damage_healed":0.0,"max_hp_gain":0.0,"max_hp_loss":0.0,"gold_gain":0.0,"event_name":"Match and Keep!","player_choice":"0 cards matched","floor":22.0,"gold_loss":0.0,"damage_taken":0.0,"cards_obtained":[]},{"damage_healed":0.0,"max_hp_gain":0.0,"max_hp_loss":0.0,"gold_gain":50.0,"event_name":"Golden Shrine","player_choice":"Pray","floor":27.0,"gold_loss":0.0,"damage_taken":0.0},{"damage_healed":0.0,"max_hp_gain":0.0,"max_hp_loss":0.0,"gold_gain":0.0,"event_name":"SensoryStone","player_choice":"Memory 1","floor":36.0,"gold_loss":0.0,"damage_taken":0.0},{"damage_healed":0.0,"max_hp_gain":0.0,"max_hp_loss":4.0,"gold_gain":0.0,"event_name":"Winding Halls","player_choice":"Max HP","floor":37.0,"gold_loss":0.0,"damage_taken":0.0},{"cards_removed":["Double Tap"],"damage_healed":0.0,"max_hp_gain":0.0,"max_hp_loss":0.0,"gold_gain":0.0,"event_name":"Falling","player_choice":"Removed Skill","floor":39.0,"gold_loss":0.0,"damage_taken":0.0},{"damage_healed":0.0,"max_hp_gain":0.0,"max_hp_loss":0.0,"gold_gain":0.0,"event_name":"MindBloom","player_choice":"Fight","floor":47.0,"gold_loss":0.0,"damage_taken":0.0}],"is_beta":false,"boss_relics":[{"not_picked":["Runic Cube","Black Blood"],"picked":"Ectoplasm"},{"not_picked":["Philosopher\u0027s Stone","Eternal Feather"],"picked":"Busted Crown"}],"items_purged_floors":[4,20,38],"is_endless":false,"potions_floor_spawned":[1,12,18,29,31,35,40],"ascension_level":19}