{"gold_per_floor":[109,26,26,37,37,37,62,78,101,176,191,219,4,21,21,119,119,131,39,50,67,67],"floor_reached":22,"playtime":1196,"items_purged":[],"score":196,"play_id":"6a662875-ffc8-4b05-8e12-f012ba3a564f","local_time":"20190203101646","is_ascension_mode":false,"campfire_choices":[{"data":"Perfected Strike","floor":6,"key":"SMITH"},{"floor":15,"key":"REST"}],"neow_cost":"NONE","seed_source_timestamp":18744810818246,"circlet_count":0,"master_deck":["Strike_R","Strike_R","Strike_R","Strike_R","Strike_R","Defend_R","Defend_R","Defend_R","Defend_R","Bash","Reaper","Intimidate","Inflame+1","Perfected Strike+1","Rupture","Wild Strike","Blood for Blood","Thunderclap","Rage","Master of Strategy","Shrug It Off","Juggernaut","Pommel Strike","Battle Trance","Shockwave","Cleave","Shrug It Off","Perfected Strike+1","Bandage Up"],"relics":["Burning Blood","Regal Pillow","Boot","Vajra","Orrery"],"potions_floor_usage":[],"damage_taken":[{"damage":0,"enemies":"2 Louse","floor":1,"turns":3},{"damage":10,"enemies":"Cultist","floor":4,"turns":4},{"damage":56,"enemies":"3 Sentries","floor":7,"turns":9},{"damage":8,"enemies":"Jaw Worm","floor":8,"turns":4},{"damage":2,"enemies":"Looter","floor":11,"turns":2},{"damage":28,"enemies":"Gremlin Nob","floor":12,"turns":4},{"damage":13,"enemies":"Blue Slaver","floor":14,"turns":3},{"damage":33,"enemies":"Slime Boss","floor":16,"turns":9},{"damage":35,"enemies":"3 Byrds","floor":18,"turns":5},{"damage":27,"enemies":"Shell Parasite","floor":20,"turns":7},{"damage":29,"enemies":"Snecko","floor":21,"turns":6},{"damage":28,"enemies":"Snake Plant","floor":22,"turns":3}],"seed_played":"-3037082140559531366","potions_obtained":[{"floor":1,"key":"Ancient Potion"},{"floor":8,"key":"GamblersBrew"},{"floor":14,"key":"SteroidPotion"}],"is_trial":false,"path_per_floor":["M","$","?","M","?","R","E","M","T","?","M","E","$","M","R","B",null,"M","$","M","M","M"],"character_chosen":"IRONCLAD","items_purchased":["Inflame","Perfected Strike","Master of Strategy","Shrug It Off","Bandage Up"],"campfire_rested":1,"item_purchase_floors":[2,2,13,13,19],"current_hp_per_floor":[80,80,80,76,76,76,44,46,46,38,42,25,25,18,57,38,80,60,60,43,24,0],"gold":67,"neow_bonus":"ONE_RANDOM_RARE_CARD","is_prod":false,"is_daily":false,"chose_seed":false,"campfire_upgraded":1,"win_rate":0.0,"timestamp":1549210606,"path_taken":["M","$","?","M","?","R","E","?","T","?","M","E","$","M","R","BOSS","M","$","M","M","M"],"build_version":"2019-01-23","purchased_purges":0,"victory":false,"max_hp_per_floor":[80,80,80,80,80,80,80,80,80,80,80,80,80,80,80,80,80,80,80,80,80,80],"card_choices":[{"not_picked":["Hemokinesis","Sentinel"],"picked":"Intimidate","floor":1},{"not_picked":["True Grit","Dual Wield"],"picked":"Rupture","floor":4},{"not_picked":["Pommel Strike","Body Slam"],"picked":"Blood for Blood","floor":7},{"not_picked":["Corruption","Havoc"],"picked":"Thunderclap","floor":8},{"not_picked":["Body Slam","Corruption","Burning Pact"],"picked":"SKIP","floor":11},{"not_picked":["Clash","Bloodletting"],"picked":"Rage","floor":12},{"not_picked":["Fire Breathing","Flex","Feel No Pain"],"picked":"SKIP","floor":14},{"not_picked":["Dark Embrace","Fiend Fire"],"picked":"Juggernaut","floor":16},{"not_picked":["Body Slam","Warcry"],"picked":"Pommel Strike","floor":17},{"not_picked":["Clothesline","Rage"],"picked":"Battle Trance","floor":17},{"not_picked":["Heavy Blade","Wild Strike"],"picked":"Shockwave","floor":17},{"not_picked":["Pommel Strike","Havoc"],"picked":"Cleave","floor":17},{"not_picked":["Anger","Twin Strike"],"picked":"Shrug It Off","floor":17},{"not_picked":["Thunderclap","True Grit"],"picked":"Perfected Strike+1","floor":18},{"not_picked":["Intimidate+1","Heavy Blade","Wild Strike"],"picked":"SKIP","floor":20},{"not_picked":["True Grit","Body Slam+1","Wild Strike+1"],"picked":"SKIP","floor":21}],"player_experience":87610,"relics_obtained":[{"floor":7,"key":"Regal Pillow"},{"floor":9,"key":"Boot"},{"floor":12,"key":"Vajra"}],"event_choices":[{"damage_healed":0,"gold_gain":0,"player_choice":"Grow","damage_taken":0,"max_hp_gain":0,"max_hp_loss":0,"event_name":"Living Wall","floor":3,"gold_loss":0,"cards_upgraded":["Inflame"]},{"damage_healed":0,"gold_gain":0,"player_choice":"1 cards matched","damage_taken":0,"max_hp_gain":0,"max_hp_loss":0,"event_name":"Match and Keep!","floor":5,"gold_loss":0,"cards_obtained":["Wild Strike"]},{"damage_healed":0,"gold_gain":75,"player_choice":"Touch","damage_taken":8,"max_hp_gain":0,"max_hp_loss":0,"event_name":"FaceTrader","floor":10,"gold_loss":0}],"is_beta":false,"boss_relics":[{"not_picked":["Tiny House","Pandora\u0027s Box"],"picked":"Orrery"}],"items_purged_floors":[],"is_endless":false,"potions_floor_spawned":[1,8,14,20],"killed_by":"Snake Plant","ascension_level":0}