{"gold_per_floor":[18,18,34,34,44,78,78,78,78,90,112,152,118,130],"floor_reached":14,"playtime":614,"items_purged":[],"score":147,"play_id":"1c956de3-9f54-41d5-af78-81bdbf3202c0","local_time":"20190128050322","is_ascension_mode":true,"campfire_choices":[{"floor":8,"key":"REST"},{"floor":10,"key":"REST"}],"neow_cost":"NO_GOLD","seed_source_timestamp":1515014778256311,"circlet_count":0,"master_deck":["AscendersBane","Defend_G","Defend_G","Defend_G","Defend_G","Strike_G","Strike_G","Strike_G","Strike_G","Survivor","Neutralize","Backflip","Venomology","Caltrops","Regret","Skewer","Outmaneuver","Backstab","Malaise"],"relics":["Ring of the Snake","Matryoshka","Vajra","MawBank","Tough Bandages","Torii"],"potions_floor_usage":[1,6,6,6,6,12,12,12,14],"damage_taken":[{"damage":0,"enemies":"Jaw Worm","floor":1,"turns":6},{"damage":22,"enemies":"Small Slimes","floor":3,"turns":6},{"damage":0,"enemies":"2 Louse","floor":5,"turns":3},{"damage":45,"enemies":"3 Sentries","floor":6,"turns":11},{"damage":11,"enemies":"Exordium Thugs","floor":11,"turns":6},{"damage":25,"enemies":"Gremlin Nob","floor":12,"turns":6},{"damage":27,"enemies":"3 Sentries","floor":14,"turns":4}],"seed_played":"-7973677544242446419","potions_obtained":[{"floor":1,"key":"LiquidBronze"},{"floor":11,"key":"SkillPotion"}],"is_trial":false,"path_per_floor":["M","?","M","$","M","E","?","R","T","R","M","E","?","E"],"character_chosen":"THE_SILENT","items_purchased":[],"campfire_rested":2,"item_purchase_floors":[],"current_hp_per_floor":[63,63,41,41,41,11,4,25,25,46,35,25,25,0],"gold":130,"neow_bonus":"TRANSFORM_TWO_CARDS","is_prod":false,"is_daily":false,"chose_seed":false,"campfire_upgraded":0,"win_rate":0,"timestamp":1548651802,"path_taken":["M","?","M","$","M","E","?","R","T","R","M","E","?","E"],"build_version":"2019-01-23","purchased_purges":0,"victory":false,"max_hp_per_floor":[70,70,70,70,70,70,70,70,70,70,70,70,70,70],"card_choices":[{"not_picked":["All Out Attack","Deflect"],"picked":"Caltrops","floor":1},{"not_picked":["Leg Sweep","Poisoned Stab"],"picked":"Skewer","floor":3},{"not_picked":["Dagger Spray","Masterful Stab"],"picked":"Outmaneuver","floor":5},{"not_picked":["Backflip","Quick Slash"],"picked":"Backstab","floor":6},{"not_picked":["Caltrops","Acrobatics","Crippling Poison"],"picked":"SKIP","floor":11},{"not_picked":["Backflip","Predator"],"picked":"Malaise","floor":12}],"player_experience":496251,"relics_obtained":[{"floor":6,"key":"Vajra"},{"floor":9,"key":"MawBank"},{"floor":9,"key":"Tough Bandages"},{"floor":12,"key":"Torii"}],"event_choices":[{"damage_healed":0,"gold_gain":0,"player_choice":"Box","damage_taken":0,"relics_obtained":["Matryoshka"],"max_hp_gain":0,"max_hp_loss":0,"event_name":"Big Fish","floor":2,"gold_loss":0,"cards_obtained":["Regret"]},{"damage_healed":0,"gold_gain":0,"player_choice":"Fled","damage_taken":7,"max_hp_gain":0,"max_hp_loss":0,"event_name":"Scrap Ooze","floor":7,"gold_loss":0},{"damage_healed":0,"gold_gain":0,"player_choice":"Left Gold","damage_taken":0,"max_hp_gain":0,"max_hp_loss":0,"event_name":"World of Goop","floor":13,"gold_loss":46}],"is_beta":true,"boss_relics":[],"items_purged_floors":[],"is_endless":false,"potions_floor_spawned":[1,11],"killed_by":"3 Sentries","ascension_level":10}