{"gold_per_floor":[111,38,48,67,84,84,112,112,112,132,161,180,180,199,199,199],"floor_reached":16,"playtime":756,"items_purged":[],"score":243,"play_id":"4b16ce0b-bfbe-4821-9903-9a3c108aa30c","local_time":"20190212164439","is_ascension_mode":true,"campfire_choices":[{"data":"Sunder","floor":6,"key":"SMITH"},{"data":"Defragment","floor":8,"key":"SMITH"},{"data":"Zap","floor":15,"key":"SMITH"}],"neow_cost":"NONE","seed_source_timestamp":1794906672641329,"circlet_count":0,"master_deck":["AscendersBane","Strike_B","Strike_B","Strike_B","Strike_B","Defend_B","Defend_B","Defend_B","Defend_B","Zap+1","Dualcast","Auto Shields","Sunder+1","Consume","Defragment+1","Glacier","Conserve Battery","BootSequence"],"relics":["Cracked Core","Cables","FossilizedHelix","Unceasing Top","Juzu Bracelet"],"potions_floor_usage":[7,11,16],"damage_taken":[{"damage":2,"enemies":"Jaw Worm","floor":1,"turns":3},{"damage":0,"enemies":"2 Louse","floor":3,"turns":3},{"damage":0,"enemies":"Cultist","floor":4,"turns":4},{"damage":25,"enemies":"Gremlin Gang","floor":5,"turns":4},{"damage":3,"enemies":"3 Sentries","floor":7,"turns":10},{"damage":0,"enemies":"Looter","floor":10,"turns":3},{"damage":0,"enemies":"Gremlin Nob","floor":11,"turns":3},{"damage":16,"enemies":"Lots of Slimes","floor":12,"turns":3},{"damage":0,"enemies":"2 Fungi Beasts","floor":14,"turns":2},{"damage":15,"enemies":"Hexaghost","floor":16,"turns":11}],"seed_played":"-6313614205754333009","potions_obtained":[{"floor":1,"key":"Swift Potion"},{"floor":5,"key":"SkillPotion"},{"floor":11,"key":"Ancient Potion"},{"floor":12,"key":"Weak Potion"}],"is_trial":false,"path_per_floor":["M","$","M","M","M","R","E","R","T","M","E","M","?","M","R","B"],"character_chosen":"DEFECT","items_purchased":["Sunder"],"campfire_rested":0,"item_purchase_floors":[2],"current_hp_per_floor":[69,69,69,69,44,44,41,41,41,41,41,25,14,14,14,0],"gold":199,"neow_bonus":"TEN_PERCENT_HP_BONUS","is_prod":false,"is_daily":false,"chose_seed":false,"campfire_upgraded":3,"win_rate":0,"timestamp":1549957479,"path_taken":["M","$","M","M","M","R","E","R","T","M","E","M","?","M","R","BOSS"],"build_version":"2019-01-23","purchased_purges":0,"victory":false,"max_hp_per_floor":[78,78,78,78,78,78,78,78,78,78,78,78,78,78,78,78],"card_choices":[{"not_picked":["Undo","Leap"],"picked":"Auto Shields","floor":1},{"not_picked":["Rebound","Barrage"],"picked":"Consume","floor":3},{"not_picked":["Streamline","Coolheaded"],"picked":"Defragment","floor":4},{"not_picked":["Coolheaded","Sunder"],"picked":"Glacier","floor":5},{"not_picked":["Fission","Barrage","Beam Cell"],"picked":"SKIP","floor":7},{"not_picked":["Go for the Eyes","Blizzard"],"picked":"Conserve Battery","floor":10},{"not_picked":["Leap","Scrape"],"picked":"BootSequence","floor":11},{"not_picked":["Recycle","Leap","Reinforced Body"],"picked":"SKIP","floor":12},{"not_picked":["Consume","Stack","Genetic Algorithm"],"picked":"SKIP","floor":14}],"player_experience":981891,"relics_obtained":[{"floor":7,"key":"Cables"},{"floor":9,"key":"FossilizedHelix"},{"floor":11,"key":"Unceasing Top"}],"event_choices":[{"damage_healed":0,"gold_gain":0,"player_choice":"Success","damage_taken":11,"relics_obtained":["Juzu Bracelet"],"max_hp_gain":0,"max_hp_loss":0,"event_name":"Scrap Ooze","floor":13,"gold_loss":0}],"is_beta":false,"boss_relics":[],"items_purged_floors":[],"is_endless":false,"potions_floor_spawned":[1,5,11,12,14],"killed_by":"Hexaghost","ascension_level":15}