{"gold_per_floor":[113,123,139,153,34,65,65,65,65,65,90,90,90,110,110,186,186,200,35,34,34,34,34],"floor_reached":23,"playtime":702,"items_purged":["Strike_B"],"score":368,"play_id":"462715e3-d751-4672-af48-88572e7fac3f","local_time":"20190212135926","is_ascension_mode":true,"campfire_choices":[{"floor":8,"key":"REST"},{"floor":10,"key":"REST"},{"floor":13,"key":"REST"},{"data":"Sunder","floor":15,"key":"SMITH"}],"neow_cost":"NONE","seed_source_timestamp":49483155932773,"circlet_count":0,"master_deck":["AscendersBane","Strike_B+1","Strike_B+1","Defend_B","Defend_B","Defend_B","Zap","Dualcast","Go for the Eyes","Tempest","Coolheaded","Sunder+1","Loop","Compile Driver","Leap","Leap","Amplify"],"relics":["Sozu","Whetstone","Pear","Incense Burner","White Beast Statue","Art of War"],"potions_floor_usage":[],"damage_taken":[{"damage":4,"enemies":"Small Slimes","floor":1,"turns":3},{"damage":10,"enemies":"2 Louse","floor":2,"turns":3},{"damage":7,"enemies":"Cultist","floor":3,"turns":4},{"damage":10,"enemies":"Blue Slaver","floor":4,"turns":3},{"damage":23,"enemies":"Lagavulin","floor":6,"turns":6},{"damage":36,"enemies":"3 Sentries","floor":11,"turns":8},{"damage":0,"enemies":"2 Fungi Beasts","floor":14,"turns":4},{"damage":14,"enemies":"The Guardian","floor":16,"turns":9},{"damage":17,"enemies":"Spheric Guardian","floor":18,"turns":6},{"damage":18,"enemies":"2 Thieves","floor":20,"turns":5},{"damage":33,"enemies":"Slavers","floor":23,"turns":3}],"seed_played":"3262113954828905859","potions_obtained":[],"is_trial":false,"path_per_floor":["M","M","M","M","$","E","?","R","T","R","E","?","R","M","R","B",null,"M","$","M","?","$","E"],"character_chosen":"DEFECT","items_purchased":["Loop","Art of War"],"campfire_rested":3,"item_purchase_floors":[5,19],"current_hp_per_floor":[60,50,43,33,33,10,10,31,41,65,29,29,53,53,53,39,71,54,54,36,36,36,3],"gold":34,"neow_bonus":"BOSS_RELIC","is_prod":false,"is_daily":false,"chose_seed":false,"campfire_upgraded":1,"win_rate":0,"timestamp":1549997966,"path_taken":["M","M","M","M","$","E","?","R","T","R","E","?","R","M","R","BOSS","M","?","M","?","$","E"],"build_version":"2019-01-23","purchased_purges":1,"victory":false,"max_hp_per_floor":[71,71,71,71,71,71,71,71,81,81,81,81,81,81,81,81,81,81,81,81,81,81,81],"card_choices":[{"not_picked":["Redo","Auto Shields"],"picked":"Go for the Eyes","floor":1},{"not_picked":["Hologram","Turbo"],"picked":"Tempest","floor":2},{"not_picked":["Barrage","Go for the Eyes"],"picked":"Coolheaded","floor":3},{"not_picked":["Consume","Darkness"],"picked":"Sunder","floor":4},{"not_picked":["Genetic Algorithm","Streamline"],"picked":"Compile Driver","floor":6},{"not_picked":["Meteor Strike","Ball Lightning"],"picked":"Leap","floor":11},{"not_picked":["Rebound","Redo","Conserve Battery"],"picked":"SKIP","floor":14},{"not_picked":["All For One","Multi-Cast"],"picked":"Amplify","floor":16},{"not_picked":["Barrage","Go for the Eyes","Rebound"],"picked":"SKIP","floor":18},{"not_picked":["Skim","Rebound","Hologram"],"picked":"SKIP","floor":20}],"player_experience":267812,"relics_obtained":[{"floor":6,"key":"Whetstone"},{"floor":9,"key":"Pear"},{"floor":11,"key":"Incense Burner"}],"event_choices":[{"damage_healed":0,"gold_gain":0,"player_choice":"Ignored","damage_taken":0,"max_hp_gain":0,"max_hp_loss":0,"event_name":"Liars Game","floor":7,"gold_loss":0},{"damage_healed":0,"gold_gain":0,"cards_transformed":["Strike_B"],"player_choice":"Transformed","damage_taken":0,"max_hp_gain":0,"max_hp_loss":0,"event_name":"Transmorgrifier","floor":12,"gold_loss":0,"cards_obtained":["Leap"]},{"cards_removed":["Defend_B"],"damage_healed":0,"gold_gain":0,"player_choice":"Elegance","damage_taken":0,"max_hp_gain":0,"max_hp_loss":0,"event_name":"Back to Basics","floor":21,"gold_loss":0}],"is_beta":false,"boss_relics":[{"not_picked":["Astrolabe","Runic Dome"],"picked":"White Beast Statue"}],"items_purged_floors":[5],"is_endless":false,"potions_floor_spawned":[3,11,14,16,18,20],"killed_by":"Slavers","ascension_level":17}