{"gold_per_floor":[116,116,135,17,35,69,69,0,27,27,44,57,57,73,73,178,178,178,118,118,46,46,46,46,46,46,46,46,46,46,46],"floor_reached":31,"playtime":1401,"items_purged":[],"score":279,"play_id":"7c1ada09-c479-40f8-acdd-e37e0be8883f","local_time":"20190202143137","is_ascension_mode":false,"campfire_choices":[{"floor":7,"key":"REST"},{"floor":10,"key":"REST"},{"data":"Whirlwind","floor":15,"key":"SMITH"},{"floor":27,"key":"REST"}],"neow_cost":"NONE","seed_source_timestamp":0,"circlet_count":0,"master_deck":["Strike_R+1","Strike_R+1","Strike_R+1","Strike_R+1","Strike_R+1","Defend_R+1","Defend_R+1","Defend_R+1","Defend_R+1","Bash+1","Thunderclap","Headbutt","Bandage Up","Seeing Red","Disarm","Blood for Blood","Dropkick","Whirlwind+1","Uppercut","Berserk","Cleave+1","Iron Wave","Seeing Red+1","Rampage","Demon Form","Pummel","Perfected Strike+1"],"special_seed":0,"relics":["Burning Blood","Vajra","Art of War","Strawberry","Ectoplasm","Ancient Tea Set","Darkstone Periapt","GremlinMask","Pantograph"],"potions_floor_usage":[16,23,23,24],"damage_taken":[{"damage":12,"enemies":"Small Slimes","floor":1,"turns":3},{"damage":6,"enemies":"2 Louse","floor":3,"turns":3},{"damage":11,"enemies":"Jaw Worm","floor":5,"turns":3},{"damage":34,"enemies":"Gremlin Nob","floor":6,"turns":5},{"damage":8,"enemies":"Lots of Slimes","floor":11,"turns":3},{"damage":7,"enemies":"3 Louse","floor":12,"turns":2},{"damage":10,"enemies":"Exordium Thugs","floor":14,"turns":3},{"damage":16,"enemies":"Slime Boss","floor":16,"turns":9},{"damage":10,"enemies":"Chosen","floor":18,"turns":4},{"damage":25,"enemies":"2 Thieves","floor":19,"turns":3},{"damage":18,"enemies":"Snecko","floor":20,"turns":4},{"damage":2,"enemies":"3 Cultists","floor":22,"turns":3},{"damage":63,"enemies":"Book of Stabbing","floor":23,"turns":6},{"damage":15,"enemies":"Snake Plant","floor":24,"turns":3},{"damage":31,"enemies":"Slavers","floor":29,"turns":3},{"damage":13,"enemies":"Snecko","floor":30,"turns":5},{"damage":15,"enemies":"Centurion and Healer","floor":31,"turns":1}],"seed_played":"2717273702187454015","potions_obtained":[{"floor":1,"key":"Fire Potion"},{"floor":5,"key":"BloodPotion"},{"floor":6,"key":"LiquidBronze"},{"floor":16,"key":"SkillPotion"},{"floor":29,"key":"FearPotion"}],"is_trial":false,"path_per_floor":["M","?","M","$","M","E","R","$","T","R","M","M","?","M","R","B",null,"M","M","M","$","M","E","M","?","T","R","?","E","M","M"],"character_chosen":"IRONCLAD","items_purchased":["Bandage Up","Seeing Red","Dropkick","Rampage"],"campfire_rested":3,"item_purchase_floors":[4,4,8,21],"current_hp_per_floor":[74,58,58,58,57,33,57,57,57,80,80,79,74,70,70,64,87,83,68,60,60,64,19,10,10,10,36,36,15,12,0],"gold":46,"neow_bonus":"UPGRADE_CARD","is_prod":false,"is_daily":false,"chose_seed":false,"campfire_upgraded":1,"win_rate":0.0,"timestamp":1549139497,"path_taken":["M","?","M","$","M","E","R","$","T","R","M","M","?","M","R","BOSS","M","M","M","$","M","E","M","?","T","R","?","E","?","M"],"build_version":"2019-01-23","purchased_purges":0,"victory":false,"max_hp_per_floor":[80,80,80,80,80,80,80,80,80,80,80,80,87,87,87,87,87,87,87,87,87,87,87,87,87,87,87,87,87,87,87],"card_choices":[{"not_picked":["Corruption","Battle Trance"],"picked":"Thunderclap","floor":1},{"not_picked":["Searing Blow","Hemokinesis"],"picked":"Headbutt","floor":3},{"not_picked":["Clash","Battle Trance"],"picked":"Disarm","floor":5},{"not_picked":["Flex","Fiend Fire"],"picked":"Blood for Blood","floor":6},{"not_picked":["Rupture","Warcry"],"picked":"Whirlwind","floor":11},{"not_picked":["Body Slam","Warcry","Wild Strike"],"picked":"SKIP","floor":12},{"not_picked":["True Grit","Rupture"],"picked":"Uppercut","floor":14},{"not_picked":["Brutality","Barricade"],"picked":"Berserk","floor":16},{"not_picked":["Havoc","Heavy Blade+1"],"picked":"Cleave+1","floor":18},{"not_picked":["Heavy Blade+1","Fire Breathing"],"picked":"Iron Wave","floor":19},{"not_picked":["Thunderclap","Flex+1"],"picked":"Seeing Red+1","floor":20},{"not_picked":["Ghostly Armor+1","Sword Boomerang","Burning Pact"],"picked":"SKIP","floor":22},{"not_picked":["Iron Wave","Intimidate+1"],"picked":"Demon Form","floor":23},{"not_picked":["Iron Wave","Warcry","Reckless Charge"],"picked":"SKIP","floor":24},{"not_picked":["Heavy Blade","Intimidate+1"],"picked":"Pummel","floor":29},{"not_picked":["Anger","Feel No Pain+1"],"picked":"Perfected Strike+1","floor":30}],"player_experience":72533,"relics_obtained":[{"floor":6,"key":"Vajra"},{"floor":9,"key":"Art of War"},{"floor":23,"key":"Ancient Tea Set"},{"floor":26,"key":"Darkstone Periapt"},{"floor":29,"key":"Pantograph"}],"event_choices":[{"damage_healed":0,"gold_gain":0,"player_choice":"Entered Light","damage_taken":16,"max_hp_gain":0,"max_hp_loss":0,"event_name":"Shining Light","floor":2,"gold_loss":0,"cards_upgraded":["Strike_R","Strike_R"]},{"damage_healed":0,"gold_gain":0,"player_choice":"Success","damage_taken":12,"relics_obtained":["Strawberry"],"max_hp_gain":0,"max_hp_loss":0,"event_name":"Scrap Ooze","floor":13,"gold_loss":0},{"damage_healed":0,"gold_gain":0,"player_choice":"Simplicity","damage_taken":0,"max_hp_gain":0,"max_hp_loss":0,"event_name":"Back to Basics","floor":25,"gold_loss":0,"cards_upgraded":["Strike_R","Strike_R","Strike_R","Defend_R","Defend_R","Defend_R","Defend_R"]},{"damage_healed":0,"gold_gain":0,"player_choice":"Trade","damage_taken":0,"relics_obtained":["GremlinMask"],"max_hp_gain":0,"max_hp_loss":0,"event_name":"FaceTrader","floor":28,"gold_loss":0}],"is_beta":false,"boss_relics":[{"not_picked":["Philosopher\u0027s Stone","Black Star"],"picked":"Ectoplasm"}],"items_purged_floors":[],"is_endless":false,"potions_floor_spawned":[1,5,6,11,16,18,19,29],"killed_by":"Centurion and Healer","ascension_level":0}