{"path_per_floor":["M","?","?","M","M","R","E","R","T","M","?","?","$","M","R","B",null,"M","?","?","M","M","R"],"character_chosen":"DEFECT","items_purchased":["Thunder Strike","Regal Pillow"],"gold_per_floor":[215,165,165,178,193,193,221,221,290,305,305,305,15,39,39,170,170,189,189,189,202,226,226,226],"floor_reached":24,"campfire_rested":1,"playtime":734,"current_hp_per_floor":[75,75,80,74,74,74,51,51,51,51,31,31,31,31,70,33,98,90,90,90,84,45,45,0],"items_purged":[],"gold":226,"score":221,"play_id":"be54712e-b8cc-44c0-81aa-90c8e2e19067","local_time":"20180505125758","is_prod":false,"is_daily":false,"chose_seed":false,"is_ascension_mode":false,"campfire_upgraded":2,"timestamp":1525550278,"path_taken":["M","?","?","?","M","R","E","R","T","M","?","?","?","M","R","BOSS","M","?","?","M","M","R","E"],"build_version":"2018-05-03","seed_source_timestamp":1536843871538523,"purchased_purges":0,"victory":false,"master_deck":["Strike_B","Strike_B","Strike_B","Defend_B","Defend_B","Defend_B","Defend_B","Zap+1","Dualcast","BootSequence","Static Discharge+1","Thunder Strike","Writhe","Doubt","Consume","Melter","Auto Shields+1"],"max_hp_per_floor":[75,75,80,80,80,80,80,80,80,80,80,80,80,80,80,80,98,98,98,98,98,98,98,98],"relics":["Cracked Core","Anchor","Darkstone Periapt","Golden Idol","Regal Pillow","Calling Bell","Bag of Marbles","Frozen Egg 2","Peace Pipe"],"card_choices":[{"not_picked":["Stack","Ball Lightning"],"picked":"BootSequence","floor":4},{"not_picked":["Defragment","Streamline"],"picked":"Static Discharge","floor":7},{"not_picked":["Impulse","Stack"],"picked":"Consume","floor":18},{"not_picked":["Chaos","Skim"],"picked":"Auto Shields","floor":21}],"player_experience":162633,"potions_floor_usage":[7,14,16,18,24],"damage_taken":[{"damage":0,"enemies":"Cultist","floor":1,"turns":3},{"damage":6,"enemies":"Jaw Worm","floor":4,"turns":3},{"damage":0,"enemies":"Small Slimes","floor":5,"turns":2},{"damage":23,"enemies":"Gremlin Nob","floor":7,"turns":4},{"damage":0,"enemies":"Looter","floor":10,"turns":3},{"damage":0,"enemies":"2 Fungi Beasts","floor":14,"turns":2},{"damage":37,"enemies":"Hexaghost","floor":16,"turns":3},{"damage":8,"enemies":"3 Byrds","floor":18,"turns":3},{"damage":6,"enemies":"Spheric Guardian","floor":21,"turns":3},{"damage":39,"enemies":"Centurion and Healer","floor":22,"turns":6},{"damage":56,"enemies":"Gremlin Leader","floor":24,"turns":6}],"event_choices":[{"event_name":"The Cleric","player_choice":"Card Removal","floor":2,"damage_taken":0},{"event_name":"Big Fish","player_choice":"Donut","floor":3,"damage_taken":0},{"event_name":"Golden Idol","player_choice":"Take Damage","floor":11,"damage_taken":0},{"event_name":"The Lab","player_choice":"Got Potions","floor":12,"damage_taken":0},{"event_name":"The Library","player_choice":"Read","floor":19,"damage_taken":0},{"event_name":"Vampires","player_choice":"Ignored","floor":20,"damage_taken":0}],"boss_relics":[{"not_picked":["Eternal Feather","Ectoplasm"],"picked":"Calling Bell"}],"potions_floor_spawned":[4,10,16,21,22],"seed_played":"8646184700482056476","killed_by":"Gremlin Leader","ascension_level":0,"is_trial":false}