{"path_per_floor":["M","M","?","?","M","E","M","R","T","E","?","M","M","?","R","B",null,"M","$","M","?","M","R","$","E","T","R","$","M","?"],"character_chosen":"THE_SILENT","items_purchased":["Apotheosis","Accuracy","Backflip","Malaise","Accuracy"],"gold_per_floor":[144,161,161,161,175,213,236,236,236,267,267,290,285,285,285,411,411,434,45,70,70,84,84,9,40,64,64,26,39,39,39],"floor_reached":31,"campfire_rested":2,"playtime":1564,"current_hp_per_floor":[75,74,74,74,63,40,31,31,31,21,26,23,18,18,42,13,80,73,73,57,57,43,43,43,27,27,54,54,53,11,0],"items_purged":["Injury"],"gold":39,"score":342,"play_id":"15de6e8e-5169-4879-9162-975b0283df13","local_time":"20180504213435","is_prod":false,"is_daily":false,"chose_seed":false,"is_ascension_mode":true,"campfire_upgraded":2,"timestamp":1525466075,"path_taken":["M","M","?","?","?","E","M","R","T","E","?","M","M","?","R","BOSS","M","$","M","?","M","R","$","E","T","R","?","?","?","E"],"build_version":"2018-05-03","seed_source_timestamp":519994572581731,"purchased_purges":1,"victory":false,"master_deck":["Defend_G","Defend_G","Defend_G+1","Defend_G","Defend_G","Strike_G","Strike_G","Strike_G","Strike_G","Strike_G","Survivor","Neutralize","Outmaneuver","Poisoned Stab","Tools of the Trade+1","Calculated Gamble+1","Crippling Poison","Endless Agony","Slice","Infinite Blades","Adrenaline","Deflect","Apotheosis+1","Accuracy","Backflip","Finisher","Acrobatics","Malaise","PiercingWail+1","Accuracy","Outmaneuver+1","Deep Breath","Dramatic Entrance","Finesse","Trip","Swift Strike"],"max_hp_per_floor":[75,75,75,75,75,75,75,75,75,75,80,80,80,80,80,80,80,80,80,80,80,80,80,80,90,90,90,90,90,90,90],"relics":["Tiny House","Golden Idol","Art of War","Ornamental Fan","Ninja Scroll","Black Star","Pear","Kunai","Oddly Smooth Stone"],"card_choices":[{"not_picked":["Acrobatics","Caltrops"],"picked":"Outmaneuver","floor":0},{"not_picked":["Bane","Underhanded Strike"],"picked":"Poisoned Stab","floor":1},{"not_picked":["Acrobatics","Sucker Punch"],"picked":"Tools of the Trade","floor":2},{"not_picked":["Dagger Spray","Setup"],"picked":"Calculated Gamble","floor":5},{"not_picked":["Quick Slash","Acrobatics"],"picked":"Crippling Poison","floor":6},{"not_picked":["Tools of the Trade","Leg Sweep"],"picked":"Endless Agony","floor":10},{"not_picked":["Poisoned Stab","All Out Attack"],"picked":"Slice","floor":12},{"not_picked":["Sucker Punch","Distraction"],"picked":"Infinite Blades","floor":13},{"not_picked":["Tactician","Glass Knife"],"picked":"Adrenaline","floor":16},{"not_picked":["Sucker Punch","All Out Attack"],"picked":"Deflect","floor":18},{"not_picked":["Crippling Poison","Quick Slash"],"picked":"Finisher","floor":20},{"not_picked":["Outmaneuver","Prepared"],"picked":"Acrobatics","floor":22},{"not_picked":["Slice","Masterful Stab"],"picked":"PiercingWail","floor":25},{"not_picked":["Malaise","Glass Knife"],"picked":"Outmaneuver","floor":29}],"player_experience":113351,"potions_floor_usage":[10,10,16,25,25,31],"damage_taken":[{"damage":0,"enemies":"Small Slimes","floor":1,"turns":4},{"damage":1,"enemies":"Cultist","floor":2,"turns":4},{"damage":11,"enemies":"Jaw Worm","floor":5,"turns":6},{"damage":23,"enemies":"Lagavulin","floor":6,"turns":10},{"damage":9,"enemies":"Blue Slaver","floor":7,"turns":4},{"damage":10,"enemies":"Gremlin Nob","floor":10,"turns":5},{"damage":3,"enemies":"2 Fungi Beasts","floor":12,"turns":3},{"damage":5,"enemies":"Exordium Thugs","floor":13,"turns":5},{"damage":29,"enemies":"The Guardian","floor":16,"turns":14},{"damage":7,"enemies":"Shell Parasite","floor":18,"turns":6},{"damage":16,"enemies":"3 Byrds","floor":20,"turns":5},{"damage":14,"enemies":"Snecko","floor":22,"turns":5},{"damage":26,"enemies":"Slavers","floor":25,"turns":7},{"damage":1,"enemies":"Centurion and Healer","floor":29,"turns":7},{"damage":12,"enemies":"Gremlin Leader","floor":31,"turns":3}],"event_choices":[{"event_name":"Upgrade Shrine","player_choice":"Upgraded","floor":3,"damage_taken":0},{"event_name":"Golden Idol","player_choice":"Take Wound","floor":4,"damage_taken":0},{"event_name":"Big Fish","player_choice":"Donut","floor":11,"damage_taken":0},{"event_name":"Liars Game","player_choice":"disagreed","floor":14,"damage_taken":0},{"event_name":"Beggar","player_choice":"Ignored","floor":21,"damage_taken":0},{"event_name":"Knowing Skull","player_choice":"CARD CARD CARD CARD CARD ","floor":30,"damage_taken":0}],"boss_relics":[{"not_picked":["Runic Pyramid","Calling Bell"],"picked":"Black Star"}],"potions_floor_spawned":[5,6,12,13,25],"seed_played":"-2229657197922367404","killed_by":"Gremlin Leader","ascension_level":2,"is_trial":false}