{"gold_per_floor":[119,139,139,156,168,168,203,203,229,229,262,275,275,288,288,388,388,399,399,418,120,132,132],"floor_reached":23,"playtime":1131,"items_purged":["Strike_G"],"score":274,"play_id":"be4a3e52-a0c8-4637-bad5-250833e342d9","local_time":"20190211150218","is_ascension_mode":true,"campfire_choices":[{"data":"Crippling Poison","floor":6,"key":"SMITH"},{"floor":8,"key":"REST"},{"floor":15,"key":"REST"}],"neow_cost":"CURSE","seed_source_timestamp":92419943578701,"circlet_count":0,"master_deck":["Defend_G","Defend_G","Defend_G","Defend_G","Defend_G","Strike_G","Survivor","Neutralize","Good Instincts","Flash of Steel","Clumsy","Infinite Blades","All Out Attack+1","Crippling Poison+1","Prepared+1","Deadly Poison","Cloak And Dagger","Predator","Bane","Glass Knife","Leg Sweep","Deep Breath","Terror","Infinite Blades","Deadly Poison+1"],"relics":["Ring of the Snake","Art of War","Regal Pillow","Snake Skull","Dream Catcher","Empty Cage","Anchor"],"potions_floor_usage":[7,11,16,16,23],"damage_taken":[{"damage":0,"enemies":"Jaw Worm","floor":1,"turns":4},{"damage":0,"enemies":"Small Slimes","floor":2,"turns":3},{"damage":2,"enemies":"Cultist","floor":4,"turns":4},{"damage":0,"enemies":"Looter","floor":5,"turns":4},{"damage":15,"enemies":"Lagavulin","floor":7,"turns":5},{"damage":24,"enemies":"3 Sentries","floor":11,"turns":5},{"damage":19,"enemies":"Large Slime","floor":12,"turns":7},{"damage":6,"enemies":"3 Louse","floor":14,"turns":2},{"damage":19,"enemies":"Slime Boss","floor":16,"turns":15},{"damage":7,"enemies":"Chosen","floor":18,"turns":4},{"damage":10,"enemies":"Shell Parasite","floor":20,"turns":6},{"damage":26,"enemies":"Snecko","floor":22,"turns":6},{"damage":2,"enemies":"Gremlin Leader","floor":23,"turns":2}],"seed_played":"2662267670505031947","potions_obtained":[{"floor":2,"key":"Explosive Potion"},{"floor":4,"key":"AttackPotion"},{"floor":7,"key":"EssenceOfSteel"},{"floor":11,"key":"EssenceOfSteel"},{"floor":18,"key":"Fire Potion"},{"floor":22,"key":"SkillPotion"}],"is_trial":false,"path_per_floor":["M","M","?","M","M","R","E","R","T","T","E","M","?","M","R","B",null,"M","?","M","$","M","E"],"character_chosen":"THE_SILENT","items_purchased":["Anchor","Infinite Blades"],"campfire_rested":2,"item_purchase_floors":[21,21],"current_hp_per_floor":[63,63,63,61,61,61,46,67,67,67,43,24,10,4,40,21,58,51,37,27,27,1,0],"gold":132,"neow_bonus":"RANDOM_COLORLESS_2","is_prod":false,"is_daily":false,"chose_seed":false,"campfire_upgraded":1,"win_rate":0,"timestamp":1549893738,"path_taken":["M","M","?","M","M","R","E","R","T","?","E","M","?","M","R","BOSS","M","?","M","$","M","E"],"build_version":"2019-01-23","purchased_purges":1,"victory":false,"max_hp_per_floor":[70,70,70,70,70,70,70,70,70,70,70,70,70,70,70,70,70,70,70,70,70,70,70],"card_choices":[{"not_picked":["Underhanded Strike","Dagger Throw"],"picked":"Infinite Blades","floor":1},{"not_picked":["PiercingWail","Bouncing Flask"],"picked":"All Out Attack","floor":2},{"not_picked":["Calculated Gamble","Sucker Punch"],"picked":"Prepared","floor":4},{"not_picked":["Heel Hook","Die Die Die"],"picked":"Deadly Poison","floor":5},{"not_picked":["Phantasmal Killer","Prepared"],"picked":"Cloak And Dagger","floor":7},{"not_picked":["Dagger Throw","Endless Agony"],"picked":"Predator","floor":11},{"not_picked":["Calculated Gamble","Dodge and Roll","Flying Knee"],"picked":"SKIP","floor":12},{"not_picked":["Underhanded Strike","Setup","Acrobatics"],"picked":"SKIP","floor":14},{"not_picked":["Deflect","Flechettes"],"picked":"Bane","floor":15},{"not_picked":["Night Terror","Storm of Steel"],"picked":"Glass Knife","floor":16},{"not_picked":["Bouncing Flask","Deadly Poison"],"picked":"Leg Sweep","floor":18},{"not_picked":["Dodge and Roll","Heel Hook"],"picked":"Terror","floor":20},{"not_picked":["Outmaneuver","Backflip"],"picked":"Deadly Poison+1","floor":22}],"player_experience":284748,"relics_obtained":[{"floor":7,"key":"Art of War"},{"floor":9,"key":"Regal Pillow"},{"floor":10,"key":"Snake Skull"},{"floor":11,"key":"Dream Catcher"}],"event_choices":[{"damage_healed":0,"gold_gain":0,"cards_transformed":["Strike_G"],"player_choice":"Change","damage_taken":0,"max_hp_gain":0,"max_hp_loss":0,"event_name":"Living Wall","floor":3,"gold_loss":0,"cards_obtained":["Crippling Poison"]},{"damage_healed":0,"gold_gain":0,"player_choice":"Entered Light","damage_taken":14,"max_hp_gain":0,"max_hp_loss":0,"event_name":"Shining Light","floor":13,"gold_loss":0,"cards_upgraded":["All Out Attack","Prepared"]},{"damage_healed":0,"gold_gain":0,"player_choice":"CARD ","damage_taken":14,"max_hp_gain":0,"max_hp_loss":0,"event_name":"Knowing Skull","floor":19,"potions_obtained":[],"gold_loss":0,"cards_obtained":["Deep Breath"]}],"is_beta":false,"boss_relics":[{"not_picked":["Ectoplasm","Runic Pyramid"],"picked":"Empty Cage"}],"items_purged_floors":[21],"is_endless":false,"potions_floor_spawned":[2,4,7,11,18,22],"killed_by":"Gremlin Leader","ascension_level":7}