{"path_per_floor":["M","$","M","M","?","E","?","?","T","R","M","M","R","E","R","B",null,"M","$","M","?","?","R","?","M","T","T","$","M","$","M","R","B",null,"M","M","$","M","?","R","$","E","T","?","R","E","M","M","R","B"],"character_chosen":"IRONCLAD","items_purchased":["Dramatic Entrance","Inflame","Good Instincts","Jack Of All Trades","Shrug It Off","Armaments","Enlightenment"],"gold_per_floor":[109,9,19,32,32,61,61,61,87,87,103,121,121,151,151,247,247,261,17,33,33,58,58,58,71,151,151,16,35,10,22,22,117,117,134,150,150,165,217,217,10,36,107,77,77,104,115,129,129,129],"floor_reached":51,"campfire_rested":3,"playtime":3207,"current_hp_per_floor":[80,80,80,80,80,63,63,63,63,63,65,71,71,69,69,68,80,80,80,80,80,79,79,79,74,74,74,74,73,73,65,65,26,80,80,77,77,63,14,38,38,27,27,27,51,59,45,30,57,7],"items_purged":["Perfected Strike"],"gold":129,"score":565,"play_id":"be103ea1-40a9-481d-a503-e3a5421eb991","is_prod":false,"is_daily":false,"is_ascension_mode":false,"campfire_upgraded":4,"path_taken":["M","?","M","M","?","E","?","?","T","R","?","M","R","E","R","BOSS","M","$","M","?","?","R","?","M","T","?","?","?","$","M","R","BOSS","M","M","$","M","?","R","$","E","T","?","R","E","M","?","R","BOSS"],"build_version":"2018-02-23-BETA1","purchased_purges":3,"victory":true,"master_deck":["Defend_R","Defend_R","Bash+1","Clash","Dramatic Entrance","Thunderclap","Clothesline+1","Clash","Cleave","Clash","Uppercut+1","Double Tap+1","Rampage+1","Twin Strike+1","Flame Barrier","Inflame","Good Instincts","Jack Of All Trades","Shrug It Off","Armaments+1","Limit Break","Armaments+1","Demon Form","Flex+1","Enlightenment","Shrug It Off+1","Heavy Blade+1","Flex"],"max_hp_per_floor":[80,80,80,80,80,80,80,80,80,80,80,80,80,80,80,80,80,80,80,80,80,80,80,80,80,80,80,80,80,80,80,80,80,80,80,80,80,80,80,80,80,80,80,80,80,90,90,90,90,90],"relics":["Burning Blood","Mercury Hourglass","Ancient Tea Set","Peace Pipe","Astrolabe","Happy Flower","Red Mask","Molten Egg 2","Bronze Scales","Black Star","Gambling Chip","Pen Nib","Anchor","Dodecahedron","Bottled Flame","Pear"],"card_choices":[{"not_picked":["Fire Breathing","Seeing Red"],"picked":"Clash"},{"not_picked":["Burning Pact","Entrench"],"picked":"Thunderclap"},{"not_picked":["Armaments","True Grit"],"picked":"Clothesline"},{"not_picked":["Thunderclap","Whirlwind"],"picked":"Cleave"},{"not_picked":["Blood for Blood","Sword Boomerang"],"picked":"Uppercut"},{"not_picked":["Battle Trance","Combust"],"picked":"Double Tap"},{"not_picked":["Corruption","Twin Strike"],"picked":"Flame Barrier"},{"not_picked":["Berserk","Fiend Fire"],"picked":"Limit Break"},{"not_picked":["Perfected Strike","Clothesline"],"picked":"Armaments"},{"not_picked":["Shrug It Off","True Grit"],"picked":"Demon Form"},{"not_picked":["Anger","Clothesline"],"picked":"Flex"},{"not_picked":["Combust","Inflame"],"picked":"Shrug It Off"},{"not_picked":["Reckless Charge","Corruption"],"picked":"Heavy Blade"},{"not_picked":["Bloodletting","Body Slam"],"picked":"Flex"}],"player_experience":9089,"potions_floor_usage":[33,33,33,46,48,50,50,50],"damage_taken":[{"damage":1.0,"enemies":"Cultist","floor":1.0,"turns":3.0},{"damage":2.0,"enemies":"2 Louse","floor":3.0,"turns":2.0},{"damage":5.0,"enemies":"Small Slimes","floor":4.0,"turns":2.0},{"damage":23.0,"enemies":"3 Sentries","floor":6.0,"turns":6.0},{"damage":4.0,"enemies":"2 Fungi Beasts","floor":11.0,"turns":2.0},{"damage":0.0,"enemies":"Large Slime","floor":12.0,"turns":3.0},{"damage":8.0,"enemies":"Lagavulin","floor":14.0,"turns":3.0},{"damage":7.0,"enemies":"Slime Boss","floor":16.0,"turns":4.0},{"damage":0.0,"enemies":"Spheric Guardian","floor":18.0,"turns":1.0},{"damage":0.0,"enemies":"Chosen","floor":20.0,"turns":3.0},{"damage":7.0,"enemies":"Masked Bandits","floor":22.0,"turns":3.0},{"damage":11.0,"enemies":"Centurion and Healer","floor":25.0,"turns":3.0},{"damage":7.0,"enemies":"Cultist and Chosen","floor":29.0,"turns":4.0},{"damage":14.0,"enemies":"Snecko","floor":31.0,"turns":5.0},{"damage":45,"enemies":"Automaton","floor":33,"turns":8},{"damage":4,"enemies":"Orb Walker","floor":35,"turns":3},{"damage":9,"enemies":"Flame Bruiser 1 Orb","floor":36,"turns":4},{"damage":20,"enemies":"4 Shapes","floor":38,"turns":3},{"damage":55,"enemies":"Mysterious Sphere","floor":39,"turns":5},{"damage":17,"enemies":"Giant Head","floor":42,"turns":6},{"damage":8,"enemies":"2 Orb Walkers","floor":46,"turns":4},{"damage":20,"enemies":"Spire Growth","floor":47,"turns":5},{"damage":21,"enemies":"Maw","floor":48,"turns":9},{"damage":56,"enemies":"Time Eater","floor":50,"turns":8}],"event_choices":[{"event_name":"Transmorgrifier","player_choice":"Transform","floor":5.0,"damage_taken":0.0},{"event_name":"Living Wall","player_choice":"Change","floor":7.0,"damage_taken":0.0},{"event_name":"Purifier","player_choice":"One Purge","floor":8.0,"damage_taken":0.0},{"event_name":"The Mausoleum","player_choice":"Yes","floor":21.0,"damage_taken":0.0},{"event_name":"Masked Bandits","player_choice":"Fought over 33 gold","floor":22.0,"damage_taken":0.0},{"event_name":"Purifier","player_choice":"One Purge","floor":24.0,"damage_taken":0.0},{"event_name":"Mysterious Sphere","player_choice":"Fight","floor":39,"damage_taken":0},{"event_name":"The Woman in Blue","player_choice":"Bought 2 Potions","floor":44,"damage_taken":0}],"boss_relics":[{"not_picked":["Philosopher\u0027s Stone","Sozu"],"picked":"Black Star"}],"potions_floor_spawned":[1,6,14,22,29,42,46,48],"seed_played":"1203657301779529664","ascension_level":0,"is_trial":false}