{"gold_per_floor":[114,114,114,130,144,144,144,144,144,144,177,189,208,235,235,312,312,325,338,263,277,377,377,377],"floor_reached":24,"playtime":661,"items_purged":[],"score":412,"play_id":"15373c40-0d41-4bf7-bde8-342099d21cd1","local_time":"20190213205227","is_ascension_mode":true,"campfire_choices":[{"data":"Uppercut","floor":6,"key":"SMITH"},{"data":"Twin Strike","floor":8,"key":"SMITH"},{"data":"Strike_R","floor":10,"key":"SMITH"},{"data":"Immolate","floor":15,"key":"SMITH"},{"floor":23,"key":"REST"}],"neow_cost":"NONE","seed_source_timestamp":14133773368700,"circlet_count":0,"master_deck":["AscendersBane","Strike_R","Strike_R","Strike_R+1","Defend_R+1","Defend_R","Defend_R+1","Defend_R","Bash+1","Uppercut+1","Twin Strike+1","Immolate+1","Disarm","Immolate"],"relics":["Burning Blood","Paper Frog","Blue Candle","Boot","Black Star","Ice Cream","Darkstone Periapt"],"potions_floor_usage":[16,18,22,22],"damage_taken":[{"damage":3,"enemies":"2 Louse","floor":1,"turns":3},{"damage":0,"enemies":"Small Slimes","floor":4,"turns":6},{"damage":1,"enemies":"Cultist","floor":5,"turns":4},{"damage":6,"enemies":"Gremlin Nob","floor":11,"turns":3},{"damage":0,"enemies":"Large Slime","floor":12,"turns":4},{"damage":3,"enemies":"Looter","floor":13,"turns":2},{"damage":18,"enemies":"Lagavulin","floor":14,"turns":5},{"damage":10,"enemies":"The Guardian","floor":16,"turns":12},{"damage":0,"enemies":"Chosen","floor":18,"turns":3},{"damage":19,"enemies":"2 Thieves","floor":19,"turns":4},{"damage":13,"enemies":"Cultist and Chosen","floor":21,"turns":5},{"damage":28,"enemies":"Colosseum Slavers","floor":22,"turns":3},{"damage":30,"enemies":"Colosseum Nobs","floor":22,"turns":5},{"damage":32,"enemies":"Slavers","floor":24,"turns":1}],"seed_played":"-8299997887203029874","potions_obtained":[{"floor":1,"key":"SteroidPotion"},{"floor":11,"key":"SkillPotion"},{"floor":12,"key":"EssenceOfSteel"},{"floor":16,"key":"Poison Potion"},{"floor":18,"key":"Weak Potion"},{"floor":19,"key":"Poison Potion"},{"floor":22,"key":"Fire Potion"}],"is_trial":false,"path_per_floor":["M","?","?","M","M","R","?","R","T","R","E","M","M","E","R","B",null,"M","M","?","M","?","R","E"],"character_chosen":"IRONCLAD","items_purchased":[],"campfire_rested":1,"item_purchase_floors":[],"current_hp_per_floor":[71,48,48,54,59,59,59,59,59,59,59,65,68,56,56,52,69,75,62,62,55,9,31,0],"gold":377,"neow_bonus":"REMOVE_CARD","is_prod":false,"is_daily":false,"chose_seed":false,"campfire_upgraded":4,"win_rate":0,"timestamp":1550083947,"path_taken":["M","?","?","M","?","R","?","R","T","R","E","M","M","E","R","BOSS","M","M","?","M","?","R","E"],"build_version":"2019-01-23","purchased_purges":0,"victory":false,"max_hp_per_floor":[75,75,75,75,75,75,75,75,75,75,75,75,75,75,75,75,75,75,75,75,75,75,75,75],"card_choices":[{"not_picked":["Reckless Charge","Clothesline","Heavy Blade"],"picked":"SKIP","floor":1},{"not_picked":["Dropkick","Warcry","Feel No Pain"],"picked":"SKIP","floor":4},{"not_picked":["Feel No Pain","True Grit"],"picked":"Twin Strike","floor":5},{"not_picked":["Twin Strike","Clothesline"],"picked":"Immolate","floor":11},{"not_picked":["Armaments","Body Slam","Thunderclap"],"picked":"SKIP","floor":12},{"not_picked":["Heavy Blade","True Grit"],"picked":"Disarm","floor":13},{"not_picked":["Sever Soul","Blood for Blood","Clash"],"picked":"SKIP","floor":14},{"not_picked":["Fiend Fire","Reaper"],"picked":"Immolate","floor":16},{"not_picked":["True Grit","Sword Boomerang","Burning Pact"],"picked":"SKIP","floor":18},{"not_picked":["Body Slam","Clash","Rampage"],"picked":"SKIP","floor":19},{"not_picked":["Clothesline","Perfected Strike","Clash"],"picked":"SKIP","floor":21}],"player_experience":740484,"relics_obtained":[{"floor":9,"key":"Paper Frog"},{"floor":11,"key":"Blue Candle"},{"floor":14,"key":"Boot"},{"floor":22,"key":"Ice Cream"},{"floor":22,"key":"Darkstone Periapt"}],"event_choices":[{"damage_healed":0,"gold_gain":0,"player_choice":"Entered Light","damage_taken":23,"max_hp_gain":0,"max_hp_loss":0,"event_name":"Shining Light","floor":2,"gold_loss":0,"cards_upgraded":["Defend_R","Defend_R"]},{"damage_healed":0,"gold_gain":0,"player_choice":"1 cards matched","damage_taken":0,"max_hp_gain":0,"max_hp_loss":0,"event_name":"Match and Keep!","floor":3,"gold_loss":0,"cards_obtained":["Uppercut"]},{"damage_healed":0,"gold_gain":0,"player_choice":"Grow","damage_taken":0,"max_hp_gain":0,"max_hp_loss":0,"event_name":"Living Wall","floor":7,"gold_loss":0,"cards_upgraded":["Bash"]},{"cards_removed":["Strike_R"],"damage_healed":0,"gold_gain":0,"player_choice":"Gave Gold","damage_taken":0,"max_hp_gain":0,"max_hp_loss":0,"event_name":"Beggar","floor":20,"gold_loss":75},{"damage_healed":0,"gold_gain":0,"player_choice":"Fight","damage_taken":0,"max_hp_gain":0,"max_hp_loss":0,"event_name":"Colosseum","floor":22,"gold_loss":0},{"damage_healed":0,"gold_gain":0,"player_choice":"Fought Nobs","damage_taken":0,"max_hp_gain":0,"max_hp_loss":0,"event_name":"Colosseum","floor":22,"gold_loss":0}],"is_beta":false,"boss_relics":[{"not_picked":["Astrolabe","Coffee Dripper"],"picked":"Black Star"}],"items_purged_floors":[],"is_endless":false,"potions_floor_spawned":[1,11,12,16,18,19,22],"killed_by":"Slavers","ascension_level":20}