{"gold_per_floor":[112,132,132,146,29,29,46,56,56,131,131],"floor_reached":11,"playtime":180,"items_purged":[],"score":130,"play_id":"0d60d3bf-6a0f-465e-b9ab-4dc3b0459f3e","local_time":"20190205011701","is_ascension_mode":true,"campfire_choices":[{"data":"Defragment","floor":6,"key":"SMITH"}],"neow_cost":"NONE","seed_source_timestamp":34848696989393,"circlet_count":0,"master_deck":["AscendersBane","Strike_B","Strike_B","Strike_B","Strike_B","Defend_B","Defend_B","Defend_B","Defend_B","Zap","Dualcast","Cold Snap","Streamline+1","Conserve Battery","Defragment+1","Go for the Eyes","Capacitor","Hologram"],"relics":["Cracked Core","NeowsBlessing","Dodecahedron"],"potions_floor_usage":[],"damage_taken":[{"damage":0,"enemies":"Small Slimes","floor":1,"turns":1},{"damage":0,"enemies":"2 Louse","floor":2,"turns":1},{"damage":0,"enemies":"Jaw Worm","floor":4,"turns":1},{"damage":16,"enemies":"Lots of Slimes","floor":7,"turns":4},{"damage":4,"enemies":"2 Fungi Beasts","floor":8,"turns":3},{"damage":9,"enemies":"Large Slime","floor":11,"turns":5}],"seed_played":"-8601885707293305702","potions_obtained":[{"floor":1,"key":"Dexterity Potion"}],"is_trial":false,"path_per_floor":["M","M","?","M","$","R","M","M","T","?","M"],"character_chosen":"DEFECT","items_purchased":["Defragment","Go for the Eyes"],"campfire_rested":0,"item_purchase_floors":[5,5],"current_hp_per_floor":[64,64,64,64,64,64,48,44,44,33,24],"gold":131,"neow_bonus":"THREE_ENEMY_KILL","is_prod":false,"is_daily":false,"chose_seed":false,"campfire_upgraded":1,"win_rate":0,"timestamp":1549358221,"path_taken":["M","M","?","M","$","R","M","M","T","?","M"],"build_version":"2019-01-23","purchased_purges":0,"victory":false,"max_hp_per_floor":[71,71,71,71,71,71,71,71,71,71,71],"card_choices":[{"not_picked":["Storm","Steam"],"picked":"Cold Snap","floor":1},{"not_picked":["Leap","Aggregate"],"picked":"Streamline","floor":2},{"not_picked":["Auto Shields","Tempest"],"picked":"Conserve Battery","floor":4},{"not_picked":["Fusion","Reboot"],"picked":"Capacitor","floor":7},{"not_picked":["Doom and Gloom","Gash"],"picked":"Hologram","floor":8}],"player_experience":1128400,"relics_obtained":[{"floor":9,"key":"Dodecahedron"}],"event_choices":[{"damage_healed":0,"gold_gain":0,"player_choice":"Grow","damage_taken":0,"max_hp_gain":0,"max_hp_loss":0,"event_name":"Living Wall","floor":3,"gold_loss":0,"cards_upgraded":["Streamline"]},{"damage_healed":0,"gold_gain":75,"player_choice":"Gather Gold","damage_taken":11,"max_hp_gain":0,"max_hp_loss":0,"event_name":"World of Goop","floor":10,"gold_loss":0}],"is_beta":true,"boss_relics":[],"items_purged_floors":[],"is_endless":false,"potions_floor_spawned":[1],"killed_by":"Large Slime","ascension_level":20}