{"gold_per_floor":[365,365,383,397,472,487,487,487,487,487,521,541,557,557,557,659,689,679,594,222,321,321,321,321],"floor_reached":24,"playtime":828,"items_purged":["Normality"],"score":233,"play_id":"3e40fcf2-9f77-43c0-985e-dac3693690bb","local_time":"20181110191209","is_ascension_mode":true,"campfire_choices":[{"floor":7,"key":"REST"},{"data":"Uppercut","floor":10,"key":"SMITH"},{"data":"Armaments","floor":15,"key":"SMITH"},{"data":"Normality","floor":23,"key":"PURGE"}],"neow_cost":"PERCENT_DAMAGE","seed_source_timestamp":231064675047764,"circlet_count":0,"master_deck":["Strike_R","Strike_R","Strike_R","Strike_R","Strike_R","Defend_R+1","Defend_R","Defend_R","Bash","Clash","Spot Weakness+1","Uppercut+1","Twin Strike","Armaments+1","Sword Boomerang","Double Tap","Decay","Infernal Blade","Metallicize"],"relics":["Burning Blood","Ornamental Fan","War Paint","Calling Bell","Tiny Chest","Molten Egg 2","Peace Pipe","Question Card","Gremlin Horn","CultistMask"],"potions_floor_usage":[16,18,24],"damage_taken":[{"damage":0,"enemies":"Small Slimes","floor":1,"turns":3},{"damage":1,"enemies":"Cultist","floor":3,"turns":3},{"damage":12,"enemies":"Jaw Worm","floor":4,"turns":2},{"damage":9,"enemies":"Exordium Wildlife","floor":6,"turns":3},{"damage":26,"enemies":"Lagavulin","floor":11,"turns":7},{"damage":7,"enemies":"3 Louse","floor":12,"turns":3},{"damage":7,"enemies":"Looter","floor":13,"turns":3},{"damage":23,"enemies":"The Guardian","floor":16,"turns":9},{"damage":36,"enemies":"2 Thieves","floor":18,"turns":4},{"damage":62,"enemies":"Book of Stabbing","floor":24,"turns":6}],"seed_played":"-4787926768735872284","potions_obtained":[{"floor":6,"key":"BloodPotion"},{"floor":12,"key":"SkillPotion"},{"floor":16,"key":"SteroidPotion"},{"floor":18,"key":"FearPotion"}],"is_trial":false,"path_per_floor":["M","?","M","M","?","M","R","$","T","R","E","M","M","?","R","B",null,"M","?","$","?","?","R","E"],"character_chosen":"IRONCLAD","items_purchased":["Metallicize","Gremlin Horn"],"campfire_rested":1,"item_purchase_floors":[20,20],"current_hp_per_floor":[62,62,67,61,50,47,71,71,71,71,51,50,49,75,75,58,80,58,58,58,58,58,58,0],"gold":321,"neow_bonus":"TWO_FIFTY_GOLD","is_prod":false,"is_daily":false,"chose_seed":false,"campfire_upgraded":2,"win_rate":0,"timestamp":1541877129,"path_taken":["M","?","?","M","?","M","R","$","T","R","E","M","M","?","R","BOSS","M","?","$","?","?","R","E"],"build_version":"2018-11-08","purchased_purges":1,"victory":false,"max_hp_per_floor":[80,80,80,80,80,80,80,80,80,80,80,80,80,80,80,80,80,80,80,80,80,80,80,80],"card_choices":[{"not_picked":["True Grit","Anger"],"picked":"Clash","floor":1},{"not_picked":["Entrench","Armaments"],"picked":"Spot Weakness","floor":3},{"not_picked":["Wild Strike","Carnage"],"picked":"Uppercut","floor":4},{"not_picked":["Uppercut","Warcry","Wild Strike"],"picked":"SKIP","floor":6},{"not_picked":["Headbutt","Warcry"],"picked":"Twin Strike","floor":11},{"not_picked":["Anger","Exhume"],"picked":"Armaments","floor":12},{"not_picked":["Heavy Blade","Anger"],"picked":"Sword Boomerang","floor":13},{"not_picked":["Feed","Brutality"],"picked":"Double Tap","floor":16},{"not_picked":["Wild Strike+1","Heavy Blade+1"],"picked":"Infernal Blade","floor":18}],"player_experience":295664,"relics_obtained":[{"floor":9,"key":"Ornamental Fan"},{"floor":11,"key":"War Paint"},{"floor":17,"key":"Tiny Chest"},{"floor":17,"key":"Molten Egg 2"},{"floor":17,"key":"Peace Pipe"}],"event_choices":[{"cards_removed":["Defend_R"],"damage_healed":0,"gold_gain":0,"player_choice":"Offered Basic","damage_taken":0,"max_hp_gain":0,"max_hp_loss":0,"event_name":"Bonfire Elementals","floor":2,"gold_loss":0},{"damage_healed":0,"gold_gain":75,"player_choice":"Gather Gold","damage_taken":11,"max_hp_gain":0,"max_hp_loss":0,"event_name":"World of Goop","floor":5,"gold_loss":0},{"damage_healed":26,"gold_gain":0,"player_choice":"Banana","damage_taken":0,"max_hp_gain":0,"max_hp_loss":0,"event_name":"Big Fish","floor":14,"gold_loss":0},{"damage_healed":0,"gold_gain":0,"player_choice":"Obtained Relic","damage_taken":0,"relics_obtained":["Question Card"],"max_hp_gain":0,"max_hp_loss":0,"event_name":"Addict","floor":19,"gold_loss":85},{"damage_healed":0,"gold_gain":99,"player_choice":"Stole From Cult","damage_taken":0,"max_hp_gain":0,"max_hp_loss":0,"event_name":"Nest","floor":21,"gold_loss":0},{"damage_healed":0,"gold_gain":0,"player_choice":"Trade","damage_taken":0,"relics_obtained":["CultistMask"],"max_hp_gain":0,"max_hp_loss":0,"event_name":"FaceTrader","floor":22,"gold_loss":0}],"is_beta":true,"boss_relics":[{"not_picked":["Black Star","Fusion Hammer"],"picked":"Calling Bell"}],"items_purged_floors":[20],"is_endless":false,"potions_floor_spawned":[6,12,16,18],"killed_by":"Book of Stabbing","ascension_level":4}