{"gold_per_floor":[118,138,63,76,92,117,117,117,166,166,166,190,213,254,254,378,378,403,417,79,79,104,104,145,145,145,60,60,60],"floor_reached":29,"playtime":1095,"items_purged":["Strike_R","Strike_R"],"score":304,"play_id":"3e12e8db-4862-4469-af68-16d00d9ac24f","local_time":"20190209231919","is_ascension_mode":true,"campfire_choices":[{"data":"Metamorphosis","floor":7,"key":"SMITH"},{"data":"Rampage","floor":10,"key":"SMITH"},{"data":"Demon Form","floor":15,"key":"SMITH"},{"data":"Uppercut","floor":23,"key":"SMITH"},{"data":"Flame Barrier","floor":25,"key":"SMITH"},{"data":"Disarm","floor":28,"key":"SMITH"}],"neow_cost":"TEN_PERCENT_HP_LOSS","seed_source_timestamp":26560807920054,"circlet_count":0,"master_deck":["Strike_R","Strike_R","Strike_R","Defend_R","Defend_R","Defend_R","Defend_R","Bash","Blind","Metamorphosis+1","Flame Barrier+1","Rampage+1","Corruption","Spot Weakness","Disarm+1","Demon Form+1","Impervious","Uppercut+1","Ghostly Armor"],"relics":["Burning Blood","Dodecahedron","Golden Idol","Red Skull","Smiling Mask","Coffee Dripper","Turnip","Pear","Darkstone Periapt","Potion Belt","FossilizedHelix"],"potions_floor_usage":[6,14,16,22],"damage_taken":[{"damage":7,"enemies":"Jaw Worm","floor":1,"turns":3},{"damage":0,"enemies":"Small Slimes","floor":2,"turns":3},{"damage":0,"enemies":"Cultist","floor":4,"turns":3},{"damage":9,"enemies":"Red Slaver","floor":5,"turns":4},{"damage":29,"enemies":"Gremlin Nob","floor":6,"turns":5},{"damage":10,"enemies":"Exordium Wildlife","floor":12,"turns":3},{"damage":1,"enemies":"2 Fungi Beasts","floor":13,"turns":4},{"damage":20,"enemies":"3 Sentries","floor":14,"turns":5},{"damage":34,"enemies":"The Guardian","floor":16,"turns":6},{"damage":2,"enemies":"Chosen","floor":18,"turns":4},{"damage":27,"enemies":"Spheric Guardian","floor":19,"turns":4},{"damage":29,"enemies":"Chosen and Byrds","floor":22,"turns":8},{"damage":30,"enemies":"Book of Stabbing","floor":24,"turns":7},{"damage":26,"enemies":"Slavers","floor":29,"turns":3}],"seed_played":"2376304111575728623","potions_obtained":[{"floor":1,"key":"Regen Potion"},{"floor":4,"key":"AttackPotion"},{"floor":11,"key":"FairyPotion"},{"floor":11,"key":"GamblersBrew"},{"floor":12,"key":"LiquidBronze"},{"floor":19,"key":"Ancient Potion"}],"is_trial":false,"path_per_floor":["M","M","$","M","M","E","R","?","T","R","?","M","M","E","R","B",null,"M","M","$","?","M","R","E","R","T","?","R","E"],"character_chosen":"IRONCLAD","items_purchased":["Turnip"],"campfire_rested":0,"item_purchase_floors":[20],"current_hp_per_floor":[71,72,72,72,69,46,46,46,46,46,46,42,47,42,42,14,67,67,46,46,56,33,33,9,9,9,9,9,0],"gold":60,"neow_bonus":"RANDOM_COLORLESS_2","is_prod":false,"is_daily":false,"chose_seed":false,"campfire_upgraded":6,"win_rate":0,"timestamp":1549750759,"path_taken":["M","M","$","M","M","E","R","?","T","R","?","?","M","E","R","BOSS","M","M","$","?","M","R","E","R","T","?","R","E"],"build_version":"2019-01-23","purchased_purges":2,"victory":false,"max_hp_per_floor":[72,72,72,72,72,72,72,67,67,67,67,67,67,67,67,67,67,67,67,67,77,77,77,77,77,77,77,77,77],"card_choices":[{"not_picked":["Rampage","Thunderclap"],"picked":"Flame Barrier","floor":1},{"not_picked":["Body Slam","Clash"],"picked":"Rampage","floor":2},{"not_picked":["Twin Strike","Sword Boomerang"],"picked":"Corruption","floor":4},{"not_picked":["True Grit","Body Slam","Warcry"],"picked":"SKIP","floor":5},{"not_picked":["Twin Strike","Iron Wave","Wild Strike"],"picked":"SKIP","floor":6},{"not_picked":["Uppercut","Cleave"],"picked":"Spot Weakness","floor":12},{"not_picked":["Shrug It Off","True Grit"],"picked":"Disarm","floor":13},{"not_picked":["Spot Weakness","Blood for Blood"],"picked":"Demon Form","floor":14},{"not_picked":["Immolate","Juggernaut"],"picked":"Impervious","floor":16},{"not_picked":["Searing Blow","Hemokinesis"],"picked":"Uppercut","floor":18},{"not_picked":["Feel No Pain","Seeing Red"],"picked":"Ghostly Armor","floor":19},{"not_picked":["Clothesline+1","Iron Wave","Dual Wield"],"picked":"SKIP","floor":22},{"not_picked":["Warcry+1","Uppercut","Bloodletting"],"picked":"SKIP","floor":24}],"player_experience":272887,"relics_obtained":[{"floor":6,"key":"Dodecahedron"},{"floor":9,"key":"Red Skull"},{"floor":14,"key":"Smiling Mask"},{"floor":24,"key":"Darkstone Periapt"},{"floor":26,"key":"Potion Belt"}],"event_choices":[{"damage_healed":0,"gold_gain":0,"player_choice":"Lose Max HP","damage_taken":0,"relics_obtained":["Golden Idol"],"max_hp_gain":0,"max_hp_loss":5,"event_name":"Golden Idol","floor":8,"gold_loss":0},{"damage_healed":0,"gold_gain":0,"player_choice":"Got Potions","damage_taken":0,"max_hp_gain":0,"max_hp_loss":0,"event_name":"Lab","floor":11,"gold_loss":0},{"damage_healed":0,"gold_gain":0,"player_choice":"Opened","damage_taken":0,"relics_obtained":["Pear"],"max_hp_gain":0,"max_hp_loss":0,"event_name":"The Mausoleum","floor":21,"gold_loss":0},{"damage_healed":0,"gold_gain":0,"player_choice":"Obtained Relic","damage_taken":0,"relics_obtained":["FossilizedHelix"],"max_hp_gain":0,"max_hp_loss":0,"event_name":"Addict","floor":27,"gold_loss":85}],"is_beta":false,"boss_relics":[{"not_picked":["Pandora\u0027s Box","Empty Cage"],"picked":"Coffee Dripper"}],"items_purged_floors":[3,20],"is_endless":false,"potions_floor_spawned":[1,4,12,13,19],"killed_by":"Slavers","ascension_level":4}