{"gold_per_floor":[113,113,188,201,45,79,90,120,197,232,247,247,207,218,218,218],"floor_reached":16,"playtime":672,"items_purged":[],"score":132,"play_id":"f3a67b73-a2ca-4d74-b724-172e329fc94b","local_time":"20190131202622","is_ascension_mode":true,"campfire_choices":[{"floor":12,"key":"REST"},{"floor":15,"key":"REST"}],"neow_cost":"NONE","seed_source_timestamp":21683719321501,"circlet_count":0,"master_deck":["Defend_G+1","Defend_G","Defend_G","Defend_G","Defend_G","Strike_G","Strike_G","Strike_G","Strike_G","Strike_G+1","Survivor","Neutralize","Deadly Poison","Slice","Prepared","Slice","Deflect","Slice","Masterful Stab"],"relics":["Ring of the Snake","Oddly Smooth Stone","Torii","Strawberry","Ninja Scroll","Question Card"],"potions_floor_usage":[6,8,16,16],"damage_taken":[{"damage":0,"enemies":"Small Slimes","floor":1,"turns":5},{"damage":6,"enemies":"Cultist","floor":4,"turns":4},{"damage":18,"enemies":"Gremlin Nob","floor":6,"turns":5},{"damage":0,"enemies":"Jaw Worm","floor":7,"turns":3},{"damage":18,"enemies":"3 Sentries","floor":8,"turns":10},{"damage":6,"enemies":"Gremlin Nob","floor":10,"turns":4},{"damage":0,"enemies":"Large Slime","floor":11,"turns":6},{"damage":0,"enemies":"Red Slaver","floor":14,"turns":3},{"damage":59,"enemies":"Slime Boss","floor":16,"turns":8}],"seed_played":"6877079390651320430","potions_obtained":[{"floor":4,"key":"SpeedPotion"},{"floor":7,"key":"Strength Potion"},{"floor":13,"key":"SteroidPotion"},{"floor":13,"key":"Dexterity Potion"},{"floor":13,"key":"Ancient Potion"}],"is_trial":false,"path_per_floor":["M","?","?","M","$","E","M","E","T","E","M","R","?","M","R","B"],"character_chosen":"THE_SILENT","items_purchased":["Oddly Smooth Stone"],"campfire_rested":2,"item_purchase_floors":[5],"current_hp_per_floor":[70,56,45,39,39,21,21,10,10,4,4,27,27,27,50,0],"gold":218,"neow_bonus":"THREE_CARDS","is_prod":false,"is_daily":false,"chose_seed":false,"campfire_upgraded":0,"win_rate":0,"timestamp":1548962782,"path_taken":["M","?","?","M","$","E","M","E","T","E","M","R","?","M","R","BOSS"],"build_version":"2019-01-23","purchased_purges":0,"victory":false,"max_hp_per_floor":[70,70,70,70,70,70,70,77,77,77,77,77,77,77,77,77],"card_choices":[{"not_picked":["Sucker Punch","Calculated Gamble"],"picked":"Deadly Poison","floor":0},{"not_picked":["Bane","Poisoned Stab"],"picked":"Slice","floor":1},{"not_picked":["Calculated Gamble","PiercingWail"],"picked":"Prepared","floor":4},{"not_picked":["Choke","Eviscerate"],"picked":"Slice","floor":6},{"not_picked":["PiercingWail","Dagger Spray"],"picked":"Deflect","floor":7},{"not_picked":["Tools of the Trade","Backflip"],"picked":"Slice","floor":8},{"not_picked":["Flying Knee","Expertise","Glass Knife"],"picked":"SKIP","floor":10},{"not_picked":["Flying Knee","Quick Slash","Concentrate","Backflip"],"picked":"SKIP","floor":11},{"not_picked":["Well Laid Plans","Slice","Sucker Punch"],"picked":"Masterful Stab","floor":14}],"player_experience":140665,"relics_obtained":[{"floor":6,"key":"Torii"},{"floor":8,"key":"Strawberry"},{"floor":9,"key":"Ninja Scroll"},{"floor":10,"key":"Question Card"}],"event_choices":[{"damage_healed":0,"gold_gain":0,"player_choice":"Entered Light","damage_taken":14,"max_hp_gain":0,"max_hp_loss":0,"event_name":"Shining Light","floor":2,"gold_loss":0,"cards_upgraded":["Defend_G","Strike_G"]},{"damage_healed":0,"gold_gain":75,"player_choice":"Gather Gold","damage_taken":11,"max_hp_gain":0,"max_hp_loss":0,"event_name":"World of Goop","floor":3,"gold_loss":0},{"damage_healed":0,"gold_gain":0,"player_choice":"Bought 3 Potions","damage_taken":0,"max_hp_gain":0,"max_hp_loss":0,"event_name":"The Woman in Blue","floor":13,"gold_loss":0}],"is_beta":false,"boss_relics":[],"items_purged_floors":[],"is_endless":false,"potions_floor_spawned":[4,7],"killed_by":"Slime Boss","ascension_level":2}