{"path_per_floor":["M","M","M","M","T","R","E","?","T","E","R","M","M","?","R","B",null,"M","$","?","M","?","R","E","$","T","R","M","E","R","?","R","B",null,"M","?","M","$","M","R","$","M","T","?","M","E","?","?","R","B"],"character_chosen":"IRONCLAD","items_purchased":["Shovel","Bag of Preparation","Feel No Pain"],"gold_per_floor":[114,129,144,159,159,159,189,213,213,243,243,258,273,273,273,373,373,388,13,13,28,28,28,58,58,58,58,73,103,103,103,103,203,203,218,218,233,10,25,25,25,40,40,40,55,85,85,85,85,85],"floor_reached":51,"campfire_rested":0,"playtime":3411,"item_purchase_floors":[19,38,38],"current_hp_per_floor":[78,77,76,75,74,73,53,31,31,41,41,53,56,43,43,47,62,61,60,44,55,49,49,68,68,67,66,67,68,67,66,65,66,65,66,56,35,35,61,61,61,63,63,63,64,63,62,54,54,59],"items_purged":["Defend_R"],"gold":85,"score":873,"play_id":"4cb2a0ed-09a0-49c8-b0a0-6305a0cf17d5","local_time":"20180620221527","daily_mods":["Brewmaster","Time Dilation","Terminal"],"is_prod":false,"is_daily":true,"chose_seed":false,"is_ascension_mode":false,"campfire_upgraded":3,"win_rate":0,"timestamp":1529529327,"campfire_choices":[{"data":"Bash","floor":6,"key":"SMITH"},{"data":"True Grit","floor":11,"key":"SMITH"},{"data":"Warcry","floor":15,"key":"SMITH"},{"floor":23,"key":"DIG"},{"floor":27,"key":"DIG"},{"floor":30,"key":"DIG"},{"floor":32,"key":"DIG"},{"floor":40,"key":"DIG"},{"floor":49,"key":"DIG"}],"path_taken":["M","M","?","M","?","R","E","?","T","E","R","?","M","?","R","BOSS","M","$","?","M","?","R","E","?","T","R","?","E","R","?","R","BOSS","M","?","M","$","M","R","$","M","T","?","M","E","?","?","R","BOSS"],"build_version":"2018-06-19v2","seed_source_timestamp":0,"purchased_purges":1,"circlet_count":0,"victory":true,"master_deck":["Strike_R","Strike_R","Strike_R","Strike_R","Strike_R","Defend_R","Defend_R","Defend_R","Bash+1","Venomology","Venomology","Venomology","Venomology","Venomology","Shrug It Off","Battle Trance","Bloodletting","Barricade+1","Sentinel+1","True Grit+1","Warcry+1","Cleave","Corruption","Sentinel","Feel No Pain","Shockwave","Burning Pact","RitualDagger","Madness","Dramatic Entrance","Enlightenment","Feel No Pain","Bludgeon","Madness","Madness"],"max_hp_per_floor":[78,77,76,75,74,73,72,71,70,69,68,67,66,65,64,63,62,61,60,59,58,57,56,69,68,67,66,67,68,67,66,65,66,65,66,65,66,65,66,65,64,65,64,63,64,63,62,61,60,59],"special_seed":17702,"relics":["Burning Blood","White Beast Statue","Bottled Flame","Turnip","Odd Mushroom","Kunai","Pantograph","Orrery","Shovel","Nilry\u0027s Codex","Bag of Marbles","Mango","Shuriken","Singing Bowl","Thread and Needle","Art of War","Vajra","Coffee Dripper","Bag of Preparation","Dodecahedron","Centennial Puzzle","Sundial","Pen Nib"],"card_choices":[{"not_picked":["Sword Boomerang","Fire Breathing"],"picked":"Shrug It Off","floor":1},{"not_picked":["Dual Wield","Twin Strike"],"picked":"Battle Trance","floor":2},{"not_picked":["Clothesline","Thunderclap"],"picked":"Bloodletting","floor":3},{"not_picked":["Bloodletting","Twin Strike"],"picked":"Barricade","floor":4},{"not_picked":["Seeing Red","Combust"],"picked":"Sentinel","floor":7},{"not_picked":["Heavy Blade","Sword Boomerang"],"picked":"True Grit","floor":8},{"not_picked":["Heavy Blade","Seeing Red","Clash"],"picked":"SKIP","floor":10},{"not_picked":["Perfected Strike","Barricade"],"picked":"Warcry","floor":12},{"not_picked":["Shrug It Off","Iron Wave"],"picked":"Cleave","floor":13},{"not_picked":["Dark Embrace","Berserk"],"picked":"Double Tap","floor":16},{"not_picked":["Shrug It Off","Rampage"],"picked":"Corruption","floor":17},{"not_picked":["Pommel Strike","True Grit"],"picked":"Sentinel","floor":17},{"not_picked":["Hemokinesis","Pummel"],"picked":"Feel No Pain","floor":17},{"not_picked":["Cleave","Searing Blow"],"picked":"Shockwave","floor":17},{"not_picked":["Headbutt+1","Spot Weakness"],"picked":"Burning Pact","floor":18},{"not_picked":["Clash+1","Dropkick"],"picked":"Second Wind","floor":21},{"not_picked":["Searing Blow+1","Cleave","Flex"],"picked":"SKIP","floor":24},{"not_picked":["Thunderclap","Body Slam","Fiend Fire"],"picked":"Singing Bowl","floor":28},{"not_picked":["Carnage","Wild Strike","Corruption"],"picked":"Singing Bowl","floor":29},{"not_picked":["Demon Form","Reaper","Juggernaut"],"picked":"Singing Bowl","floor":33},{"not_picked":["Intimidate","Iron Wave+1","Wild Strike+1"],"picked":"Singing Bowl","floor":35},{"not_picked":["Dark Shackles","Blind"],"picked":"Madness","floor":36},{"not_picked":["Trip","Madness"],"picked":"Dramatic Entrance","floor":36},{"not_picked":["Transmutation","Jack Of All Trades"],"picked":"Enlightenment","floor":36},{"not_picked":["Combust","True Grit","Shrug It Off+1"],"picked":"Singing Bowl","floor":37},{"not_picked":["Thunderclap","Pommel Strike+1","Anger+1"],"picked":"Singing Bowl","floor":39},{"not_picked":["Anger+1","Cleave","Thunderclap"],"picked":"Singing Bowl","floor":42},{"not_picked":["Evolve+1","Power Through","Armaments"],"picked":"Singing Bowl","floor":45},{"not_picked":["Clash","Heavy Blade+1"],"picked":"Bludgeon","floor":46}],"player_experience":274207,"potions_floor_usage":[1,1,1,1,1,2,2,2,2,3,3,3,3,3,4,4,7,7,7,7,8,8,8,8,10,10,10,10,10,10,10,10,12,12,12,12,13,13,13,13,16,16,16,16,18,18,18,18,18,21,21,21,24,24,24,24,24,28,28,28,28,29,29,29,29,29,29,33,33,33,33,33,33,35,35,35,37,39,39,39,39,39,42,42,42,42,42,45,45,45,45,45,45,46,46,46,46,46,46,50,50,50,50,50,50,50,50,50],"damage_taken":[{"damage":0,"enemies":"Cultist","floor":1,"turns":4},{"damage":0,"enemies":"Jaw Worm","floor":2,"turns":5},{"damage":0,"enemies":"Small Slimes","floor":3,"turns":4},{"damage":3,"enemies":"Looter","floor":4,"turns":3},{"damage":26,"enemies":"Lagavulin","floor":7,"turns":8},{"damage":35,"floor":8,"turns":5},{"damage":3,"enemies":"3 Sentries","floor":10,"turns":11},{"damage":0,"enemies":"2 Fungi Beasts","floor":12,"turns":4},{"damage":3,"enemies":"Exordium Thugs","floor":13,"turns":6},{"damage":29,"enemies":"Hexaghost","floor":16,"turns":12},{"damage":1,"enemies":"Spheric Guardian","floor":18,"turns":8},{"damage":5,"enemies":"2 Thieves","floor":21,"turns":5},{"damage":16,"enemies":"Gremlin Leader","floor":24,"turns":9},{"damage":0,"enemies":"Cultist and Chosen","floor":28,"turns":10},{"damage":0,"enemies":"Book of Stabbing","floor":29,"turns":4},{"damage":7,"enemies":"Collector","floor":33,"turns":10},{"damage":0,"enemies":"3 Darklings","floor":35,"turns":5},{"damage":34,"enemies":"3 Shapes","floor":37,"turns":3},{"damage":3,"enemies":"Flame Bruiser 2 Orb","floor":39,"turns":6},{"damage":6,"enemies":"Transient","floor":42,"turns":5},{"damage":0,"enemies":"Sphere and 2 Shapes","floor":45,"turns":6},{"damage":0,"enemies":"2 Orb Walkers","floor":46,"turns":4},{"damage":3,"enemies":"Awakened One","floor":50,"turns":10}],"relics_obtained":[{"floor":5,"key":"Bottled Flame"},{"floor":7,"key":"Turnip"},{"floor":8,"key":"Odd Mushroom"},{"floor":9,"key":"Kunai"},{"floor":10,"key":"Pantograph"},{"floor":20,"key":"Nilry\u0027s Codex"},{"floor":23,"key":"Bag of Marbles"},{"floor":24,"key":"Mango"},{"floor":26,"key":"Shuriken"},{"floor":27,"key":"Singing Bowl"},{"floor":29,"key":"Thread and Needle"},{"floor":30,"key":"Art of War"},{"floor":32,"key":"Vajra"},{"floor":40,"key":"Dodecahedron"},{"floor":43,"key":"Centennial Puzzle"},{"floor":46,"key":"Sundial"},{"floor":49,"key":"Pen Nib"}],"event_choices":[{"event_name":"Mushrooms","player_choice":"Fought Mushrooms","floor":8,"damage_taken":0},{"event_name":"Shining Light","player_choice":"Entered Light","floor":14,"damage_taken":0},{"event_name":"Cursed Tome","player_choice":"Obtained Book","floor":20,"damage_taken":0},{"event_name":"Nest","player_choice":"Joined the Cult","floor":22,"damage_taken":0},{"event_name":"Ghosts","player_choice":"Ignored","floor":31,"damage_taken":0},{"event_name":"SensoryStone","player_choice":"Memory 3","floor":36,"damage_taken":0},{"event_name":"Falling","player_choice":"Removed Skill","floor":44,"damage_taken":0},{"event_name":"Bonfire Elementals","player_choice":"UNCOMMON","floor":47,"damage_taken":0},{"event_name":"Winding Halls","player_choice":"Embrace Madness","floor":48,"damage_taken":0}],"boss_relics":[{"not_picked":["Philosopher\u0027s Stone","Snecko Eye"],"picked":"Orrery"},{"not_picked":["Cursed Key","Velvet Choker"],"picked":"Coffee Dripper"}],"items_purged_floors":[19],"is_endless":false,"potions_floor_spawned":[1,2,3,4,7,8,10,12,13,16,18,21,24,28,29,33,35,37,39,42,45,46],"seed_played":"-8028192087519691","ascension_level":0,"potions_obtained":[{"floor":1,"key":"GamblersBrew"},{"floor":2,"key":"PowerPotion"},{"floor":8,"key":"PowerPotion"},{"floor":10,"key":"BloodPotion"},{"floor":12,"key":"PowerPotion"},{"floor":16,"key":"SkillPotion"},{"floor":18,"key":"Explosive Potion"},{"floor":28,"key":"AttackPotion"},{"floor":29,"key":"SkillPotion"},{"floor":33,"key":"PowerPotion"},{"floor":37,"key":"SkillPotion"},{"floor":42,"key":"SpeedPotion"},{"floor":45,"key":"Fire Potion"},{"floor":46,"key":"EntropicBrew"}],"is_trial":false}