{"gold_per_floor":[119,74,89,89,109,109,121,121,121,296,296,306,338,30,30,125,125,139,139,139,153,14,14],"floor_reached":23,"playtime":678,"items_purged":[],"score":251,"play_id":"6509161c-cf06-497c-b75d-114b2e370674","local_time":"20190124194459","is_ascension_mode":true,"campfire_choices":[{"data":"Armaments","floor":6,"key":"SMITH"},{"floor":8,"key":"REST"},{"data":"Shrug It Off","floor":15,"key":"SMITH"}],"neow_cost":"NONE","seed_source_timestamp":25298327338190,"circlet_count":0,"master_deck":["Strike_R","Strike_R","Strike_R","Strike_R","Strike_R","Defend_R","Defend_R","Defend_R","Defend_R","Bash","Armaments+1","Cleave","Thunderclap","Flex","Combust","Shrug It Off+1","Demon Form","Necronomicurse","Combust+1"],"relics":["Mark of Pain","Mummified Hand","Pear","Spirit Poop","Matryoshka","Membership Card","Bronze Scales","Runic Pyramid","Necronomicon","Frozen Egg 2"],"potions_floor_usage":[23,23],"damage_taken":[{"damage":7,"enemies":"Small Slimes","floor":1,"turns":3},{"damage":5,"enemies":"2 Louse","floor":3,"turns":3},{"damage":6,"enemies":"Cultist","floor":5,"turns":3},{"damage":7,"enemies":"Large Slime","floor":7,"turns":6},{"damage":8,"enemies":"Blue Slaver","floor":12,"turns":3},{"damage":16,"enemies":"Gremlin Nob","floor":13,"turns":3},{"damage":38,"enemies":"The Guardian","floor":16,"turns":10},{"damage":19,"enemies":"Spheric Guardian","floor":18,"turns":5},{"damage":22,"enemies":"3 Byrds","floor":21,"turns":4},{"damage":25,"enemies":"Book of Stabbing","floor":23,"turns":4}],"seed_played":"368234524384687003","potions_obtained":[{"floor":3,"key":"FearPotion"},{"floor":5,"key":"Swift Potion"},{"floor":12,"key":"BloodPotion"},{"floor":21,"key":"BloodPotion"}],"is_trial":false,"path_per_floor":["M","$","M","?","M","R","M","R","T","?","?","M","E","$","R","B",null,"M","?","?","M","$","E"],"character_chosen":"IRONCLAD","items_purchased":["Armaments","Membership Card","Bronze Scales","Shrug It Off","Frozen Egg 2","Combust+1"],"campfire_rested":1,"item_purchase_floors":[2,14,14,14,22,22],"current_hp_per_floor":[73,73,68,65,59,59,52,76,86,86,86,78,62,62,62,24,90,71,55,37,15,15,8],"gold":14,"neow_bonus":"BOSS_RELIC","is_prod":false,"is_daily":false,"chose_seed":false,"campfire_upgraded":2,"win_rate":0,"timestamp":1548377099,"path_taken":["M","$","M","?","M","R","M","R","T","?","?","?","E","$","R","BOSS","M","?","?","M","$","E"],"build_version":"2019-01-23","purchased_purges":0,"victory":false,"max_hp_per_floor":[80,80,80,80,80,80,80,80,90,90,90,90,90,90,90,90,90,90,90,95,95,95,95],"card_choices":[{"not_picked":["Body Slam","True Grit","Perfected Strike"],"picked":"SKIP","floor":1},{"not_picked":["Power Through","Rupture"],"picked":"Cleave","floor":3},{"not_picked":["Rage","Body Slam","Cleave"],"picked":"SKIP","floor":5},{"not_picked":["Uppercut","Armaments"],"picked":"Thunderclap","floor":7},{"not_picked":["Perfected Strike","Rupture"],"picked":"Flex","floor":12},{"not_picked":["Burning Pact","Inflame"],"picked":"Combust","floor":13},{"not_picked":["Brutality","Offering"],"picked":"Demon Form","floor":16},{"not_picked":["Clothesline","Inflame","Iron Wave"],"picked":"SKIP","floor":18}],"player_experience":132267,"relics_obtained":[{"floor":9,"key":"Pear"},{"floor":13,"key":"Matryoshka"},{"floor":19,"key":"Necronomicon"}],"event_choices":[{"damage_healed":0,"gold_gain":0,"player_choice":"Success","damage_taken":3,"relics_obtained":["Mummified Hand"],"max_hp_gain":0,"max_hp_loss":0,"event_name":"Scrap Ooze","floor":4,"gold_loss":0},{"damage_healed":0,"gold_gain":175,"player_choice":"AGREE","damage_taken":0,"max_hp_gain":0,"max_hp_loss":0,"event_name":"Liars Game","floor":10,"gold_loss":0,"cards_obtained":["Doubt"]},{"cards_removed":["Doubt"],"damage_healed":0,"gold_gain":0,"player_choice":"Offered Curse","damage_taken":0,"relics_obtained":["Spirit Poop"],"max_hp_gain":0,"max_hp_loss":0,"event_name":"Bonfire Elementals","floor":11,"gold_loss":0},{"damage_healed":0,"gold_gain":0,"player_choice":"Obtained Book","damage_taken":16,"max_hp_gain":0,"max_hp_loss":0,"event_name":"Cursed Tome","floor":19,"gold_loss":0},{"damage_healed":0,"gold_gain":0,"player_choice":"Shed Blood","damage_taken":23,"max_hp_gain":5,"max_hp_loss":0,"event_name":"Forgotten Altar","floor":20,"gold_loss":0}],"is_beta":false,"boss_relics":[{"not_picked":["White Beast Statue","Empty Cage"],"picked":"Runic Pyramid"}],"items_purged_floors":[],"is_endless":false,"potions_floor_spawned":[3,5,12,21],"killed_by":"Book of Stabbing","ascension_level":4}