{"path_per_floor":["M","M","?","M","M","R","$","T","T","M","R","E","?","M","R","B",null,"M","M","?","?","?","R","E","M","T"],"character_chosen":"DEFECT","items_purchased":["Storm"],"gold_per_floor":[114,129,79,94,109,109,29,29,79,94,94,124,181,196,196,296,296,311,326,326,276,276,276,306,321,321,321],"floor_reached":27,"campfire_rested":0,"playtime":1238,"current_hp_per_floor":[66,66,66,66,64,64,64,64,64,63,63,53,53,52,52,24,57,49,48,48,48,40,40,21,14,14,0],"items_purged":[],"gold":321,"score":233,"play_id":"10f46eee-c726-4128-946d-161af3a0eee8","local_time":"20180516021619","daily_mods":["Shiny","Uncertain Future","Terminal"],"is_prod":false,"is_daily":true,"chose_seed":false,"is_ascension_mode":false,"campfire_upgraded":4,"timestamp":1526433379,"path_taken":["M","M","?","M","M","R","$","?","T","M","R","E","?","M","R","BOSS","M","M","?","?","?","R","E","M","T","M"],"build_version":"2018-05-14v2","seed_source_timestamp":0,"purchased_purges":0,"victory":false,"master_deck":["Multi-Cast","Hyperbeam","Thunder Strike","Machine Learning","Electrodynamics","Buffer+1","Rainbow","Seek+1","Meteor Strike","Echo Form","All For One","Reboot","Nova","Amplify","Fusion+1","Creative AI","Fission","Go for the Eyes","Auto Shields","White Noise","Storm+1","Consume+1","Heatsinks","Echo Form","Gash","Self Repair","Pain"],"max_hp_per_floor":[73,72,71,70,69,68,67,66,65,64,63,62,61,60,59,58,57,56,55,54,53,57,56,55,54,53,53],"relics":["Cracked Core","Torii","Lantern","Juzu Bracelet","Cursed Key","Centennial Puzzle","Darkstone Periapt"],"card_choices":[{"not_picked":["Hologram","Barrage"],"picked":"Go for the Eyes","floor":1},{"not_picked":["Beam Cell","Static Discharge"],"picked":"Auto Shields","floor":2},{"not_picked":["Cold Snap","Consume","Skim"],"picked":"SKIP","floor":4},{"not_picked":["Skim","Leap"],"picked":"White Noise","floor":5},{"not_picked":["Aggregate","Skim"],"picked":"Consume","floor":10},{"not_picked":["Steam","Stack"],"picked":"Heatsinks","floor":12},{"not_picked":["Stack","Turbo","Capacitor"],"picked":"SKIP","floor":14},{"not_picked":["Fission","Electrodynamics"],"picked":"Echo Form","floor":16},{"not_picked":["Go for the Eyes","Conserve Battery","Sweeping Beam+1"],"picked":"SKIP","floor":18},{"not_picked":["Hello World","Conserve Battery","Coolheaded"],"picked":"SKIP","floor":19},{"not_picked":["Skim","Go for the Eyes"],"picked":"Gash","floor":24},{"not_picked":["Recycle","Skim"],"picked":"Self Repair","floor":25}],"player_experience":152815,"potions_floor_usage":[18,18,24,24],"damage_taken":[{"damage":8,"enemies":"2 Louse","floor":1,"turns":2},{"damage":0,"enemies":"Small Slimes","floor":2,"turns":2},{"damage":0,"enemies":"Cultist","floor":4,"turns":2},{"damage":2,"enemies":"Exordium Thugs","floor":5,"turns":3},{"damage":1,"enemies":"2 Fungi Beasts","floor":10,"turns":2},{"damage":10,"enemies":"3 Sentries","floor":12,"turns":4},{"damage":1,"enemies":"3 Louse","floor":14,"turns":2},{"damage":28,"enemies":"The Guardian","floor":16,"turns":6},{"damage":8,"enemies":"2 Thieves","floor":18,"turns":3},{"damage":1,"enemies":"Shell Parasite","floor":19,"turns":3},{"damage":19,"enemies":"Slavers","floor":24,"turns":3},{"damage":7,"enemies":"Centurion and Healer","floor":25,"turns":2},{"damage":14,"enemies":"Snake Plant","floor":27,"turns":1}],"relics_obtained":[{"floor":8,"key":"Torii"},{"floor":9,"key":"Lantern"},{"floor":12,"key":"Juzu Bracelet"},{"floor":24,"key":"Centennial Puzzle"},{"floor":26,"key":"Darkstone Periapt"}],"event_choices":[{"event_name":"The Cleric","player_choice":"Card Removal","floor":3,"damage_taken":0},{"event_name":"Golden Wing","player_choice":"Gained Gold","floor":13,"damage_taken":0},{"event_name":"Accursed Blacksmith","player_choice":"Forge","floor":20,"damage_taken":0},{"event_name":"The Joust","player_choice":"Bet on Murderer","floor":21,"damage_taken":0},{"event_name":"Forgotten Altar","player_choice":"Shed Blood","floor":22,"damage_taken":0}],"boss_relics":[{"not_picked":["Sozu","Astrolabe"],"picked":"Cursed Key"}],"potions_floor_spawned":[5,10,12,18],"seed_played":"-2510133029064104060","killed_by":"Snake Plant","ascension_level":0,"potions_obtained":[{"floor":5,"key":"Weak Potion"},{"floor":10,"key":"GamblersBrew"},{"floor":12,"key":"Weak Potion"},{"floor":18,"key":"Fire Potion"}],"is_trial":false}