{"gold_per_floor":[110,35,110,129,129,163,179,213,213,213,213,232,250,277,277,277],"floor_reached":16,"playtime":390,"items_purged":["Strike_R"],"score":290,"play_id":"0cdf125d-9bb2-47bf-827b-51ac81ccc66a","local_time":"20190213212518","is_ascension_mode":true,"campfire_choices":[{"floor":11,"key":"REST"},{"data":"Rampage","floor":15,"key":"SMITH"}],"neow_cost":"NONE","seed_source_timestamp":16376289203400,"circlet_count":0,"master_deck":["AscendersBane","Strike_R","Strike_R","Strike_R","Strike_R","Defend_R","Defend_R","Defend_R","Defend_R","Bash+1","Disarm","Shockwave+1","Rampage+1"],"relics":["Burning Blood","NeowsBlessing","Blood Vial","Thread and Needle","Meat on the Bone","Shovel"],"potions_floor_usage":[16,16],"damage_taken":[{"damage":0,"enemies":"Small Slimes","floor":1,"turns":1},{"damage":0,"enemies":"2 Louse","floor":4,"turns":1},{"damage":0,"enemies":"Lagavulin","floor":6,"turns":1},{"damage":7,"enemies":"Jaw Worm","floor":7,"turns":3},{"damage":56,"enemies":"Gremlin Nob","floor":8,"turns":5},{"damage":3,"enemies":"Looter","floor":12,"turns":4},{"damage":20,"enemies":"Lots of Slimes","floor":13,"turns":7},{"damage":21,"enemies":"Lagavulin","floor":14,"turns":6},{"damage":67,"enemies":"Slime Boss","floor":16,"turns":6}],"seed_played":"-2709002806399189806","potions_obtained":[{"floor":6,"key":"SteroidPotion"},{"floor":7,"key":"Strength Potion"},{"floor":13,"key":"Explosive Potion"}],"is_trial":false,"path_per_floor":["M","$","?","M","?","E","M","E","T","?","R","M","M","E","R","B"],"character_chosen":"IRONCLAD","items_purchased":[],"campfire_rested":1,"item_purchase_floors":[],"current_hp_per_floor":[74,74,63,69,69,75,74,25,25,25,47,52,52,51,51,0],"gold":277,"neow_bonus":"THREE_ENEMY_KILL","is_prod":false,"is_daily":false,"chose_seed":false,"campfire_upgraded":1,"win_rate":0,"timestamp":1550085918,"path_taken":["M","$","?","M","?","E","?","E","T","?","R","M","M","E","R","BOSS"],"build_version":"2019-01-23","purchased_purges":1,"victory":false,"max_hp_per_floor":[75,75,75,75,75,75,75,75,75,75,75,75,75,75,75,75],"card_choices":[{"not_picked":["Clothesline","Cleave","Iron Wave"],"picked":"SKIP","floor":1},{"not_picked":["Bloodletting","Clash","Dropkick"],"picked":"SKIP","floor":4},{"not_picked":["Wild Strike","Whirlwind","Thunderclap"],"picked":"SKIP","floor":6},{"not_picked":["Dual Wield","Armaments"],"picked":"Disarm","floor":7},{"not_picked":["Rupture","Hemokinesis"],"picked":"Shockwave","floor":8},{"not_picked":["Exhume","Clash","Iron Wave"],"picked":"SKIP","floor":12},{"not_picked":["Seeing Red","Rupture"],"picked":"Rampage","floor":13},{"not_picked":["Wild Strike","Headbutt","Reckless Charge"],"picked":"SKIP","floor":14}],"player_experience":742660,"relics_obtained":[{"floor":6,"key":"Blood Vial"},{"floor":8,"key":"Thread and Needle"},{"floor":9,"key":"Meat on the Bone"},{"floor":14,"key":"Shovel"}],"event_choices":[{"damage_healed":0,"gold_gain":75,"player_choice":"Gather Gold","damage_taken":11,"max_hp_gain":0,"max_hp_loss":0,"event_name":"World of Goop","floor":3,"gold_loss":0},{"damage_healed":0,"gold_gain":0,"player_choice":"Grow","damage_taken":0,"max_hp_gain":0,"max_hp_loss":0,"event_name":"Living Wall","floor":5,"gold_loss":0,"cards_upgraded":["Bash"]},{"damage_healed":0,"gold_gain":0,"player_choice":"Upgraded","damage_taken":0,"max_hp_gain":0,"max_hp_loss":0,"event_name":"Upgrade Shrine","floor":10,"gold_loss":0,"cards_upgraded":["Shockwave"]}],"is_beta":false,"boss_relics":[],"items_purged_floors":[2],"is_endless":false,"potions_floor_spawned":[6,7,13,14],"killed_by":"Slime Boss","ascension_level":20}