{"gold_per_floor":[109,127,139,139,129,129,163,163,163,194,194,194,226,10,10,107,107,123,133,145,145,145,172,172,189,215,215,215,230,230,177,177,280,280,293,150,163,163,180,206,206,306,306,316,316,107,123,123,123,123],"floor_reached":50,"playtime":2654,"items_purged":[],"score":635,"play_id":"5f194de8-7a8a-4ccb-bafe-b984f5085db7","local_time":"20190208184526","is_ascension_mode":true,"campfire_choices":[{"data":"Barricade","floor":6,"key":"SMITH"},{"floor":8,"key":"REST"},{"floor":11,"key":"REST"},{"data":"Flame Barrier","floor":15,"key":"SMITH"},{"data":"Juggernaut","floor":24,"key":"SMITH"},{"data":"Rage","floor":28,"key":"SMITH"},{"data":"Body Slam","floor":30,"key":"SMITH"},{"floor":32,"key":"REST"},{"floor":41,"key":"REST"},{"floor":49,"key":"REST"}],"neow_cost":"PERCENT_DAMAGE","seed_source_timestamp":96595172456678,"circlet_count":0,"master_deck":["Strike_R","Strike_R","Strike_R","Defend_R","Defend_R","Defend_R+1","Defend_R","Bash","Barricade+1","Rage+1","Body Slam+1","Entrench+1","Flame Barrier+1","Whirlwind+1","Havoc","Reaper+1","Juggernaut+1","Seeing Red+1","Iron Wave+1","RitualDagger+1","Uppercut+1","Regret","Decay","Iron Wave+1","Shrug It Off","Exhume","Metallicize","Pummel+1","Writhe","Impatience","Inflame+1"],"relics":["Burning Blood","Pear","Molten Egg 2","Pantograph","Blue Candle","Darkstone Periapt","Oddly Smooth Stone","Cursed Key","Ornamental Fan","War Paint","Black Star","Bronze Scales","Paper Frog","Turnip","Nunchaku","Meat on the Bone","Strange Spoon"],"potions_floor_usage":[16,23,29,29,33,33,50,50,50],"damage_taken":[{"damage":5,"enemies":"Cultist","floor":1,"turns":4},{"damage":7,"enemies":"Small Slimes","floor":2,"turns":4},{"damage":0,"enemies":"2 Louse","floor":3,"turns":3},{"damage":12,"enemies":"Exordium Thugs","floor":5,"turns":4},{"damage":32,"enemies":"Lagavulin","floor":7,"turns":11},{"damage":37,"enemies":"3 Sentries","floor":10,"turns":15},{"damage":31,"enemies":"Gremlin Nob","floor":13,"turns":4},{"damage":26,"enemies":"The Guardian","floor":16,"turns":13},{"damage":15,"enemies":"Shell Parasite","floor":18,"turns":9},{"damage":33,"enemies":"Spheric Guardian","floor":19,"turns":5},{"damage":16,"enemies":"Centurion and Healer","floor":20,"turns":6},{"damage":19,"enemies":"Slavers","floor":23,"turns":8},{"damage":28,"enemies":"Chosen and Byrds","floor":25,"turns":7},{"damage":1,"enemies":"3 Cultists","floor":29,"turns":4},{"damage":72,"enemies":"Automaton","floor":33,"turns":13},{"damage":25,"enemies":"3 Darklings","floor":35,"turns":5},{"damage":17,"enemies":"3 Shapes","floor":37,"turns":8},{"damage":12,"enemies":"Writhing Mass","floor":39,"turns":6},{"damage":28,"enemies":"Nemesis","floor":40,"turns":9},{"damage":2,"enemies":"Mind Bloom Boss Battle","floor":42,"turns":8},{"damage":20,"enemies":"Maw","floor":44,"turns":10},{"damage":48,"enemies":"Jaw Worm Horde","floor":47,"turns":4},{"damage":133,"enemies":"Time Eater","floor":50,"turns":10}],"seed_played":"4245767375208364480","potions_obtained":[{"floor":3,"key":"SkillPotion"},{"floor":13,"key":"LiquidBronze"},{"floor":18,"key":"Poison Potion"},{"floor":19,"key":"AttackPotion"},{"floor":23,"key":"Regen Potion"},{"floor":25,"key":"AttackPotion"},{"floor":29,"key":"FearPotion"},{"floor":42,"key":"GamblersBrew"},{"floor":44,"key":"Fire Potion"},{"floor":47,"key":"Explosive Potion"}],"is_trial":false,"path_per_floor":["M","M","M","?","M","R","E","R","T","E","R","?","E","$","R","B",null,"M","M","M","?","?","E","R","M","T","?","R","M","R","$","R","B",null,"M","$","M","?","M","E","R","?","T","M","?","$","M","$","R","B"],"character_chosen":"IRONCLAD","items_purchased":["Reaper+1","Oddly Smooth Stone","Shrug It Off","Bronze Scales","Strange Spoon"],"campfire_rested":5,"item_purchase_floors":[14,14,31,36,46],"current_hp_per_floor":[57,56,62,72,66,66,40,67,67,36,63,63,38,38,38,48,90,86,59,59,53,53,45,45,30,36,42,42,56,56,56,86,46,102,83,83,82,82,77,55,85,102,108,99,99,99,62,62,94,0],"gold":123,"neow_bonus":"THREE_RARE_CARDS","is_prod":false,"is_daily":false,"chose_seed":false,"campfire_upgraded":5,"win_rate":0,"timestamp":1549647926,"path_taken":["M","?","M","?","?","R","E","R","T","E","R","?","E","?","R","BOSS","M","M","M","?","?","E","R","M","T","?","R","M","R","?","R","BOSS","M","$","?","?","M","E","R","?","T","M","?","$","M","$","R","BOSS"],"build_version":"2019-01-23","purchased_purges":0,"victory":false,"max_hp_per_floor":[80,80,80,90,90,90,90,90,90,90,90,90,90,90,90,90,90,90,90,90,90,90,90,90,90,96,102,102,102,102,102,102,102,102,102,102,102,102,102,102,102,102,108,108,108,108,108,108,108,108],"card_choices":[{"not_picked":["Limit Break","Bludgeon"],"picked":"Barricade","floor":0},{"not_picked":["Pommel Strike","Searing Blow"],"picked":"Rage","floor":1},{"not_picked":["Heavy Blade","Perfected Strike","Thunderclap"],"picked":"SKIP","floor":2},{"not_picked":["Intimidate","Cleave"],"picked":"Body Slam","floor":3},{"not_picked":["Pummel","Power Through"],"picked":"Entrench","floor":5},{"not_picked":["Wild Strike","Brutality"],"picked":"Flame Barrier","floor":7},{"not_picked":["Reckless Charge+1","Wild Strike+1"],"picked":"Whirlwind+1","floor":10},{"not_picked":["Bloodletting","Body Slam+1"],"picked":"Havoc","floor":13},{"not_picked":["Brutality","Immolate+1"],"picked":"Juggernaut","floor":16},{"not_picked":["Wild Strike+1","Twin Strike+1"],"picked":"Seeing Red+1","floor":18},{"not_picked":["Flex","Heavy Blade+1"],"picked":"Iron Wave+1","floor":20},{"not_picked":["Feed+1","Armaments"],"picked":"Uppercut+1","floor":23},{"not_picked":["Headbutt+1","Flex","Wild Strike+1"],"picked":"SKIP","floor":25},{"not_picked":["Sever Soul+1","Clothesline+1"],"picked":"Iron Wave+1","floor":29},{"not_picked":["Brutality","Dark Embrace"],"picked":"Exhume","floor":33},{"not_picked":["Pommel Strike+1","Combust+1","Sever Soul+1"],"picked":"SKIP","floor":35},{"not_picked":["Flex+1","Burning Pact","Feel No Pain"],"picked":"SKIP","floor":37},{"not_picked":["Pommel Strike+1","Body Slam+1"],"picked":"Metallicize","floor":39},{"not_picked":["Sword Boomerang+1","Offering"],"picked":"Pummel+1","floor":40},{"not_picked":["Second Wind","Corruption","Thunderclap+1"],"picked":"SKIP","floor":44},{"not_picked":["Trip","Panacea"],"picked":"Impatience","floor":45},{"not_picked":["Havoc","Pummel+1"],"picked":"Inflame+1","floor":47}],"player_experience":254209,"relics_obtained":[{"floor":7,"key":"Molten Egg 2"},{"floor":9,"key":"Pantograph"},{"floor":10,"key":"Blue Candle"},{"floor":13,"key":"Darkstone Periapt"},{"floor":23,"key":"Ornamental Fan"},{"floor":26,"key":"War Paint"},{"floor":40,"key":"Paper Frog"},{"floor":40,"key":"Turnip"},{"floor":42,"key":"Nunchaku"},{"floor":43,"key":"Meat on the Bone"}],"event_choices":[{"damage_healed":0,"gold_gain":0,"player_choice":"Gave Potion","damage_taken":0,"relics_obtained":["Pear"],"max_hp_gain":0,"max_hp_loss":0,"event_name":"WeMeetAgain","floor":4,"gold_loss":0},{"cards_removed":["Strike_R"],"damage_healed":0,"gold_gain":0,"player_choice":"Offered Basic","damage_taken":0,"max_hp_gain":0,"max_hp_loss":0,"event_name":"Bonfire Elementals","floor":12,"gold_loss":0},{"damage_healed":0,"gold_gain":0,"player_choice":"Joined the Cult","damage_taken":6,"max_hp_gain":0,"max_hp_loss":0,"event_name":"Nest","floor":21,"gold_loss":0,"cards_obtained":["RitualDagger"]},{"damage_healed":0,"gold_gain":0,"player_choice":"Ignored","damage_taken":0,"max_hp_gain":0,"max_hp_loss":0,"event_name":"Ghosts","floor":22,"gold_loss":0},{"damage_healed":0,"gold_gain":0,"player_choice":"Smashed Altar","damage_taken":0,"max_hp_gain":0,"max_hp_loss":0,"event_name":"Forgotten Altar","floor":27,"gold_loss":0,"cards_obtained":["Decay"]},{"cards_removed":["Strike_R"],"damage_healed":0,"gold_gain":0,"player_choice":"Removed Attack","damage_taken":0,"max_hp_gain":0,"max_hp_loss":0,"event_name":"Falling","floor":38,"gold_loss":0},{"damage_healed":0,"gold_gain":0,"player_choice":"Fight","damage_taken":0,"max_hp_gain":0,"max_hp_loss":0,"event_name":"MindBloom","floor":42,"gold_loss":0},{"damage_healed":0,"gold_gain":0,"player_choice":"Memory 1","damage_taken":0,"max_hp_gain":0,"max_hp_loss":0,"event_name":"SensoryStone","floor":45,"gold_loss":0}],"is_beta":false,"boss_relics":[{"not_picked":["Coffee Dripper","Orrery"],"picked":"Cursed Key"},{"not_picked":["Eternal Feather","Astrolabe"],"picked":"Black Star"}],"items_purged_floors":[],"is_endless":false,"potions_floor_spawned":[3,13,18,19,23,25,29,42,44,47],"killed_by":"Time Eater","ascension_level":4}