{"gold_per_floor":[112,86,100,100,150,150,161,161,185,210,210,222,250,266,266,345,345,360,378,394,65,65,65,98,48,48,80,80,98,98,118,118,195,195,207,220,231,0,17,17,17,17,17,42,53,87,87,106,106,106],"floor_reached":51,"playtime":2522,"items_purged":[],"score":1503,"play_id":"e9bd3d3a-4f7e-4602-b18a-1402e24e0cef","local_time":"20190212001435","is_ascension_mode":true,"campfire_choices":[{"data":"Sunder","floor":6,"key":"SMITH"},{"data":"Ball Lightning","floor":8,"key":"SMITH"},{"data":"Zap","floor":11,"key":"SMITH"},{"data":"Hologram","floor":15,"key":"SMITH"},{"data":"Reboot","floor":23,"key":"SMITH"},{"data":"Defragment","floor":28,"key":"SMITH"},{"data":"1","floor":30,"key":"LIFT"},{"floor":32,"key":"REST"},{"data":"Defragment","floor":40,"key":"SMITH"},{"floor":42,"key":"REST"},{"data":"Barrage","floor":47,"key":"SMITH"},{"data":"Loop","floor":49,"key":"SMITH"}],"neow_cost":"NONE","seed_source_timestamp":12546557719800,"circlet_count":0,"master_deck":["AscendersBane","Strike_B","Strike_B","Strike_B+1","Strike_B","Defend_B","Defend_B","Defend_B","Defend_B","Zap+1","Dualcast+1","Ball Lightning+1","Leap","Sunder+1","Glacier","Conserve Battery","Beam Cell","Cold Snap","Hologram+1","Reboot+1","Loop+1","Undo","Chaos+1","Defragment+1","Electrodynamics","Echo Form","Coolheaded+1","Defragment+1","BootSequence+1","Defragment+1","Barrage+1"],"relics":["Cracked Core","Ancient Tea Set","Calipers","Blue Candle","Nuclear Battery","Torii","Blood Vial","Thread and Needle","Girya","Inserter","Red Mask","Centennial Puzzle","Pen Nib","Art of War"],"potions_floor_usage":[16,24,27,46,46,50],"damage_taken":[{"damage":7,"enemies":"Jaw Worm","floor":1,"turns":3},{"damage":3,"enemies":"2 Louse","floor":3,"turns":2},{"damage":0,"enemies":"Cultist","floor":7,"turns":3},{"damage":28,"enemies":"Lagavulin","floor":10,"turns":6},{"damage":0,"enemies":"Blue Slaver","floor":12,"turns":2},{"damage":14,"enemies":"3 Sentries","floor":13,"turns":6},{"damage":0,"enemies":"Large Slime","floor":14,"turns":2},{"damage":2,"enemies":"Hexaghost","floor":16,"turns":9},{"damage":7,"enemies":"Shell Parasite","floor":18,"turns":5},{"damage":0,"enemies":"Spheric Guardian","floor":19,"turns":5},{"damage":2,"enemies":"Centurion and Healer","floor":20,"turns":7},{"damage":27,"enemies":"Gremlin Leader","floor":24,"turns":9},{"damage":8,"enemies":"Slavers","floor":27,"turns":6},{"damage":1,"enemies":"Shelled Parasite and Fungi","floor":29,"turns":7},{"damage":0,"enemies":"Sentry and Sphere","floor":31,"turns":5},{"damage":0,"enemies":"Collector","floor":33,"turns":12},{"damage":24,"enemies":"3 Darklings","floor":35,"turns":8},{"damage":1,"enemies":"Orb Walker","floor":36,"turns":3},{"damage":0,"enemies":"Sphere and 2 Shapes","floor":37,"turns":3},{"damage":28,"enemies":"Maw","floor":39,"turns":8},{"damage":0,"enemies":"Reptomancer","floor":44,"turns":7},{"damage":2,"enemies":"Transient","floor":45,"turns":5},{"damage":0,"enemies":"Giant Head","floor":46,"turns":9},{"damage":0,"enemies":"Jaw Worm Horde","floor":48,"turns":4},{"damage":45,"enemies":"Donu and Deca","floor":50,"turns":10}],"seed_played":"-7015917635115373062","potions_obtained":[{"floor":3,"key":"FearPotion"},{"floor":12,"key":"Ancient Potion"},{"floor":14,"key":"Block Potion"},{"floor":16,"key":"FearPotion"},{"floor":24,"key":"Ancient Potion"},{"floor":31,"key":"SpeedPotion"},{"floor":48,"key":"Swift Potion"}],"is_trial":false,"path_per_floor":["M","$","M","?","?","R","M","R","T","E","R","M","E","M","R","B",null,"M","M","M","$","?","R","E","?","T","E","R","M","R","M","R","B",null,"M","M","M","?","M","R","?","R","T","E","M","E","R","M","R","B",null],"character_chosen":"DEFECT","items_purchased":["Leap","Torii"],"campfire_rested":2,"item_purchase_floors":[2,21],"current_hp_per_floor":[64,64,61,66,66,66,66,66,66,38,38,38,24,24,24,22,68,61,61,59,59,59,59,32,32,32,26,26,27,27,29,53,55,76,54,55,57,57,31,31,31,55,55,57,57,59,59,61,61,18],"gold":106,"neow_bonus":"TEN_PERCENT_HP_BONUS","is_prod":false,"is_daily":false,"chose_seed":false,"campfire_upgraded":9,"win_rate":0,"timestamp":1549959275,"path_taken":["M","$","M","?","?","R","?","R","T","E","R","M","E","M","R","BOSS","M","M","M","$","?","R","E","?","T","E","R","M","R","?","R","BOSS","M","?","M","?","M","R","?","R","T","E","?","E","R","M","R","BOSS"],"build_version":"2019-01-23","purchased_purges":0,"victory":true,"max_hp_per_floor":[78,78,78,83,83,83,83,83,83,83,83,83,83,83,83,83,83,83,83,83,83,83,83,83,83,83,83,83,83,83,83,83,83,83,83,83,83,83,83,83,83,83,83,83,83,83,83,83,83,83],"card_choices":[{"not_picked":["Beam Cell","Darkness"],"picked":"Ball Lightning","floor":1},{"not_picked":["Hologram","Reprogram"],"picked":"Sunder","floor":3},{"not_picked":["Go for the Eyes","Recycle"],"picked":"Glacier","floor":7},{"not_picked":["Sweeping Beam","Scrape"],"picked":"Conserve Battery","floor":10},{"not_picked":["Barrage","Aggregate"],"picked":"Beam Cell","floor":12},{"not_picked":["Reprogram","Fusion"],"picked":"Cold Snap","floor":13},{"not_picked":["Coolheaded","Streamline"],"picked":"Hologram","floor":14},{"not_picked":["Amplify","Meteor Strike"],"picked":"Reboot","floor":16},{"not_picked":["Sweeping Beam","Blizzard"],"picked":"Loop","floor":18},{"not_picked":["Rebound","Leap"],"picked":"Undo","floor":19},{"not_picked":["Turbo","Hologram","Ball Lightning"],"picked":"SKIP","floor":20},{"not_picked":["Stack","Gash"],"picked":"Chaos+1","floor":24},{"not_picked":["Ball Lightning+1","Stack"],"picked":"Defragment","floor":27},{"not_picked":["Ball Lightning+1","Beam Cell","Leap"],"picked":"SKIP","floor":29},{"not_picked":["Undo","Rebound"],"picked":"Electrodynamics","floor":31},{"not_picked":["Fission","Multi-Cast"],"picked":"Echo Form","floor":33},{"not_picked":["Go for the Eyes","Hologram"],"picked":"Coolheaded+1","floor":35},{"not_picked":["FTL","Rebound","Ball Lightning"],"picked":"SKIP","floor":36},{"not_picked":["Sweeping Beam","Streamline"],"picked":"Defragment","floor":37},{"not_picked":["Stack","Coolheaded"],"picked":"BootSequence+1","floor":39},{"not_picked":["FTL","Reprogram","Hello World"],"picked":"SKIP","floor":44},{"not_picked":["Coolheaded","Redo","Leap+1"],"picked":"SKIP","floor":45},{"not_picked":["Fission","Streamline"],"picked":"Barrage","floor":46},{"not_picked":["Barrage+1","Coolheaded","Leap"],"picked":"SKIP","floor":48}],"player_experience":428593,"relics_obtained":[{"floor":9,"key":"Ancient Tea Set"},{"floor":10,"key":"Calipers"},{"floor":13,"key":"Blue Candle"},{"floor":24,"key":"Blood Vial"},{"floor":26,"key":"Thread and Needle"},{"floor":27,"key":"Girya"},{"floor":43,"key":"Centennial Puzzle"},{"floor":44,"key":"Pen Nib"},{"floor":46,"key":"Art of War"}],"event_choices":[{"damage_healed":0,"gold_gain":0,"player_choice":"Donut","damage_taken":0,"max_hp_gain":5,"max_hp_loss":0,"event_name":"Big Fish","floor":4,"gold_loss":0},{"damage_healed":0,"gold_gain":50,"player_choice":"Pray","damage_taken":0,"max_hp_gain":0,"max_hp_loss":0,"event_name":"Golden Shrine","floor":5,"gold_loss":0},{"damage_healed":0,"gold_gain":0,"player_choice":"Ignored","damage_taken":0,"max_hp_gain":0,"max_hp_loss":0,"event_name":"The Mausoleum","floor":22,"gold_loss":0},{"damage_healed":0,"gold_gain":0,"player_choice":"Upgraded Two","damage_taken":0,"max_hp_gain":0,"max_hp_loss":0,"event_name":"Designer","floor":25,"gold_loss":50,"cards_upgraded":["Dualcast","Strike_B"]},{"damage_healed":0,"gold_gain":0,"player_choice":"Paid","damage_taken":0,"relics_obtained":["Red Mask"],"max_hp_gain":0,"max_hp_loss":0,"event_name":"Tomb of Lord Red Mask","floor":38,"gold_loss":231},{"damage_healed":0,"gold_gain":0,"player_choice":"Copied","damage_taken":0,"max_hp_gain":0,"max_hp_loss":0,"event_name":"Duplicator","floor":41,"gold_loss":0,"cards_obtained":["Defragment"]}],"is_beta":false,"boss_relics":[{"not_picked":["Pandora\u0027s Box","Astrolabe"],"picked":"Nuclear Battery"},{"not_picked":["Runic Dome","Calling Bell"],"picked":"Inserter"}],"items_purged_floors":[],"is_endless":false,"potions_floor_spawned":[3,12,14,16,24,31,35,39,48],"ascension_level":16}