{"gold_per_floor":[119,119,133,144,51,51,51,51,51,51,51,51,71,86,86,181,181,201,126,51,65,80,80,98,98],"floor_reached":25,"playtime":1136,"items_purged":["Parasite"],"score":193,"play_id":"93aeae6a-67c6-46ec-ad69-c25055a8dbef","local_time":"20190110220311","is_ascension_mode":false,"campfire_choices":[{"data":"Discovery","floor":6,"key":"SMITH"},{"data":"Zap","floor":12,"key":"SMITH"},{"data":"Dualcast","floor":15,"key":"SMITH"},{"data":"Hologram","floor":23,"key":"SMITH"}],"neow_cost":"NONE","seed_source_timestamp":20477863063012,"circlet_count":0,"master_deck":["Strike_B","Strike_B","Defend_B","Defend_B","Defend_B","Defend_B","Zap+1","Dualcast+1","Coolheaded","Cold Snap","Reinforced Body","Discovery+1","Reboot","Echo Form","Redo","Hello World","Hologram+1","Recycle+1"],"relics":["Cracked Core"],"potions_floor_usage":[16,22,24],"damage_taken":[{"damage":1,"enemies":"Jaw Worm","floor":1,"turns":4},{"damage":0,"enemies":"Cultist","floor":3,"turns":4},{"damage":1,"enemies":"Small Slimes","floor":4,"turns":3},{"damage":3,"enemies":"Blue Slaver","floor":13,"turns":3},{"damage":9,"enemies":"Large Slime","floor":14,"turns":5},{"damage":9,"enemies":"Slime Boss","floor":16,"turns":13},{"damage":11,"enemies":"Chosen","floor":18,"turns":6},{"damage":2,"enemies":"Spheric Guardian","floor":21,"turns":6},{"damage":17,"enemies":"Cultist and Chosen","floor":22,"turns":8},{"damage":50,"enemies":"3 Cultists","floor":24,"turns":6},{"damage":8,"enemies":"Snake Plant","floor":25,"turns":4}],"seed_played":"-3422712072761613905","potions_obtained":[{"floor":13,"key":"Ancient Potion"},{"floor":18,"key":"FearPotion"},{"floor":21,"key":"FearPotion"}],"is_trial":false,"path_per_floor":["M","?","M","M","$","R","?","$","T","?","T","R","M","M","R","B",null,"M","?","$","M","M","R","M","M"],"character_chosen":"DEFECT","items_purchased":["Discovery"],"campfire_rested":0,"item_purchase_floors":[5],"current_hp_per_floor":[81,81,81,80,80,80,77,77,77,82,82,82,79,70,70,61,82,71,71,71,69,52,52,2,0],"gold":98,"neow_bonus":"TEN_PERCENT_HP_BONUS","is_prod":false,"is_daily":false,"chose_seed":false,"campfire_upgraded":4,"win_rate":0,"timestamp":1547157791,"path_taken":["M","?","?","M","$","R","?","$","T","?","?","R","M","M","R","BOSS","M","?","$","M","M","R","M","M"],"build_version":"2019-01-09","purchased_purges":1,"victory":false,"max_hp_per_floor":[82,82,82,82,82,82,82,82,82,82,82,82,82,82,82,82,82,82,82,79,79,79,79,79,79],"card_choices":[{"not_picked":["Turbo","Compile Driver"],"picked":"Coolheaded","floor":1},{"not_picked":["Conserve Battery","Tempest"],"picked":"Cold Snap","floor":3},{"not_picked":["Reprogram","Turbo"],"picked":"Reinforced Body","floor":4},{"not_picked":["Ball Lightning","Reinforced Body"],"picked":"Reboot","floor":13},{"not_picked":["Sweeping Beam","Coolheaded","Rebound"],"picked":"SKIP","floor":14},{"not_picked":["Thunder Strike","Multi-Cast"],"picked":"Echo Form","floor":16},{"not_picked":["Leap","Double Energy"],"picked":"Redo","floor":18},{"not_picked":["Blizzard","Coolheaded"],"picked":"Hello World","floor":21},{"not_picked":["Steam","Go for the Eyes+1"],"picked":"Hologram","floor":22},{"not_picked":["Streamline","Hologram"],"picked":"Recycle+1","floor":24}],"player_experience":396217,"relics_obtained":[],"event_choices":[{"cards_removed":["Strike_B"],"damage_healed":0,"gold_gain":0,"player_choice":"Offered Basic","damage_taken":0,"max_hp_gain":0,"max_hp_loss":0,"event_name":"Bonfire Elementals","floor":2,"gold_loss":0},{"damage_healed":0,"gold_gain":0,"player_choice":"Fled","damage_taken":3,"max_hp_gain":0,"max_hp_loss":0,"event_name":"Scrap Ooze","floor":7,"gold_loss":0},{"damage_healed":20,"gold_gain":0,"player_choice":"Healed and dodged fight","damage_taken":0,"max_hp_gain":0,"max_hp_loss":0,"event_name":"Mushrooms","floor":10,"gold_loss":0,"cards_obtained":["Parasite"]},{"cards_removed":["Strike_B"],"damage_healed":0,"gold_gain":0,"player_choice":"Gave Gold","damage_taken":0,"max_hp_gain":0,"max_hp_loss":0,"event_name":"Beggar","floor":19,"gold_loss":75}],"is_beta":true,"boss_relics":[{"not_picked":["Lizard Tail","Astrolabe","Calling Bell"]}],"items_purged_floors":[20],"is_endless":false,"potions_floor_spawned":[13,18,21],"killed_by":"Snake Plant","ascension_level":0}