{"gold_per_floor":[118,37,37,51,51,51,82,82,82,100,112,112,23,43,43,119,119,135,135,135,153,78,78],"floor_reached":23,"playtime":405,"items_purged":["Strike_R"],"score":428,"play_id":"dde55984-6350-41ce-9da5-3d699c3da010","local_time":"20190213043528","is_ascension_mode":true,"campfire_choices":[{"data":"Inflame","floor":6,"key":"SMITH"},{"data":"Spot Weakness","floor":8,"key":"SMITH"},{"data":"Twin Strike","floor":12,"key":"SMITH"},{"data":"Inflame","floor":15,"key":"SMITH"}],"neow_cost":"NONE","seed_source_timestamp":41856114196100,"circlet_count":0,"master_deck":["AscendersBane","Strike_R","Strike_R","Strike_R","Strike_R","Defend_R","Defend_R","Defend_R","Defend_R+1","Bash+1","Twin Strike+1","Inflame+1","Spot Weakness+1","Twin Strike+1","Body Slam+1","Inflame+1","Whirlwind+1","Writhe"],"relics":["Burning Blood","NeowsBlessing","Mercury Hourglass","Molten Egg 2","Black Star","Blood Vial"],"potions_floor_usage":[23,23],"damage_taken":[{"damage":0,"enemies":"Small Slimes","floor":1,"turns":1},{"damage":0,"enemies":"Jaw Worm","floor":4,"turns":1},{"damage":0,"enemies":"3 Sentries","floor":7,"turns":2},{"damage":7,"enemies":"2 Louse","floor":10,"turns":2},{"damage":11,"enemies":"Looter","floor":11,"turns":2},{"damage":10,"enemies":"Red Slaver","floor":14,"turns":3},{"damage":38,"enemies":"The Guardian","floor":16,"turns":9},{"damage":25,"enemies":"Spheric Guardian","floor":18,"turns":4},{"damage":44,"enemies":"Shell Parasite","floor":21,"turns":5},{"damage":22,"enemies":"Gremlin Leader","floor":23,"turns":2}],"seed_played":"6682138626382799774","potions_obtained":[{"floor":4,"key":"Fire Potion"},{"floor":14,"key":"SteroidPotion"}],"is_trial":false,"path_per_floor":["M","$","?","M","?","R","E","R","T","M","M","R","$","M","R","B",null,"M","?","?","M","$","E"],"character_chosen":"IRONCLAD","items_purchased":["Inflame","Inflame"],"campfire_rested":0,"item_purchase_floors":[2,13],"current_hp_per_floor":[74,74,74,75,52,52,58,58,58,57,52,52,52,48,48,16,60,41,41,56,20,20,0],"gold":78,"neow_bonus":"THREE_ENEMY_KILL","is_prod":false,"is_daily":false,"chose_seed":false,"campfire_upgraded":4,"win_rate":0,"timestamp":1550025328,"path_taken":["M","$","?","M","?","R","E","R","T","M","M","R","?","M","R","BOSS","M","?","?","M","$","E"],"build_version":"2019-01-23","purchased_purges":1,"victory":false,"max_hp_per_floor":[75,75,75,75,75,75,75,75,75,75,75,75,75,75,75,75,75,75,75,75,75,75,75],"card_choices":[{"not_picked":["Perfected Strike","Pommel Strike"],"picked":"Twin Strike","floor":1},{"not_picked":["Heavy Blade","Anger","Havoc"],"picked":"SKIP","floor":4},{"not_picked":["Cleave","Feel No Pain"],"picked":"Spot Weakness","floor":7},{"not_picked":["Combust","Warcry"],"picked":"Twin Strike+1","floor":10},{"not_picked":["Armaments","Wild Strike+1"],"picked":"Body Slam+1","floor":11},{"not_picked":["Ghostly Armor","Rage","Clothesline+1"],"picked":"SKIP","floor":14},{"not_picked":["Pommel Strike+1","Armaments"],"picked":"Whirlwind+1","floor":18},{"not_picked":["Shrug It Off","Blood for Blood+1","Second Wind"],"picked":"SKIP","floor":21}],"player_experience":738289,"relics_obtained":[{"floor":7,"key":"Mercury Hourglass"},{"floor":9,"key":"Molten Egg 2"}],"event_choices":[{"damage_healed":0,"gold_gain":0,"player_choice":"Leave","damage_taken":0,"max_hp_gain":0,"max_hp_loss":0,"event_name":"The Cleric","floor":3,"gold_loss":0},{"damage_healed":0,"gold_gain":0,"player_choice":"Entered Light","damage_taken":23,"max_hp_gain":0,"max_hp_loss":0,"event_name":"Shining Light","floor":5,"gold_loss":0,"cards_upgraded":["Bash","Defend_R"]},{"damage_healed":0,"gold_gain":0,"player_choice":"Opened","damage_taken":0,"relics_obtained":["Blood Vial"],"max_hp_gain":0,"max_hp_loss":0,"event_name":"The Mausoleum","floor":19,"gold_loss":0,"cards_obtained":["Writhe"]},{"damage_healed":15,"gold_gain":0,"player_choice":"Heal","damage_taken":0,"max_hp_gain":0,"max_hp_loss":0,"event_name":"The Library","floor":20,"gold_loss":0}],"is_beta":false,"boss_relics":[{"not_picked":["Black Blood","Pandora\u0027s Box"],"picked":"Black Star"}],"items_purged_floors":[22],"is_endless":false,"potions_floor_spawned":[4,14,16,21],"killed_by":"Gremlin Leader","ascension_level":20}