{"gold_per_floor":[117,117,45,45,65,65,65,65,65,65,109,11,11,11,11,11],"floor_reached":16,"playtime":477,"items_purged":["Injury"],"score":132,"play_id":"4cd27c37-c258-48db-b173-16fe56a6d5f4","local_time":"20190124031452","is_ascension_mode":true,"campfire_choices":[{"data":"Recycle","floor":6.0,"key":"SMITH"},{"data":"Fission","floor":8.0,"key":"SMITH"},{"data":"Defragment","floor":10.0,"key":"SMITH"},{"data":"Dualcast","floor":15.0,"key":"SMITH"}],"neow_cost":"CURSE","seed_source_timestamp":0,"circlet_count":0,"master_deck":["Strike_B","Strike_B","Strike_B","Defend_B","Defend_B","Defend_B","Zap","Dualcast+1","Fission+1","Creative AI","Recycle+1","Defragment+1","Self Repair","Defragment","Conserve Battery"],"special_seed":0,"relics":["Cracked Core","Golden Idol","The Courier","Boot","Omamori"],"potions_floor_usage":[],"damage_taken":[{"damage":8.0,"enemies":"Cultist","floor":1.0,"turns":5.0},{"damage":4.0,"enemies":"Small Slimes","floor":5.0,"turns":7.0},{"damage":0.0,"enemies":"The Mushroom Lair","floor":7.0,"turns":2.0},{"damage":15.0,"enemies":"Lagavulin","floor":11.0,"turns":7.0},{"damage":47,"enemies":"The Guardian","floor":16,"turns":7}],"seed_played":"-8757300835597042729","potions_obtained":[{"floor":1.0,"key":"Strength Potion"},{"floor":4.0,"key":"SmokeBomb"},{"floor":4.0,"key":"Fruit Juice"},{"floor":4.0,"key":"Ancient Potion"}],"is_trial":false,"path_per_floor":["M","?","$","?","M","R","?","R","T","R","E","$","$","?","R","B"],"character_chosen":"DEFECT","items_purchased":["Defragment","Conserve Battery"],"campfire_rested":0,"item_purchase_floors":[3,12],"current_hp_per_floor":[60,60,60,65,61,61,61,61,61,61,53,53,53,46,46,0],"gold":11,"neow_bonus":"TRANSFORM_TWO_CARDS","is_prod":false,"is_daily":false,"chose_seed":false,"campfire_upgraded":4,"win_rate":0,"timestamp":1548299692,"path_taken":["M","?","$","?","?","R","?","R","T","R","E","?","$","?","R","BOSS"],"build_version":"2019-01-23","purchased_purges":1,"victory":false,"max_hp_per_floor":[75,69,69,74,74,74,74,74,74,74,74,74,74,74,74,74],"card_choices":[{"not_picked":["Steam Power","Conserve Battery"],"picked":"Recycle","floor":1.0},{"not_picked":["Coolheaded","Auto Shields"],"picked":"Self Repair","floor":5.0},{"not_picked":["Barrage","Hologram"],"picked":"Defragment","floor":11.0}],"player_experience":468585,"relics_obtained":[{"floor":9.0,"key":"The Courier"},{"floor":11.0,"key":"Boot"}],"event_choices":[{"damage_healed":0.0,"max_hp_gain":0.0,"max_hp_loss":6.0,"gold_gain":0.0,"event_name":"Golden Idol","player_choice":"Lose Max HP","floor":2.0,"gold_loss":0.0,"damage_taken":0.0,"relics_obtained":["Golden Idol"]},{"damage_healed":0.0,"max_hp_gain":0.0,"max_hp_loss":0.0,"gold_gain":0.0,"event_name":"Lab","player_choice":"Got Potions","floor":4.0,"gold_loss":0.0,"damage_taken":0.0},{"damage_healed":0.0,"max_hp_gain":0.0,"max_hp_loss":0.0,"gold_gain":0.0,"event_name":"Mushrooms","player_choice":"Fought Mushrooms","floor":7.0,"gold_loss":0.0,"damage_taken":0.0},{"damage_healed":0.0,"max_hp_gain":0.0,"max_hp_loss":0.0,"gold_gain":0.0,"event_name":"Scrap Ooze","player_choice":"Success","floor":14.0,"gold_loss":0.0,"damage_taken":7.0,"relics_obtained":["Omamori"]}],"is_beta":true,"boss_relics":[],"items_purged_floors":[12],"is_endless":false,"potions_floor_spawned":[1],"killed_by":"The Guardian","ascension_level":8}