{"gold_per_floor":[117,37,50,65,65,92,92,121,144,156,172,172,192,209,209,314,314,326,241,43,57,70,70,70,70,120,143,155],"floor_reached":28,"playtime":2888,"items_purged":[],"score":232,"play_id":"4b17e325-2d14-4d91-8295-7a6f039c0839","local_time":"20190129185157","is_ascension_mode":false,"campfire_choices":[{"floor":7.0,"key":"REST"},{"floor":12,"key":"REST"},{"floor":15,"key":"REST"},{"floor":23,"key":"REST"}],"neow_cost":"NONE","seed_source_timestamp":0,"circlet_count":0,"master_deck":["Survivor","Neutralize","Footwork","Bane","Cloak And Dagger","Noxious Fumes","Noxious Fumes+1","Sucker Punch","Escape Plan","Dash","Outmaneuver","Acrobatics","Noxious Fumes","Phantasmal Killer","Quick Slash","Bane","Sucker Punch","Expertise","Burst","Skewer","Leg Sweep","Bullet Time","Glass Knife","Dash","Deadly Poison","Dodge and Roll","Accuracy","Bane","Backflip+1","Bouncing Flask","Finisher+1"],"special_seed":0,"relics":["Ring of the Snake","Strawberry","Pen Nib","Art of War","Pandora\u0027s Box","Kunai","MawBank"],"potions_floor_usage":[11,27,28,28],"damage_taken":[{"damage":5.0,"enemies":"Small Slimes","floor":1.0,"turns":5.0},{"damage":0.0,"enemies":"2 Louse","floor":3.0,"turns":2.0},{"damage":1.0,"enemies":"Cultist","floor":4.0,"turns":4.0},{"damage":26.0,"enemies":"Gremlin Nob","floor":6.0,"turns":4.0},{"damage":13.0,"enemies":"Lagavulin","floor":8.0,"turns":6.0},{"damage":14,"enemies":"Looter","floor":10,"turns":5},{"damage":9,"enemies":"Exordium Thugs","floor":11,"turns":6},{"damage":3,"enemies":"2 Fungi Beasts","floor":13,"turns":3},{"damage":1,"enemies":"Red Slaver","floor":14,"turns":4},{"damage":21,"enemies":"Slime Boss","floor":16,"turns":10},{"damage":7,"enemies":"Shell Parasite","floor":18,"turns":5},{"damage":32,"enemies":"3 Byrds","floor":21,"turns":5},{"damage":15,"enemies":"Centurion and Healer","floor":22,"turns":6},{"damage":36,"enemies":"Sentry and Sphere","floor":27,"turns":8},{"damage":19,"enemies":"Gremlin Leader","floor":28,"turns":6}],"seed_played":"-485412738952603656","potions_obtained":[{"floor":3.0,"key":"FearPotion"},{"floor":8.0,"key":"SkillPotion"},{"floor":10,"key":"AttackPotion"},{"floor":11,"key":"GhostInAJar"},{"floor":14,"key":"Energy Potion"}],"is_trial":false,"path_per_floor":["M","$","M","M","?","E","R","E","T","M","M","R","M","M","R","B",null,"M","?","$","M","M","R","?","$","T","M","E"],"character_chosen":"THE_SILENT","items_purchased":["Bane","Cloak And Dagger","Deadly Poison","Dodge and Roll","Accuracy","Bane"],"campfire_rested":4,"item_purchase_floors":[2,2,20,20,20,20],"current_hp_per_floor":[72,72,72,71,56,37,62,49,49,35,26,51,48,47,72,51,84,77,77,77,45,30,55,55,55,55,19,0],"gold":155,"neow_bonus":"TEN_PERCENT_HP_BONUS","is_prod":false,"is_daily":false,"chose_seed":false,"campfire_upgraded":0,"win_rate":0.0,"timestamp":1548809517,"path_taken":["M","$","M","M","?","E","R","E","T","M","M","R","M","M","R","BOSS","M","?","$","M","M","R","?","$","T","?","E"],"build_version":"2019-01-23","purchased_purges":0,"victory":false,"max_hp_per_floor":[77,77,77,77,77,84,84,84,84,84,84,84,84,84,84,84,84,84,84,84,84,84,84,84,84,84,84,84],"card_choices":[{"not_picked":["Slice","PiercingWail"],"picked":"Footwork","floor":1.0},{"not_picked":["Prepared","Dodge and Roll"],"picked":"Noxious Fumes","floor":3.0},{"not_picked":["Heel Hook","Riddle With Holes"],"picked":"Noxious Fumes","floor":4.0},{"not_picked":["Expertise","Dodge and Roll"],"picked":"Sucker Punch","floor":6.0},{"not_picked":["Poisoned Stab","Dodge and Roll"],"picked":"Escape Plan","floor":8.0},{"not_picked":["Quick Slash","Choke"],"picked":"Dash","floor":10},{"not_picked":["Cloak And Dagger","Flechettes"],"picked":"Outmaneuver","floor":11},{"not_picked":["Underhanded Strike","Dodge and Roll"],"picked":"Acrobatics","floor":13},{"not_picked":["Dagger Spray","Calculated Gamble"],"picked":"Noxious Fumes","floor":14},{"not_picked":["Corpse Explosion","Adrenaline"],"picked":"Phantasmal Killer","floor":16},{"not_picked":["Quick Slash","Blade Dance","Endless Agony"],"picked":"SKIP","floor":18},{"not_picked":["Flechettes","Underhanded Strike"],"picked":"Backflip+1","floor":21},{"not_picked":["All Out Attack","Deadly Poison"],"picked":"Bouncing Flask","floor":22},{"not_picked":["Sucker Punch+1","Accuracy+1"],"picked":"Finisher+1","floor":27}],"player_experience":50005,"relics_obtained":[{"floor":6.0,"key":"Strawberry"},{"floor":8.0,"key":"Pen Nib"},{"floor":9.0,"key":"Art of War"},{"floor":26,"key":"MawBank"}],"event_choices":[{"damage_healed":0.0,"max_hp_gain":0.0,"max_hp_loss":0.0,"gold_gain":0.0,"event_name":"Shining Light","player_choice":"Entered Light","floor":5.0,"gold_loss":0.0,"damage_taken":15.0,"cards_upgraded":["Noxious Fumes","Defend_G"]},{"damage_healed":0,"gold_gain":0,"player_choice":"Obtained Relic","damage_taken":0,"relics_obtained":["Kunai"],"max_hp_gain":0,"max_hp_loss":0,"event_name":"Addict","floor":19,"gold_loss":85},{"damage_healed":0,"gold_gain":0,"player_choice":"Bought 0 Potions","damage_taken":0,"max_hp_gain":0,"max_hp_loss":0,"event_name":"The Woman in Blue","floor":24,"gold_loss":0}],"is_beta":false,"boss_relics":[{"not_picked":["Calling Bell","Cursed Key"],"picked":"Pandora\u0027s Box"}],"items_purged_floors":[],"is_endless":false,"potions_floor_spawned":[3,8,10,11,14,18],"killed_by":"Gremlin Leader","ascension_level":0}