{"gold_per_floor":[216,216,216,227,227,262,262,91,118,118,118,133,167,180,180,301,301,324,324,324,249,260,260],"floor_reached":23,"playtime":864,"items_purged":["Regret"],"score":227,"play_id":"9bbd7631-a499-4f7f-9842-52c51fa52178","local_time":"20190131221644","is_ascension_mode":true,"campfire_choices":[{"data":"Anger","floor":7,"key":"SMITH"},{"data":"Rampage","floor":10,"key":"SMITH"},{"floor":15,"key":"REST"}],"neow_cost":"NONE","seed_source_timestamp":28112741658017,"circlet_count":0,"master_deck":["Strike_R","Strike_R","Strike_R","Strike_R","Strike_R","Defend_R","Defend_R","Defend_R","Defend_R","Bash","Seeing Red","Anger+1","Rampage+1","Flash of Steel","Shrug It Off","Headbutt","Shrug It Off"],"relics":["Burning Blood","Letter Opener","Torii","Bloody Idol","Sundial","Orichalcum","Nunchaku","Bag of Marbles","Runic Cube","Singing Bowl"],"potions_floor_usage":[13,14,22,22,22],"damage_taken":[{"damage":11,"enemies":"2 Louse","floor":1,"turns":3},{"damage":4,"enemies":"Small Slimes","floor":4,"turns":4},{"damage":35,"enemies":"Gremlin Nob","floor":6,"turns":4},{"damage":1,"enemies":"Jaw Worm","floor":12,"turns":3},{"damage":25,"enemies":"Lagavulin","floor":13,"turns":5},{"damage":2,"enemies":"Large Slime","floor":14,"turns":4},{"damage":14,"enemies":"Hexaghost","floor":16,"turns":9},{"damage":31,"enemies":"Shell Parasite","floor":18,"turns":5},{"damage":19,"enemies":"2 Thieves","floor":22,"turns":3},{"damage":54,"enemies":"Slavers","floor":23,"turns":5}],"seed_played":"-1959441242345939616","potions_obtained":[{"floor":1,"key":"Energy Potion"},{"floor":6,"key":"GamblersBrew"},{"floor":12,"key":"PowerPotion"},{"floor":16,"key":"Swift Potion"},{"floor":18,"key":"Fire Potion"}],"is_trial":false,"path_per_floor":["M","?","?","M","?","E","R","$","T","R","T","M","E","M","R","B",null,"M","?","?","?","M","E"],"character_chosen":"IRONCLAD","items_purchased":["Flash of Steel"],"campfire_rested":1,"item_purchase_floors":[8],"current_hp_per_floor":[75,75,68,70,50,21,21,21,21,21,21,26,7,11,35,27,80,55,55,55,55,54,0],"gold":260,"neow_bonus":"HUNDRED_GOLD","is_prod":false,"is_daily":false,"chose_seed":false,"campfire_upgraded":2,"win_rate":0,"timestamp":1548969404,"path_taken":["M","?","?","M","?","E","R","$","T","R","?","M","E","M","R","BOSS","M","?","?","?","M","E"],"build_version":"2019-01-23","purchased_purges":1,"victory":false,"max_hp_per_floor":[80,80,80,80,80,80,80,80,80,80,80,80,80,80,80,80,80,80,80,80,80,82,82],"card_choices":[{"not_picked":["Pommel Strike","Sentinel"],"picked":"Seeing Red","floor":1},{"not_picked":["Entrench","Shockwave"],"picked":"Anger","floor":4},{"not_picked":["Power Through","Entrench"],"picked":"Rampage","floor":6},{"not_picked":["Sever Soul","Combust"],"picked":"Shrug It Off","floor":12},{"not_picked":["Immolate","Pommel Strike"],"picked":"Headbutt","floor":13},{"not_picked":["Flex","Flame Barrier"],"picked":"Shrug It Off","floor":14},{"not_picked":["Carnage+1","Clothesline","Pommel Strike"],"picked":"SKIP","floor":18},{"not_picked":["Power Through","Clothesline","Pommel Strike"],"picked":"Singing Bowl","floor":22}],"player_experience":144094,"relics_obtained":[{"floor":6,"key":"Sundial"},{"floor":9,"key":"Orichalcum"},{"floor":11,"key":"Nunchaku"},{"floor":13,"key":"Bag of Marbles"}],"event_choices":[{"damage_healed":0,"gold_gain":0,"player_choice":"Box","damage_taken":0,"relics_obtained":["Letter Opener"],"max_hp_gain":0,"max_hp_loss":0,"event_name":"Big Fish","floor":2,"gold_loss":0,"cards_obtained":["Regret"]},{"damage_healed":0,"gold_gain":0,"player_choice":"Success","damage_taken":7,"relics_obtained":["Torii"],"max_hp_gain":0,"max_hp_loss":0,"event_name":"Scrap Ooze","floor":3,"gold_loss":0},{"damage_healed":0,"gold_gain":0,"player_choice":"Take Damage","damage_taken":20,"relics_obtained":["Golden Idol"],"max_hp_gain":0,"max_hp_loss":0,"event_name":"Golden Idol","floor":5,"gold_loss":0},{"damage_healed":0,"gold_gain":0,"player_choice":"Opened","damage_taken":0,"relics_obtained":["Singing Bowl"],"max_hp_gain":0,"max_hp_loss":0,"event_name":"The Mausoleum","floor":19,"gold_loss":0,"cards_obtained":["Writhe"]},{"damage_healed":0,"gold_gain":0,"player_choice":"Gave Idol","damage_taken":0,"relics_obtained":["Bloody Idol"],"max_hp_gain":0,"max_hp_loss":0,"event_name":"Forgotten Altar","floor":20,"relics_lost":["Golden Idol"],"gold_loss":0},{"cards_removed":["Writhe"],"damage_healed":0,"gold_gain":0,"player_choice":"Gave Gold","damage_taken":0,"max_hp_gain":0,"max_hp_loss":0,"event_name":"Beggar","floor":21,"gold_loss":75}],"is_beta":false,"boss_relics":[{"not_picked":["Fusion Hammer","Eternal Feather"],"picked":"Runic Cube"}],"items_purged_floors":[8],"is_endless":false,"potions_floor_spawned":[1,6,12,16,18],"killed_by":"Slavers","ascension_level":3}