{"gold_per_floor":[115,129,404,418,418,418,446,446,471,471,471,491,505,524,524,595,645,656,755,787,509,509,509],"floor_reached":23,"playtime":785,"items_purged":["Regret"],"score":337,"play_id":"0b0efdb1-a576-4aa2-8120-784c1c755703","local_time":"20190208012042","is_ascension_mode":true,"campfire_choices":[{"data":"Zap","floor":6,"key":"SMITH"},{"floor":8,"key":"REST"},{"data":"Dualcast","floor":11,"key":"SMITH"},{"data":"Rainbow","floor":15,"key":"SMITH"}],"neow_cost":"NONE","seed_source_timestamp":102152307620561,"circlet_count":0,"master_deck":["AscendersBane","Strike_B","Strike_B","Strike_B","Strike_B","Defend_B","Defend_B","Defend_B+1","Defend_B","Zap+1","Dualcast+1","Consume","Cold Snap","Reinforced Body","Self Repair","Loop","Rainbow+1","Cold Snap","Core Surge","Mind Blast","Madness","Impatience","Purity","Trip"],"relics":["Cracked Core","NeowsBlessing","Dream Catcher","Boot","Pear","Tiny House","Red Mask","Lee\u0027s Waffle"],"potions_floor_usage":[7,13,16,20,20],"damage_taken":[{"damage":0,"enemies":"2 Louse","floor":1,"turns":1},{"damage":0,"enemies":"Cultist","floor":2,"turns":1},{"damage":0,"enemies":"Small Slimes","floor":4,"turns":1},{"damage":43,"enemies":"3 Sentries","floor":7,"turns":8},{"damage":4,"enemies":"2 Fungi Beasts","floor":12,"turns":4},{"damage":20,"enemies":"3 Louse","floor":13,"turns":4},{"damage":10,"enemies":"Blue Slaver","floor":14,"turns":4},{"damage":25,"enemies":"Slime Boss","floor":16,"turns":8},{"damage":34,"enemies":"Shell Parasite","floor":18,"turns":7},{"damage":39,"enemies":"Masked Bandits","floor":20,"turns":5}],"seed_played":"1688380926845016547","potions_obtained":[{"floor":4,"key":"Strength Potion"},{"floor":12,"key":"Regen Potion"},{"floor":13,"key":"LiquidBronze"},{"floor":14,"key":"Block Potion"},{"floor":17,"key":"SpeedPotion"},{"floor":18,"key":"PowerPotion"}],"is_trial":false,"path_per_floor":["M","M","?","M","?","R","E","R","T","?","R","M","M","M","R","B",null,"M","?","?","$","?","R"],"character_chosen":"DEFECT","items_purchased":["Lee\u0027s Waffle"],"campfire_rested":1,"item_purchase_floors":[21],"current_hp_per_floor":[68,68,68,68,73,73,30,54,54,52,52,55,54,51,51,33,81,54,54,15,102,42,42],"gold":509,"neow_bonus":"THREE_ENEMY_KILL","is_prod":false,"is_daily":false,"chose_seed":false,"campfire_upgraded":3,"win_rate":0,"timestamp":1549588842,"path_taken":["M","M","?","?","?","R","E","R","T","?","R","M","M","M","R","BOSS","M","?","?","$","?","R"],"build_version":"2019-02-06","purchased_purges":1,"victory":false,"max_hp_per_floor":[75,75,75,75,80,80,80,80,80,90,90,90,90,90,90,90,95,95,95,95,102,102,102],"card_choices":[{"not_picked":["Hologram","Auto Shields"],"picked":"Consume","floor":1},{"not_picked":["Doom and Gloom","Rebound"],"picked":"Cold Snap","floor":2},{"not_picked":["Hello World","Force Field","Rebound"],"picked":"SKIP","floor":4},{"not_picked":["Barrage","Rebound"],"picked":"Reinforced Body","floor":7},{"not_picked":["Tempest","Storm"],"picked":"Self Repair","floor":8},{"not_picked":["Genetic Algorithm","Gash"],"picked":"Loop","floor":12},{"not_picked":["Beam Cell","Conserve Battery"],"picked":"Rainbow","floor":13},{"not_picked":["Conserve Battery","Consume"],"picked":"Cold Snap","floor":14},{"not_picked":["Electrodynamics","Rainbow"],"picked":"Core Surge","floor":16},{"not_picked":["Doom and Gloom","Turbo","Stack"],"picked":"SKIP","floor":18}],"player_experience":577053,"relics_obtained":[{"floor":7,"key":"Dream Catcher"},{"floor":9,"key":"Boot"},{"floor":20,"key":"Red Mask"}],"event_choices":[{"damage_healed":0,"gold_gain":275,"player_choice":"Desecrate","damage_taken":0,"max_hp_gain":0,"max_hp_loss":0,"event_name":"Golden Shrine","floor":3,"gold_loss":0,"cards_obtained":["Regret"]},{"damage_healed":0,"gold_gain":0,"player_choice":"Donut","damage_taken":0,"max_hp_gain":5,"max_hp_loss":0,"event_name":"Big Fish","floor":5,"gold_loss":0},{"damage_healed":0,"gold_gain":0,"player_choice":"Success","damage_taken":12,"relics_obtained":["Pear"],"max_hp_gain":0,"max_hp_loss":0,"event_name":"Scrap Ooze","floor":10,"gold_loss":0},{"damage_healed":0,"gold_gain":99,"player_choice":"Stole From Cult","damage_taken":0,"max_hp_gain":0,"max_hp_loss":0,"event_name":"Nest","floor":19,"gold_loss":0},{"damage_healed":0,"gold_gain":0,"player_choice":"Fought Bandits","damage_taken":0,"max_hp_gain":0,"max_hp_loss":0,"event_name":"Masked Bandits","floor":20,"gold_loss":0},{"damage_healed":0,"gold_gain":0,"player_choice":"CARD CARD CARD CARD CARD ","damage_taken":60,"max_hp_gain":0,"max_hp_loss":0,"event_name":"Knowing Skull","floor":22,"potions_obtained":[],"gold_loss":0,"cards_obtained":["Mind Blast","Madness","Impatience","Purity","Trip"]}],"is_beta":true,"boss_relics":[{"not_picked":["Runic Dome","Calling Bell"],"picked":"Tiny House"}],"items_purged_floors":[21],"is_endless":false,"potions_floor_spawned":[4,12,13,14,18],"ascension_level":13}