{"gold_per_floor":[20,20,31,31,42,42,59,87,113,113,125,4,30,44,44,118,118,118],"floor_reached":18,"playtime":747,"items_purged":["Strike_B"],"score":325,"play_id":"7aeada89-6c8a-4ef4-ae38-a7c741e4e5b5","local_time":"20190209222239","is_ascension_mode":true,"campfire_choices":[{"data":"Zap","floor":6.0,"key":"SMITH"},{"data":"Defragment","floor":10.0,"key":"SMITH"},{"data":"Thunder Strike","floor":15.0,"key":"SMITH"}],"neow_cost":"NO_GOLD","seed_source_timestamp":0,"circlet_count":0,"master_deck":["AscendersBane","Strike_B","Strike_B","Defend_B","Defend_B","Defend_B","Defend_B","Zap+1","Dualcast","Thunder Strike+1","Defragment+1","Conserve Battery","BootSequence","FTL","Coolheaded","FTL","White Noise","Echo Form"],"special_seed":0,"relics":["Cracked Core","Potion Belt","Happy Flower","Lantern","WingedGreaves","Cursed Key"],"potions_floor_usage":[],"damage_taken":[{"damage":2.0,"enemies":"Jaw Worm","floor":1.0,"turns":4.0},{"damage":0.0,"enemies":"Cultist","floor":3.0,"turns":3.0},{"damage":5.0,"enemies":"Small Slimes","floor":5.0,"turns":4.0},{"damage":5.0,"enemies":"Red Slaver","floor":7.0,"turns":4.0},{"damage":0.0,"enemies":"Lagavulin","floor":8.0,"turns":7.0},{"damage":6.0,"enemies":"Looter","floor":11.0,"turns":4.0},{"damage":2.0,"enemies":"3 Sentries","floor":13.0,"turns":7.0},{"damage":3.0,"enemies":"Large Slime","floor":14.0,"turns":4.0},{"damage":22,"enemies":"The Guardian","floor":16,"turns":10},{"damage":0,"enemies":"Shell Parasite","floor":18,"turns":1}],"seed_played":"177291890616055559","potions_obtained":[{"floor":5.0,"key":"Weak Potion"},{"floor":8.0,"key":"Weak Potion"},{"floor":11.0,"key":"FearPotion"},{"floor":14.0,"key":"EssenceOfSteel"}],"is_trial":false,"path_per_floor":["M","?","M","?","M","R","M","E","T","R","M","$","E","M","R","B",null,"M"],"character_chosen":"DEFECT","items_purchased":["Coolheaded"],"campfire_rested":0,"item_purchase_floors":[12],"current_hp_per_floor":[66,48,48,48,43,43,38,38,38,38,32,32,30,27,27,5,58,58],"gold":118,"neow_bonus":"THREE_RARE_CARDS","is_prod":false,"is_daily":false,"chose_seed":false,"campfire_upgraded":3,"win_rate":0,"timestamp":1549750959,"path_taken":["M","?","M","?","?","R","M","E","T","R","M","?","E","M","R","BOSS","M"],"build_version":"2019-02-06","purchased_purges":1,"victory":false,"max_hp_per_floor":[75,75,75,75,75,75,75,75,75,75,75,75,75,75,75,75,75,75],"card_choices":[{"not_picked":["Seek","Buffer"],"picked":"Thunder Strike","floor":0.0},{"not_picked":["Compile Driver","Force Field"],"picked":"Defragment","floor":1.0},{"not_picked":["Stack","Turbo"],"picked":"Conserve Battery","floor":3.0},{"not_picked":["Hologram","Rebound","Scrape"],"picked":"SKIP","floor":5.0},{"not_picked":["Force Field","Scrape"],"picked":"BootSequence","floor":7.0},{"not_picked":["Barrage","Sweeping Beam","Cold Snap"],"picked":"SKIP","floor":8.0},{"not_picked":["Hologram","Coolheaded"],"picked":"FTL","floor":11.0},{"not_picked":["Steam","Turbo"],"picked":"FTL","floor":13.0},{"not_picked":["Leap","Reinforced Body"],"picked":"White Noise","floor":14.0},{"not_picked":["Hyperbeam","Meteor Strike"],"picked":"Echo Form","floor":16}],"player_experience":583687,"relics_obtained":[{"floor":8.0,"key":"Happy Flower"},{"floor":9.0,"key":"Lantern"},{"floor":13.0,"key":"WingedGreaves"}],"event_choices":[{"damage_healed":0.0,"max_hp_gain":0.0,"max_hp_loss":0.0,"gold_gain":0.0,"event_name":"Scrap Ooze","player_choice":"Success","floor":2.0,"gold_loss":0.0,"damage_taken":18.0,"relics_obtained":["Potion Belt"]},{"cards_removed":["Strike_B"],"damage_healed":0.0,"max_hp_gain":0.0,"max_hp_loss":0.0,"gold_gain":0.0,"event_name":"Bonfire Elementals","player_choice":"Offered Basic","floor":4.0,"gold_loss":0.0,"damage_taken":0.0}],"is_beta":true,"boss_relics":[{"not_picked":["Runic Dome","Orrery"],"picked":"Cursed Key"}],"items_purged_floors":[12],"is_endless":false,"potions_floor_spawned":[5,8,11,14],"killed_by":"Shell Parasite","ascension_level":13}