{"gold_per_floor":[116,131,131,147,147,179,195,195,220,232,251,267,232,36,36,132,182,194,194,207,207,223,223,258,258,336,367,28,28,28,44,44,144,144,164,177,28,38,38],"floor_reached":39,"playtime":1630,"items_purged":["Strike_B"],"score":702,"play_id":"240213c3-240c-4cb1-84b1-e3af2d40c1db","local_time":"20190203223457","is_ascension_mode":true,"campfire_choices":[{"floor":8,"key":"REST"},{"floor":15,"key":"REST"},{"floor":23,"key":"REST"},{"data":"Apotheosis","floor":25,"key":"SMITH"},{"floor":29,"key":"REST"},{"data":"Seek","floor":32,"key":"SMITH"}],"neow_cost":"NONE","seed_source_timestamp":118534360096995,"circlet_count":0,"master_deck":["AscendersBane","Strike_B","Strike_B","Defend_B","Defend_B","Defend_B","Defend_B","Zap","Dualcast","Streamline","Cold Snap","Consume","Compile Driver","Sweeping Beam","Chill+1","Defragment","Loop","Apotheosis+1","Reboot","Loop","Conserve Battery","Seek+1","Biased Cognition","Capacitor","Barrage"],"relics":["Cracked Core","Happy Flower","The Courier","Bronze Scales","Regal Pillow","Tiny House","Pen Nib","Ancient Tea Set","Lantern","Blue Candle","DataDisk","Runic Capacitor","Blood Vial","Velvet Choker"],"potions_floor_usage":[16,24,33,39,39],"damage_taken":[{"damage":0,"enemies":"2 Louse","floor":1,"turns":3},{"damage":7,"enemies":"Jaw Worm","floor":2,"turns":3},{"damage":0,"enemies":"Cultist","floor":4,"turns":3},{"damage":25,"enemies":"3 Sentries","floor":6,"turns":7},{"damage":7,"enemies":"Blue Slaver","floor":7,"turns":3},{"damage":10,"enemies":"Large Slime","floor":10,"turns":5},{"damage":4,"enemies":"Looter","floor":11,"turns":3},{"damage":34,"enemies":"3 Louse","floor":12,"turns":2},{"damage":37,"enemies":"Slime Boss","floor":16,"turns":8},{"damage":10,"enemies":"Chosen","floor":18,"turns":5},{"damage":3,"enemies":"Spheric Guardian","floor":20,"turns":5},{"damage":22,"enemies":"Snake Plant","floor":22,"turns":4},{"damage":23,"enemies":"Slavers","floor":24,"turns":7},{"damage":19,"enemies":"Book of Stabbing","floor":27,"turns":7},{"damage":4,"enemies":"Snecko","floor":31,"turns":4},{"damage":25,"enemies":"Collector","floor":33,"turns":10},{"damage":0,"enemies":"3 Shapes","floor":35,"turns":5},{"damage":1,"enemies":"Orb Walker","floor":36,"turns":4},{"damage":21,"enemies":"4 Shapes","floor":38,"turns":5},{"damage":87,"enemies":"Transient","floor":39,"turns":4}],"seed_played":"3122064327548818937","potions_obtained":[{"floor":1,"key":"Ancient Potion"},{"floor":7,"key":"Poison Potion"},{"floor":12,"key":"Block Potion"},{"floor":16,"key":"EssenceOfSteel"},{"floor":17,"key":"SneckoOil"},{"floor":24,"key":"SteroidPotion"},{"floor":38,"key":"AttackPotion"}],"is_trial":false,"path_per_floor":["M","M","?","M","T","E","M","R","T","M","M","M","?","$","R","B",null,"M","?","M","T","M","R","E","R","T","E","$","R","?","M","R","B",null,"M","M","$","M","M"],"character_chosen":"DEFECT","items_purchased":["Loop","Apotheosis","Runic Capacitor","Blood Vial","Capacitor","Fruit Juice","Barrage"],"campfire_rested":4,"item_purchase_floors":[14,14,28,28,37,37,37],"current_hp_per_floor":[68,61,66,66,66,41,34,58,58,48,44,10,30,30,69,32,73,63,63,60,60,38,78,55,55,55,36,36,76,76,74,74,51,77,79,80,80,61,0],"gold":38,"neow_bonus":"RANDOM_COMMON_RELIC","is_prod":false,"is_daily":false,"chose_seed":false,"campfire_upgraded":2,"win_rate":0,"timestamp":1549251297,"path_taken":["M","M","?","M","?","E","M","R","T","M","M","M","?","?","R","BOSS","M","?","M","?","M","R","E","R","T","E","?","R","?","M","R","BOSS","M","M","$","M","M"],"build_version":"2019-01-23","purchased_purges":1,"victory":false,"max_hp_per_floor":[75,75,80,80,80,80,80,80,80,80,80,80,80,80,80,80,85,85,85,85,85,85,85,85,85,85,85,85,85,85,85,85,85,85,85,85,85,85,90],"card_choices":[{"not_picked":["Tempest","Conserve Battery"],"picked":"Streamline","floor":1},{"not_picked":["Melter","Ball Lightning"],"picked":"Cold Snap","floor":2},{"not_picked":["Rip and Tear","Rebound"],"picked":"Consume","floor":4},{"not_picked":["Steam","Fission"],"picked":"Compile Driver","floor":6},{"not_picked":["Redo","Blizzard","Storm"],"picked":"SKIP","floor":7},{"not_picked":["Redo","Compile Driver"],"picked":"Sweeping Beam","floor":10},{"not_picked":["Rip and Tear","Genetic Algorithm"],"picked":"Chill","floor":11},{"not_picked":["Scrape","Consume"],"picked":"Defragment","floor":12},{"not_picked":["Fission","All For One"],"picked":"Reboot","floor":16},{"not_picked":["White Noise","Leap"],"picked":"Loop","floor":17},{"not_picked":["Gash","Redo","Steam"],"picked":"SKIP","floor":18},{"not_picked":["Stack","Recycle","Heatsinks"],"picked":"SKIP","floor":20},{"not_picked":["Redo+1","Rebound","Beam Cell"],"picked":"SKIP","floor":22},{"not_picked":["Beam Cell","Hello World"],"picked":"Conserve Battery","floor":24},{"not_picked":["Compile Driver","Multi-Cast","Leap"],"picked":"SKIP","floor":27},{"not_picked":["Chaos","Melter","Compile Driver+1"],"picked":"SKIP","floor":31},{"not_picked":["Seek","Buffer"],"picked":"Biased Cognition","floor":33},{"not_picked":["Rebound","Streamline","Recycle+1"],"picked":"SKIP","floor":35},{"not_picked":["Leap+1","Steam Power+1","Beam Cell"],"picked":"SKIP","floor":36},{"not_picked":["Consume+1","Aggregate","Turbo"],"picked":"SKIP","floor":38}],"player_experience":220953,"relics_obtained":[{"floor":5,"key":"The Courier"},{"floor":6,"key":"Bronze Scales"},{"floor":9,"key":"Regal Pillow"},{"floor":21,"key":"Ancient Tea Set"},{"floor":24,"key":"Lantern"},{"floor":26,"key":"Blue Candle"},{"floor":27,"key":"DataDisk"}],"event_choices":[{"damage_healed":0,"gold_gain":0,"player_choice":"Donut","damage_taken":0,"max_hp_gain":5,"max_hp_loss":0,"event_name":"Big Fish","floor":3,"gold_loss":0},{"damage_healed":20,"gold_gain":0,"player_choice":"Healed","damage_taken":0,"max_hp_gain":0,"max_hp_loss":0,"event_name":"The Cleric","floor":13,"gold_loss":35},{"damage_healed":0,"gold_gain":0,"player_choice":"Opened","damage_taken":0,"relics_obtained":["Pen Nib"],"max_hp_gain":0,"max_hp_loss":0,"event_name":"The Mausoleum","floor":19,"gold_loss":0},{"damage_healed":0,"gold_gain":0,"cards_transformed":["Strike_B"],"player_choice":"Transformed","damage_taken":0,"max_hp_gain":0,"max_hp_loss":0,"event_name":"Transmorgrifier","floor":30,"gold_loss":0,"cards_obtained":["Seek"]}],"is_beta":false,"boss_relics":[{"not_picked":["Orrery","Black Star"],"picked":"Tiny House"},{"not_picked":["Runic Dome","Runic Pyramid"],"picked":"Velvet Choker"}],"items_purged_floors":[28],"is_endless":false,"potions_floor_spawned":[1,7,11,12,16,18,20,24,31,38],"killed_by":"Transient","ascension_level":12}