{"path_per_floor":["M","?","$","?","?","R","E","M","T","E","T","$","R","$","R","B",null,"M","$","T","$","?","R","$","M","T","$","M","M","M","?","R","B",null,"M","M","?","$","M","E","$","M","T","M","M","$","R","M","R"],"character_chosen":"DEFECT","items_purchased":["Doom and Gloom","Sunder","Deep Breath"],"gold_per_floor":[112,112,39,39,39,39,73,87,141,184,184,35,35,35,35,156,194,212,112,135,10,10,10,10,23,23,23,43,55,65,65,65,163,163,179,195,195,45,61,87,87,104,104,116,131,41,41,60,60,60],"floor_reached":50,"campfire_rested":0,"playtime":1638,"current_hp_per_floor":[75,69,69,62,48,48,40,39,39,48,48,48,48,48,48,40,77,77,77,77,77,77,77,77,84,84,84,88,84,78,78,78,39,76,76,83,83,83,88,73,73,76,76,83,88,88,88,74,74,0],"items_purged":["Defend_B","Defend_B","Strike_B","Strike_B"],"gold":60,"score":598,"play_id":"d10c80bb-0507-4d38-80ea-970f0594e23c","local_time":"20180511221316","is_prod":false,"is_daily":false,"chose_seed":false,"is_ascension_mode":true,"campfire_upgraded":7,"timestamp":1526101996,"path_taken":["M","?","$","?","?","R","E","M","T","E","?","?","R","$","R","BOSS","M","$","?","?","?","R","$","M","T","?","M","?","M","?","R","BOSS","M","M","?","$","M","E","$","M","T","M","M","$","R","M","R","BOSS"],"build_version":"2018-05-10","seed_source_timestamp":167875273739774,"purchased_purges":4,"victory":false,"master_deck":["Strike_B+1","Defend_B","Defend_B","Zap+1","Axe Kick+1","Doom and Gloom+1","Auto Shields+1","Reinforced Body+1","Sunder+1","Reboot+1","FTL","Beam Cell+1","White Noise+1","Buffer+1","Rip and Tear+1","Doubt","Rip and Tear+1","Deep Breath+1"],"max_hp_per_floor":[75,69,69,69,69,69,69,69,69,83,83,83,83,83,83,83,88,88,88,88,88,88,88,88,88,88,88,88,88,88,88,88,88,88,88,88,88,88,88,88,88,88,88,88,88,88,88,88,88,88],"relics":["Sozu","Bloody Idol","Bag of Marbles","Regal Pillow","Mango","Mummified Hand","Tiny House","Blood Vial","Meat on the Bone","Cursed Key","Anchor","Question Card"],"card_choices":[{"not_picked":["Redo","Lockon"],"picked":"Axe Kick","floor":1},{"not_picked":["Skim","Capacitor"],"picked":"Auto Shields","floor":7},{"not_picked":["Stack","Loop"],"picked":"Reinforced Body","floor":8},{"not_picked":["Buffer","Fusion"],"picked":"Reboot","floor":16},{"not_picked":["Streamline","Rip and Tear"],"picked":"FTL","floor":17},{"not_picked":["Capacitor","Ball Lightning"],"picked":"Beam Cell","floor":25},{"not_picked":["Ball Lightning","Static Discharge"],"picked":"White Noise","floor":30},{"not_picked":["Amplify","Fission"],"picked":"Buffer","floor":33},{"not_picked":["Sweeping Beam","Go for the Eyes"],"picked":"Rip and Tear","floor":35},{"not_picked":["Axe Kick","Hologram","Streamline"],"picked":"Rip and Tear","floor":45}],"player_experience":217322,"potions_floor_usage":[],"damage_taken":[{"damage":0,"enemies":"Small Slimes","floor":1,"turns":3},{"damage":8,"enemies":"3 Sentries","floor":7,"turns":4},{"damage":1,"enemies":"Jaw Worm","floor":8,"turns":2},{"damage":5,"enemies":"Lagavulin","floor":10,"turns":7},{"damage":8,"enemies":"The Guardian","floor":16,"turns":9},{"damage":0,"enemies":"Chosen","floor":18,"turns":2},{"damage":0,"enemies":"3 Byrds","floor":25,"turns":2},{"damage":1,"enemies":"Cultist and Chosen","floor":28,"turns":5},{"damage":9,"enemies":"Centurion and Healer","floor":29,"turns":3},{"damage":13,"enemies":"Snake Plant","floor":30,"turns":2},{"damage":58,"enemies":"Champ","floor":33,"turns":7},{"damage":7,"enemies":"3 Shapes","floor":35,"turns":2},{"damage":0,"enemies":"Orb Walker","floor":36,"turns":2},{"damage":0,"enemies":"Spire Growth","floor":39,"turns":3},{"damage":20,"enemies":"Giant Head","floor":40,"turns":6},{"damage":4,"enemies":"Flame Bruiser 2 Orb","floor":42,"turns":3},{"damage":0,"enemies":"3 Darklings","floor":44,"turns":5},{"damage":0,"enemies":"Spire Growth","floor":45,"turns":3},{"damage":19,"enemies":"Sphere and 2 Shapes","floor":48,"turns":4},{"damage":82,"enemies":"Donu and Deca","floor":50,"turns":7}],"event_choices":[{"event_name":"Golden Idol","player_choice":"Lose Max HP","floor":2,"damage_taken":0},{"event_name":"Golden Wing","player_choice":"Card Removal","floor":4,"damage_taken":0},{"event_name":"Shining Light","player_choice":"Entered Light","floor":5,"damage_taken":0},{"event_name":"Forgotten Altar","player_choice":"Gave Idol","floor":22,"damage_taken":0},{"event_name":"Wheel of Change","player_choice":"Card Removal","floor":31,"damage_taken":0},{"event_name":"Tomb of Lord Red Mask","player_choice":"Ignored","floor":37,"damage_taken":0}],"boss_relics":[{"not_picked":["Eternal Feather","Black Star"],"picked":"Tiny House"},{"not_picked":["Snecko Eye","Velvet Choker"],"picked":"Cursed Key"}],"potions_floor_spawned":[8,18,25,36,40,48],"seed_played":"-7885128989864479291","killed_by":"Donu and Deca","ascension_level":5,"is_trial":false}