{"gold_per_floor":[19,39,57,69,88,88,88,104,104,104,104,439,456,476,476,549,549,560,485,500,500,515,515],"floor_reached":23,"playtime":1084,"items_purged":[],"score":389,"play_id":"2c86721b-1bb9-4c09-b1bf-14ed39a21730","local_time":"20190210000913","is_ascension_mode":true,"campfire_choices":[{"data":"Defragment","floor":6.0,"key":"SMITH"},{"floor":10.0,"key":"DIG"},{"floor":15.0,"key":"DIG"}],"neow_cost":"NO_GOLD","seed_source_timestamp":1561982200028785,"circlet_count":0,"master_deck":["AscendersBane","Strike_B","Strike_B","Strike_B","Defend_B","Defend_B","Defend_B","Defend_B+1","Zap","Dualcast","Darkness+1","Cold Snap","Defragment+1","Ball Lightning","Hologram","Ball Lightning","Machine Learning","Chill","Echo Form","Defragment","Loop","Coolheaded"],"special_seed":0,"relics":["Cracked Core","Du-Vu Doll","Ancient Tea Set","Shovel","Bottled Lightning","Old Coin","The Courier","Fusion Hammer"],"potions_floor_usage":[23],"damage_taken":[{"damage":1.0,"enemies":"Cultist","floor":1.0,"turns":3.0},{"damage":8.0,"enemies":"Jaw Worm","floor":2.0,"turns":4.0},{"damage":0.0,"enemies":"2 Louse","floor":3.0,"turns":2.0},{"damage":4.0,"enemies":"Looter","floor":4.0,"turns":3.0},{"damage":5.0,"enemies":"3 Louse","floor":5.0,"turns":4.0},{"damage":4.0,"enemies":"Exordium Thugs","floor":8.0,"turns":4.0},{"damage":0.0,"enemies":"Lagavulin","floor":12.0,"turns":4.0},{"damage":0.0,"enemies":"Blue Slaver","floor":13.0,"turns":4.0},{"damage":11.0,"enemies":"3 Louse","floor":14.0,"turns":3.0},{"damage":2.0,"enemies":"Hexaghost","floor":16.0,"turns":7.0},{"damage":5.0,"enemies":"3 Byrds","floor":18.0,"turns":3.0},{"damage":17.0,"enemies":"2 Thieves","floor":20.0,"turns":4.0},{"damage":10.0,"enemies":"Centurion and Healer","floor":22.0,"turns":6.0},{"damage":17,"enemies":"Shelled Parasite and Fungi","floor":23,"turns":2}],"seed_played":"802787823211774739","potions_obtained":[{"floor":2.0,"key":"Fire Potion"},{"floor":3.0,"key":"Dexterity Potion"},{"floor":12.0,"key":"Energy Potion"},{"floor":14.0,"key":"SteroidPotion"},{"floor":16.0,"key":"Explosive Potion"}],"is_trial":false,"path_per_floor":["M","M","M","M","M","R","?","M","T","R","?","E","M","M","R","B",null,"M","?","M","?","M","M"],"character_chosen":"DEFECT","items_purchased":[],"campfire_rested":0,"item_purchase_floors":[],"current_hp_per_floor":[63,55,55,51,46,46,46,42,42,42,21,21,21,10,10,8,55,50,50,33,33,23,6],"gold":515,"neow_bonus":"ONE_RARE_RELIC","is_prod":false,"is_daily":false,"chose_seed":false,"campfire_upgraded":1,"win_rate":0,"timestamp":1549724953,"path_taken":["M","M","M","?","M","R","?","M","T","R","?","E","M","M","R","BOSS","M","?","M","?","?","M"],"build_version":"2019-01-23","purchased_purges":0,"victory":false,"max_hp_per_floor":[71,71,71,71,71,71,71,71,71,71,71,71,71,71,71,71,71,71,71,71,71,71,71],"card_choices":[{"not_picked":["Redo","Undo"],"picked":"Darkness","floor":1.0},{"not_picked":["Melter","Steam"],"picked":"Cold Snap","floor":2.0},{"not_picked":["Streamline","Storm","Aggregate"],"picked":"SKIP","floor":3.0},{"not_picked":["Conserve Battery","Glacier"],"picked":"Defragment","floor":4.0},{"not_picked":["Gash","Scrape"],"picked":"Ball Lightning","floor":5.0},{"not_picked":["Recycle","Skim"],"picked":"Hologram","floor":8.0},{"not_picked":["Undo","Gash"],"picked":"Ball Lightning","floor":12.0},{"not_picked":["Sweeping Beam","Stack"],"picked":"Machine Learning","floor":13.0},{"not_picked":["Cold Snap","Stack"],"picked":"Chill","floor":14.0},{"not_picked":["All For One","Reboot"],"picked":"Echo Form","floor":16.0},{"not_picked":["Barrage","Compile Driver"],"picked":"Defragment","floor":18.0},{"not_picked":["Beam Cell","Leap+1"],"picked":"Loop","floor":20.0},{"not_picked":["Turbo","Skim","Ball Lightning"],"picked":"SKIP","floor":22.0}],"player_experience":952054,"relics_obtained":[{"floor":9.0,"key":"Shovel"},{"floor":10.0,"key":"Bottled Lightning"},{"floor":12.0,"key":"Old Coin"},{"floor":15.0,"key":"The Courier"}],"event_choices":[{"damage_healed":0.0,"max_hp_gain":0.0,"max_hp_loss":0.0,"gold_gain":0.0,"event_name":"Dead Adventurer","player_choice":"Searched \u00271\u0027 times","floor":7.0,"gold_loss":0.0,"damage_taken":0.0,"relics_obtained":["Ancient Tea Set"]},{"damage_healed":0.0,"max_hp_gain":0.0,"max_hp_loss":0.0,"gold_gain":0.0,"event_name":"Shining Light","player_choice":"Entered Light","floor":11.0,"gold_loss":0.0,"damage_taken":21.0,"cards_upgraded":["Darkness","Defend_B"]},{"cards_removed":["Strike_B"],"damage_healed":0.0,"max_hp_gain":0.0,"max_hp_loss":0.0,"gold_gain":0.0,"event_name":"Beggar","player_choice":"Gave Gold","floor":19.0,"gold_loss":75.0,"damage_taken":0.0},{"damage_healed":0.0,"max_hp_gain":0.0,"max_hp_loss":0.0,"gold_gain":0.0,"event_name":"Match and Keep!","player_choice":"1 cards matched","floor":21.0,"gold_loss":0.0,"damage_taken":0.0,"cards_obtained":["Coolheaded"]}],"is_beta":false,"boss_relics":[{"not_picked":["Tiny House","Velvet Choker"],"picked":"Fusion Hammer"}],"items_purged_floors":[],"is_endless":false,"potions_floor_spawned":[2,3,12,14,16],"killed_by":"Shelled Parasite and Fungi","ascension_level":15}