{"gold_per_floor":[109,109,126,126,126,126,152,152,203,230,278,297,47,59,59,136,136,146,246,246,264,264],"floor_reached":22,"playtime":721,"items_purged":[],"score":346,"play_id":"60b73ccb-e7b5-4896-93ac-e5fcfa612329","local_time":"20190208215944","is_ascension_mode":true,"campfire_choices":[{"data":"Immolate","floor":6,"key":"SMITH"},{"floor":8,"key":"REST"},{"data":"Metallicize","floor":15,"key":"SMITH"}],"neow_cost":"NONE","seed_source_timestamp":549344436044800,"circlet_count":0,"master_deck":["AscendersBane","Strike_R","Strike_R","Strike_R","Strike_R","Strike_R+1","Defend_R","Defend_R","Defend_R","Defend_R","Bash+1","Immolate+1","Metallicize+1","Intimidate","Dropkick","Metallicize+1","Ghostly Armor"],"relics":["Burning Blood","Dodecahedron","Smiling Mask","Bag of Marbles","Matryoshka","Juzu Bracelet","Strawberry","Regal Pillow","Mark of Pain","FossilizedHelix","Sundial"],"potions_floor_usage":[19,21,21,22],"damage_taken":[{"damage":0,"enemies":"2 Louse","floor":1,"turns":1},{"damage":9,"enemies":"Jaw Worm","floor":3,"turns":4},{"damage":21,"enemies":"Gremlin Nob","floor":7,"turns":4},{"damage":15,"enemies":"3 Sentries","floor":10,"turns":6},{"damage":0,"enemies":"Small Slimes","floor":12,"turns":3},{"damage":0,"enemies":"Exordium Thugs","floor":14,"turns":1},{"damage":25,"enemies":"The Guardian","floor":16,"turns":14},{"damage":7,"enemies":"Shell Parasite","floor":18,"turns":5},{"damage":22,"enemies":"Colosseum Slavers","floor":19,"turns":6},{"damage":11,"enemies":"Colosseum Nobs","floor":19,"turns":4},{"damage":24,"enemies":"3 Byrds","floor":21,"turns":6},{"damage":31,"enemies":"Shelled Parasite and Fungi","floor":22,"turns":4}],"seed_played":"-4832640498795845525","potions_obtained":[{"floor":7,"key":"Energy Potion"},{"floor":12,"key":"Weak Potion"},{"floor":14,"key":"PowerPotion"},{"floor":19,"key":"BloodPotion"},{"floor":21,"key":"BloodPotion"}],"is_trial":false,"path_per_floor":["M","?","M","?","?","R","E","R","T","E","T","M","$","M","R","B",null,"M","?","?","M","M"],"character_chosen":"IRONCLAD","items_purchased":["Metallicize","Regal Pillow"],"campfire_rested":1,"item_purchase_floors":[13,13],"current_hp_per_floor":[74,51,48,43,43,43,28,50,50,41,48,54,54,60,60,41,72,71,50,26,16,0],"gold":264,"neow_bonus":"ONE_RANDOM_RARE_CARD","is_prod":false,"is_daily":false,"chose_seed":false,"campfire_upgraded":2,"win_rate":0,"timestamp":1549681184,"path_taken":["M","?","M","?","?","R","E","R","T","E","?","M","$","M","R","BOSS","M","?","?","M","M"],"build_version":"2019-01-23","purchased_purges":0,"victory":false,"max_hp_per_floor":[75,75,75,75,75,75,75,75,75,75,82,82,82,82,82,82,82,82,82,87,87,87],"card_choices":[{"not_picked":["Perfected Strike","Second Wind"],"picked":"Metallicize","floor":1},{"not_picked":["Uppercut","Cleave"],"picked":"Intimidate","floor":3},{"not_picked":["Clothesline","Feel No Pain","Corruption"],"picked":"SKIP","floor":7},{"not_picked":["Reckless Charge","Whirlwind"],"picked":"Dropkick","floor":10},{"not_picked":["True Grit","Havoc","Body Slam"],"picked":"SKIP","floor":12},{"not_picked":["Sword Boomerang","Cleave"],"picked":"Ghostly Armor","floor":14},{"not_picked":["Pommel Strike","Power Through","Twin Strike"],"picked":"SKIP","floor":18},{"not_picked":["True Grit","Sentinel","Anger"],"picked":"SKIP","floor":21}],"player_experience":258735,"relics_obtained":[{"floor":7,"key":"Smiling Mask"},{"floor":9,"key":"Bag of Marbles"},{"floor":10,"key":"Matryoshka"},{"floor":11,"key":"Juzu Bracelet"},{"floor":11,"key":"Strawberry"},{"floor":19,"key":"FossilizedHelix"},{"floor":19,"key":"Sundial"}],"event_choices":[{"damage_healed":0,"gold_gain":0,"player_choice":"Entered Light","damage_taken":23,"max_hp_gain":0,"max_hp_loss":0,"event_name":"Shining Light","floor":2,"gold_loss":0,"cards_upgraded":["Strike_R","Bash"]},{"damage_healed":0,"gold_gain":0,"player_choice":"Success","damage_taken":5,"relics_obtained":["Dodecahedron"],"max_hp_gain":0,"max_hp_loss":0,"event_name":"Scrap Ooze","floor":4,"gold_loss":0},{"damage_healed":0,"gold_gain":0,"player_choice":"Grow","damage_taken":0,"max_hp_gain":0,"max_hp_loss":0,"event_name":"Living Wall","floor":5,"gold_loss":0,"cards_upgraded":["Metallicize"]},{"damage_healed":0,"gold_gain":0,"player_choice":"Fight","damage_taken":0,"max_hp_gain":0,"max_hp_loss":0,"event_name":"Colosseum","floor":19,"gold_loss":0},{"damage_healed":0,"gold_gain":0,"player_choice":"Fought Nobs","damage_taken":0,"max_hp_gain":0,"max_hp_loss":0,"event_name":"Colosseum","floor":19,"gold_loss":0},{"damage_healed":0,"gold_gain":0,"player_choice":"Shed Blood","damage_taken":29,"max_hp_gain":5,"max_hp_loss":0,"event_name":"Forgotten Altar","floor":20,"gold_loss":0}],"is_beta":false,"boss_relics":[{"not_picked":["Runic Dome","Coffee Dripper"],"picked":"Mark of Pain"}],"items_purged_floors":[],"is_endless":false,"potions_floor_spawned":[7,12,14,16,19,19,21],"killed_by":"Shelled Parasite and Fungi","ascension_level":16}