{"gold_per_floor":[20,20,20,35,55,55,330,330,354,384,399,382,396,157,157,229,229,244,334,354,84,84],"floor_reached":22,"playtime":999,"items_purged":["Regret","Mind Blast"],"score":307,"play_id":"479f009f-359f-47b8-a727-efd6b5dcc90a","local_time":"20190206211457","is_ascension_mode":true,"campfire_choices":[{"data":"Noxious Fumes","floor":6,"key":"SMITH"},{"data":"Bouncing Flask","floor":8,"key":"SMITH"},{"floor":15,"key":"REST"}],"neow_cost":"NO_GOLD","seed_source_timestamp":813156096888,"circlet_count":0,"master_deck":["AscendersBane","Defend_G","Defend_G","Defend_G","Defend_G","Strike_G+1","Strike_G+1","Strike_G","Strike_G","Survivor","Neutralize","Noxious Fumes+1","Acrobatics","Blade Dance","Bouncing Flask+1","Bullet Time","Footwork","Deadly Poison","Enlightenment","Catalyst","Bullet Time","Swift Strike","Deep Breath","Flash of Steel","PiercingWail","Doppelganger"],"relics":["Ring of the Snake","Happy Flower","Pen Nib","Runic Pyramid"],"potions_floor_usage":[10,12,16],"damage_taken":[{"damage":1,"enemies":"2 Louse","floor":1,"turns":4},{"damage":4,"enemies":"Small Slimes","floor":4,"turns":3},{"damage":0,"enemies":"Cultist","floor":5,"turns":4},{"damage":28,"enemies":"Gremlin Nob","floor":10,"turns":4},{"damage":0,"enemies":"2 Fungi Beasts","floor":11,"turns":2},{"damage":20,"enemies":"Exordium Thugs","floor":12,"turns":4},{"damage":16,"enemies":"Lots of Slimes","floor":13,"turns":4},{"damage":3,"enemies":"The Guardian","floor":16,"turns":6},{"damage":0,"enemies":"Spheric Guardian","floor":18,"turns":3},{"damage":7,"enemies":"3 Byrds","floor":20,"turns":5},{"damage":15,"enemies":"Sentry and Sphere","floor":22,"turns":3}],"seed_played":"8302783004558535666","potions_obtained":[{"floor":5,"key":"Energy Potion"},{"floor":10,"key":"SkillPotion"},{"floor":11,"key":"LiquidBronze"},{"floor":13,"key":"Energy Potion"},{"floor":20,"key":"Explosive Potion"}],"is_trial":false,"path_per_floor":["M","?","?","M","M","R","?","R","T","E","M","M","M","$","R","B",null,"M","?","M","$","M"],"character_chosen":"THE_SILENT","items_purchased":["Enlightenment","Catalyst","PiercingWail","Doppelganger"],"campfire_rested":1,"item_purchase_floors":[14,14,21,21],"current_hp_per_floor":[62,48,70,66,66,66,66,66,66,38,38,18,2,2,23,20,58,58,16,9,9,0],"gold":84,"neow_bonus":"TRANSFORM_TWO_CARDS","is_prod":false,"is_daily":false,"chose_seed":false,"campfire_upgraded":2,"win_rate":0,"timestamp":1549487697,"path_taken":["M","?","?","M","M","R","?","R","T","E","M","M","?","$","R","BOSS","M","?","M","?","M"],"build_version":"2019-01-23","purchased_purges":2,"victory":false,"max_hp_per_floor":[70,70,70,70,70,70,70,70,70,70,70,70,70,70,70,70,70,70,70,70,70,70],"card_choices":[{"not_picked":["Backflip","PiercingWail"],"picked":"Blade Dance","floor":1},{"not_picked":["Masterful Stab","Dagger Throw"],"picked":"Bouncing Flask","floor":4},{"not_picked":["Acrobatics","Reflex","Dagger Spray"],"picked":"SKIP","floor":5},{"not_picked":["Quick Slash","Leg Sweep"],"picked":"Bullet Time","floor":10},{"not_picked":["PiercingWail","Deflect","Flying Knee"],"picked":"SKIP","floor":11},{"not_picked":["Distraction","Backflip"],"picked":"Footwork","floor":12},{"not_picked":["Dagger Spray","Cloak And Dagger"],"picked":"Deadly Poison","floor":13},{"not_picked":["Venomology","Tools of the Trade"],"picked":"Bullet Time","floor":16},{"not_picked":["Bane","Poisoned Stab+1","Slice"],"picked":"SKIP","floor":18},{"not_picked":["Backflip","Underhanded Strike","Dodge and Roll"],"picked":"SKIP","floor":20}],"player_experience":568596,"relics_obtained":[{"floor":9,"key":"Happy Flower"},{"floor":10,"key":"Pen Nib"}],"event_choices":[{"damage_healed":0,"gold_gain":0,"player_choice":"Entered Light","damage_taken":14,"max_hp_gain":0,"max_hp_loss":0,"event_name":"Shining Light","floor":2,"gold_loss":0,"cards_upgraded":["Strike_G","Strike_G"]},{"damage_healed":23,"gold_gain":0,"player_choice":"Banana","damage_taken":0,"max_hp_gain":0,"max_hp_loss":0,"event_name":"Big Fish","floor":3,"gold_loss":0},{"damage_healed":0,"gold_gain":275,"player_choice":"Desecrate","damage_taken":0,"max_hp_gain":0,"max_hp_loss":0,"event_name":"Golden Shrine","floor":7,"gold_loss":0,"cards_obtained":["Regret"]},{"damage_healed":0,"gold_gain":90,"player_choice":"CARD CARD CARD CARD GOLD ","damage_taken":42,"max_hp_gain":0,"max_hp_loss":0,"event_name":"Knowing Skull","floor":19,"potions_obtained":[],"gold_loss":0,"cards_obtained":["Swift Strike","Deep Breath","Flash of Steel","Mind Blast"]}],"is_beta":true,"boss_relics":[{"not_picked":["WristBlade","Astrolabe"],"picked":"Runic Pyramid"}],"items_purged_floors":[14,21],"is_endless":false,"potions_floor_spawned":[5,10,11,13,20],"killed_by":"Sentry and Sphere","ascension_level":13}