{"gold_per_floor":[119,134,150,72,72,98,98,430,430,444,459,459,459,495,507,648,660,647,659],"floor_reached":19,"playtime":1134,"items_purged":[],"score":299,"play_id":"192a50ed-d0c5-48cf-b168-36651964a20c","local_time":"20190213162236","is_ascension_mode":true,"campfire_choices":[{"floor":7,"key":"REST"},{"floor":12,"key":"REST"},{"data":"Terror","floor":15,"key":"SMITH"}],"neow_cost":"NONE","seed_source_timestamp":5760949290110,"circlet_count":0,"master_deck":["AscendersBane","Defend_G","Defend_G","Defend_G","Defend_G","Defend_G","Strike_G","Strike_G","Strike_G","Strike_G","Strike_G","Survivor","Neutralize","PiercingWail","Deadly Poison","Dash","Skewer+1","After Image","Bouncing Flask","Accuracy","Terror+1","Glass Knife","Dodge and Roll+1"],"relics":["Ring of the Snake","Mummified Hand","Old Coin","Peace Pipe","Golden Idol","MawBank","Black Star"],"potions_floor_usage":[14],"damage_taken":[{"damage":0,"enemies":"Cultist","floor":1,"turns":4},{"damage":1,"enemies":"2 Louse","floor":2,"turns":2},{"damage":3,"enemies":"Jaw Worm","floor":3,"turns":6},{"damage":25,"enemies":"3 Sentries","floor":6,"turns":9},{"damage":19,"enemies":"Gremlin Nob","floor":8,"turns":4},{"damage":0,"enemies":"Looter","floor":10,"turns":4},{"damage":8,"enemies":"Large Slime","floor":11,"turns":7},{"damage":2,"enemies":"Lagavulin","floor":14,"turns":6},{"damage":28,"enemies":"The Guardian","floor":16,"turns":10},{"damage":15,"enemies":"2 Thieves","floor":18,"turns":5},{"damage":56,"enemies":"Colosseum Slavers","floor":19,"turns":4}],"seed_played":"8025203149747569496","potions_obtained":[{"floor":2,"key":"Dexterity Potion"},{"floor":6,"key":"SmokeBomb"},{"floor":8,"key":"Poison Potion"},{"floor":10,"key":"SkillPotion"}],"is_trial":false,"path_per_floor":["M","M","M","$","?","E","R","E","T","M","M","R","?","E","R","B",null,"M","?"],"character_chosen":"THE_SILENT","items_purchased":["Skewer"],"campfire_rested":2,"item_purchase_floors":[4],"current_hp_per_floor":[63,62,59,59,59,34,55,36,36,36,28,49,49,47,47,19,54,39,0],"gold":659,"neow_bonus":"THREE_CARDS","is_prod":false,"is_daily":false,"chose_seed":false,"campfire_upgraded":1,"win_rate":0,"timestamp":1550071356,"path_taken":["M","?","M","$","?","E","R","E","T","M","M","R","?","E","R","BOSS","M","?"],"build_version":"2019-01-23","purchased_purges":0,"victory":false,"max_hp_per_floor":[70,70,70,70,70,70,70,70,70,70,70,70,65,65,65,65,65,65,65],"card_choices":[{"not_picked":["Slice","Blade Dance"],"picked":"PiercingWail","floor":0},{"not_picked":["Calculated Gamble","Sucker Punch"],"picked":"Deadly Poison","floor":1},{"not_picked":["Heel Hook","Expertise","Underhanded Strike"],"picked":"SKIP","floor":2},{"not_picked":["Slice","All Out Attack"],"picked":"Dash","floor":3},{"not_picked":["Calculated Gamble","PiercingWail"],"picked":"After Image","floor":6},{"not_picked":["Slice","Blade Dance","Wraith Form v2"],"picked":"SKIP","floor":8},{"not_picked":["Deadly Poison","Backflip"],"picked":"Bouncing Flask","floor":10},{"not_picked":["Prepared","Dodge and Roll"],"picked":"Accuracy","floor":11},{"not_picked":["Dodge and Roll","Sucker Punch"],"picked":"Terror","floor":14},{"not_picked":["Tools of the Trade","Storm of Steel"],"picked":"Glass Knife","floor":16},{"not_picked":["Accuracy","Reflex"],"picked":"Dodge and Roll+1","floor":18}],"player_experience":329609,"relics_obtained":[{"floor":6,"key":"Mummified Hand"},{"floor":8,"key":"Old Coin"},{"floor":9,"key":"Peace Pipe"},{"floor":14,"key":"MawBank"}],"event_choices":[{"damage_healed":0,"gold_gain":0,"player_choice":"Grow","damage_taken":0,"max_hp_gain":0,"max_hp_loss":0,"event_name":"Living Wall","floor":5,"gold_loss":0,"cards_upgraded":["Skewer"]},{"damage_healed":0,"gold_gain":0,"player_choice":"Lose Max HP","damage_taken":0,"relics_obtained":["Golden Idol"],"max_hp_gain":0,"max_hp_loss":5,"event_name":"Golden Idol","floor":13,"gold_loss":0},{"damage_healed":0,"gold_gain":0,"player_choice":"Fight","damage_taken":0,"max_hp_gain":0,"max_hp_loss":0,"event_name":"Colosseum","floor":19,"gold_loss":0}],"is_beta":false,"boss_relics":[{"not_picked":["Coffee Dripper","Ectoplasm"],"picked":"Black Star"}],"items_purged_floors":[],"is_endless":false,"potions_floor_spawned":[2,6,8,10],"killed_by":"Colosseum Slavers","ascension_level":12}