{"gold_per_floor":[114,64,84,84,84,119,48,48,48,67,87,87,97,128,128,227,227,239,239,259,27,27,27,54,54,105,116,130,149,78,95,95,198,198,217,217,61,111,111,111,124,49,49,82,82,82,94,119,119,119],"floor_reached":50,"playtime":3587,"items_purged":["Regret"],"score":578,"play_id":"1c69ec6b-21c1-4105-a548-8a71a5583a65","local_time":"20190131195754","is_ascension_mode":false,"campfire_choices":[{"floor":8,"key":"REST"},{"data":"Rampage","floor":12,"key":"SMITH"},{"floor":15,"key":"REST"},{"floor":23,"key":"REST"},{"floor":25,"key":"REST"},{"floor":32,"key":"REST"},{"floor":40,"key":"REST"},{"floor":45,"key":"REST"},{"floor":49,"key":"REST"}],"neow_cost":"NONE","seed_source_timestamp":80454471790444,"circlet_count":0,"master_deck":["Strike_R","Strike_R","Strike_R","Strike_R","Strike_R","Defend_R","Defend_R","Defend_R","Defend_R","Bash","Rage+1","Twin Strike","Iron Wave","Clash","Rampage+1","Clothesline","Twin Strike","Combust+1","Impervious","Perfected Strike+1","Battle Trance","Panache","Shrug It Off","Reaper","Thunderclap","Combust","Seeing Red+1","Entrench","Body Slam+1","Shockwave+1","Barricade","Metallicize+1","Parasite","Flame Barrier+1","Combust+1"],"relics":["Burning Blood","Bronze Scales","WingedGreaves","Paper Frog","Cursed Key","Dream Catcher","Pen Nib","Fusion Hammer","Anchor","Gambling Chip","Bag of Preparation","Bottled Tornado"],"potions_floor_usage":[16,33,38,44,48,50,50],"damage_taken":[{"damage":10,"enemies":"Jaw Worm","floor":1,"turns":6},{"damage":7,"enemies":"2 Louse","floor":3,"turns":2},{"damage":61,"enemies":"Lagavulin","floor":6,"turns":9},{"damage":0,"enemies":"Cultist","floor":10,"turns":3},{"damage":2,"enemies":"Blue Slaver","floor":11,"turns":3},{"damage":2,"enemies":"Looter","floor":13,"turns":3},{"damage":12,"enemies":"3 Sentries","floor":14,"turns":6},{"damage":22,"enemies":"Slime Boss","floor":16,"turns":7},{"damage":7,"enemies":"Chosen","floor":18,"turns":4},{"damage":15,"enemies":"3 Byrds","floor":20,"turns":4},{"damage":48,"enemies":"Slavers","floor":24,"turns":5},{"damage":14,"enemies":"Snecko","floor":27,"turns":5},{"damage":3,"enemies":"Snake Plant","floor":28,"turns":3},{"damage":32,"enemies":"3 Cultists","floor":29,"turns":5},{"damage":11,"enemies":"Centurion and Healer","floor":31,"turns":3},{"damage":68,"enemies":"Collector","floor":33,"turns":7},{"damage":25,"enemies":"3 Darklings","floor":35,"turns":4},{"damage":52,"enemies":"2 Orb Walkers","floor":38,"turns":5},{"damage":9,"enemies":"3 Shapes","floor":41,"turns":3},{"damage":69,"enemies":"Giant Head","floor":44,"turns":9},{"damage":17,"enemies":"Writhing Mass","floor":47,"turns":8},{"damage":17,"enemies":"Reptomancer","floor":48,"turns":7},{"damage":76,"enemies":"Time Eater","floor":50,"turns":9}],"seed_played":"-1343749092043602064","potions_obtained":[{"floor":1,"key":"Strength Potion"},{"floor":3,"key":"Dexterity Potion"},{"floor":6,"key":"Strength Potion"},{"floor":16,"key":"SkillPotion"},{"floor":24,"key":"Swift Potion"},{"floor":27,"key":"Explosive Potion"},{"floor":33,"key":"Swift Potion"},{"floor":44,"key":"Explosive Potion"},{"floor":47,"key":"LiquidBronze"}],"is_trial":false,"path_per_floor":["M","$","M","?","?","E","$","R","T","M","M","R","M","E","R","B",null,"M","?","M","$","?","R","E","R","T","M","M","M","$","M","R","B",null,"M","?","$","?","?","R","M","$","T","E","R","$","M","E","R","B"],"character_chosen":"IRONCLAD","items_purchased":["Twin Strike","Uppercut","Panache","Shrug It Off","Entrench","Anchor"],"campfire_rested":8,"item_purchase_floors":[2,7,21,21,30,37],"current_hp_per_floor":[84,84,83,83,88,33,33,60,60,66,70,70,74,68,93,77,93,92,74,65,65,65,94,52,81,81,77,80,54,54,49,78,38,98,79,79,79,49,49,78,75,75,75,18,47,47,40,38,67,0],"gold":119,"neow_bonus":"TEN_PERCENT_HP_BONUS","is_prod":false,"is_daily":false,"chose_seed":false,"campfire_upgraded":1,"win_rate":0.0,"timestamp":1548986274,"path_taken":["M","$","M","?","?","E","$","R","T","M","M","R","?","E","R","BOSS","M","?","M","$","?","R","E","R","T","M","M","?","$","M","R","BOSS","M","?","$","?","?","R","M","?","T","E","R","$","M","E","R","BOSS"],"build_version":"2019-01-23","purchased_purges":1,"victory":false,"max_hp_per_floor":[88,88,88,88,93,93,93,93,93,93,93,93,93,93,93,93,93,93,98,98,98,98,98,98,98,98,98,98,98,98,98,98,98,98,98,98,98,98,98,98,98,98,98,98,98,98,98,98,98,98],"card_choices":[{"not_picked":["Hemokinesis","Wild Strike"],"picked":"Rage","floor":1},{"not_picked":["Pummel","Sever Soul"],"picked":"Iron Wave","floor":3},{"not_picked":["Pommel Strike","Shrug It Off"],"picked":"Clash","floor":6},{"not_picked":["Perfected Strike","Feed"],"picked":"Rampage","floor":10},{"not_picked":["Infernal Blade","Wild Strike"],"picked":"Clothesline","floor":11},{"not_picked":["Wild Strike","Carnage"],"picked":"Twin Strike","floor":13},{"not_picked":["Offering","Anger"],"picked":"Combust","floor":14},{"not_picked":["Bludgeon","Dark Embrace"],"picked":"Impervious","floor":16},{"not_picked":["Thunderclap","Blood for Blood"],"picked":"Perfected Strike+1","floor":18},{"not_picked":["Cleave+1","Flex"],"picked":"Battle Trance","floor":20},{"not_picked":["Evolve","Intimidate"],"picked":"Reaper","floor":24},{"not_picked":["Blood for Blood","Power Through"],"picked":"Thunderclap","floor":27},{"not_picked":["Warcry+1","Clothesline"],"picked":"Combust","floor":28},{"not_picked":["Uppercut","Headbutt+1"],"picked":"Seeing Red+1","floor":29},{"not_picked":["Pummel","Armaments"],"picked":"Body Slam+1","floor":31},{"not_picked":["Flex","Thunderclap+1"],"picked":"Shockwave+1","floor":32},{"not_picked":["Limit Break","Impervious"],"picked":"Barricade","floor":33},{"not_picked":["Sword Boomerang","Thunderclap","Cleave"],"picked":"SKIP","floor":35},{"not_picked":["Pommel Strike","Flex"],"picked":"Metallicize+1","floor":40},{"not_picked":["Pummel+1","Bloodletting","Thunderclap+1"],"picked":"SKIP","floor":41},{"not_picked":["Flex+1","Heavy Blade+1","Anger"],"picked":"SKIP","floor":44},{"not_picked":["Clothesline","Entrench+1"],"picked":"Flame Barrier+1","floor":47},{"not_picked":["Headbutt","Infernal Blade","Bludgeon"],"picked":"SKIP","floor":48},{"not_picked":["Battle Trance","Clothesline"],"picked":"Combust+1","floor":49}],"player_experience":59176,"relics_obtained":[{"floor":6,"key":"Bronze Scales"},{"floor":9,"key":"WingedGreaves"},{"floor":14,"key":"Paper Frog"},{"floor":24,"key":"Dream Catcher"},{"floor":26,"key":"Pen Nib"},{"floor":38,"key":"Gambling Chip"},{"floor":44,"key":"Bag of Preparation"},{"floor":48,"key":"Bottled Tornado"}],"event_choices":[{"damage_healed":0,"gold_gain":0,"player_choice":"Grow","damage_taken":0,"max_hp_gain":0,"max_hp_loss":0,"event_name":"Living Wall","floor":4,"gold_loss":0,"cards_upgraded":["Rage"]},{"damage_healed":0,"gold_gain":0,"player_choice":"Donut","damage_taken":0,"max_hp_gain":5,"max_hp_loss":0,"event_name":"Big Fish","floor":5,"gold_loss":0},{"damage_healed":0,"gold_gain":0,"player_choice":"Shed Blood","damage_taken":23,"max_hp_gain":5,"max_hp_loss":0,"event_name":"Forgotten Altar","floor":19,"gold_loss":0},{"damage_healed":0,"gold_gain":0,"player_choice":"Upgraded","damage_taken":0,"max_hp_gain":0,"max_hp_loss":0,"event_name":"Upgrade Shrine","floor":22,"gold_loss":0,"cards_upgraded":["Combust"]},{"cards_removed":["Uppercut"],"damage_healed":0,"gold_gain":0,"player_choice":"Removed Attack","damage_taken":0,"max_hp_gain":0,"max_hp_loss":0,"event_name":"Falling","floor":36,"gold_loss":0},{"damage_healed":0,"gold_gain":0,"player_choice":"Fight","damage_taken":0,"max_hp_gain":0,"max_hp_loss":0,"event_name":"Mysterious Sphere","floor":38,"gold_loss":0},{"damage_healed":0,"gold_gain":0,"player_choice":"Ignored","damage_taken":0,"max_hp_gain":0,"max_hp_loss":0,"event_name":"Tomb of Lord Red Mask","floor":39,"gold_loss":0}],"is_beta":false,"boss_relics":[{"not_picked":["Tiny House","White Beast Statue"],"picked":"Cursed Key"},{"not_picked":["Empty Cage","Sozu"],"picked":"Fusion Hammer"}],"items_purged_floors":[42],"is_endless":false,"potions_floor_spawned":[1,3,6,16,24,27,28,33,44,47],"killed_by":"Time Eater","ascension_level":0}