{"gold_per_floor":[112,187,187,202,218,243,243,254,336,336,355,369,369,397,397,494,494,504,238,188,208,224,224],"floor_reached":23,"playtime":979,"items_purged":[],"score":244,"play_id":"be48e3e4-c607-40e2-958a-9c6b14ea61fb","local_time":"20190207191156","is_ascension_mode":true,"campfire_choices":[{"data":"Armaments","floor":7,"key":"SMITH"},{"floor":10,"key":"REST"},{"floor":13,"key":"REST"},{"data":"True Grit","floor":15,"key":"SMITH"}],"neow_cost":"NONE","seed_source_timestamp":13462930030828,"circlet_count":0,"master_deck":["Strike_R","Strike_R","Strike_R","Strike_R","Strike_R","Defend_R","Defend_R","Defend_R","Defend_R","Bash","Madness","Pommel Strike","Armaments+1","Flex","True Grit+1","Flame Barrier","Headbutt","Demon Form","Metallicize","Shrug It Off","Iron Wave"],"relics":["Burning Blood","Calipers","Vajra","Letter Opener","Mark of Pain","Pantograph"],"potions_floor_usage":[16,16,16,22],"damage_taken":[{"damage":8,"enemies":"Jaw Worm","floor":1,"turns":4},{"damage":6,"enemies":"Cultist","floor":4,"turns":3},{"damage":4,"enemies":"Small Slimes","floor":5,"turns":4},{"damage":55,"enemies":"Lagavulin","floor":6,"turns":7},{"damage":14,"enemies":"Red Slaver","floor":8,"turns":3},{"damage":1,"enemies":"Exordium Wildlife","floor":11,"turns":4},{"damage":0,"enemies":"2 Fungi Beasts","floor":12,"turns":4},{"damage":8,"enemies":"Gremlin Nob","floor":14,"turns":3},{"damage":33,"enemies":"The Guardian","floor":16,"turns":13},{"damage":24,"enemies":"Spheric Guardian","floor":18,"turns":4},{"damage":25,"enemies":"Chosen","floor":21,"turns":7},{"damage":28,"enemies":"Centurion and Healer","floor":22,"turns":10},{"damage":33,"enemies":"Gremlin Leader","floor":23,"turns":5}],"seed_played":"831859538020974560","potions_obtained":[{"floor":4,"key":"Dexterity Potion"},{"floor":8,"key":"Explosive Potion"},{"floor":14,"key":"Dexterity Potion"},{"floor":21,"key":"Swift Potion"}],"is_trial":false,"path_per_floor":["M","?","?","M","M","E","R","M","T","R","M","M","R","E","R","B",null,"M","$","?","M","M","E"],"character_chosen":"IRONCLAD","items_purchased":["Pantograph","Shrug It Off"],"campfire_rested":2,"item_purchase_floors":[19,19],"current_hp_per_floor":[78,67,64,64,66,17,17,9,9,33,38,44,68,66,66,39,80,62,62,62,43,21,0],"gold":224,"neow_bonus":"RANDOM_COLORLESS","is_prod":false,"is_daily":false,"chose_seed":false,"campfire_upgraded":2,"win_rate":0,"timestamp":1549563116,"path_taken":["M","?","?","?","M","E","R","M","T","R","?","M","R","E","R","BOSS","M","$","?","M","M","E"],"build_version":"2019-01-23","purchased_purges":0,"victory":false,"max_hp_per_floor":[80,80,80,80,80,80,80,80,80,80,80,80,80,80,80,80,80,80,80,80,80,80,80],"card_choices":[{"not_picked":["Warcry","Anger","Clothesline"],"picked":"SKIP","floor":1},{"not_picked":["Wild Strike","Anger"],"picked":"Pommel Strike","floor":4},{"not_picked":["Immolate","Clothesline"],"picked":"Armaments","floor":5},{"not_picked":["Second Wind","Armaments"],"picked":"Flex","floor":6},{"not_picked":["Clothesline","Fire Breathing"],"picked":"True Grit","floor":8},{"not_picked":["Demon Form","Infernal Blade"],"picked":"Flame Barrier","floor":11},{"not_picked":["Wild Strike","Twin Strike"],"picked":"Headbutt","floor":12},{"not_picked":["Reckless Charge","Clothesline","Fiend Fire"],"picked":"SKIP","floor":14},{"not_picked":["Double Tap","Berserk"],"picked":"Demon Form","floor":16},{"not_picked":["Wild Strike+1","Sword Boomerang"],"picked":"Metallicize","floor":18},{"not_picked":["Clash","Pommel Strike+1","Sword Boomerang"],"picked":"SKIP","floor":21},{"not_picked":["Blood for Blood","Burning Pact"],"picked":"Iron Wave","floor":22}],"player_experience":231727,"relics_obtained":[{"floor":6,"key":"Vajra"},{"floor":14,"key":"Letter Opener"}],"event_choices":[{"damage_healed":0,"gold_gain":75,"player_choice":"Gather Gold","damage_taken":11,"max_hp_gain":0,"max_hp_loss":0,"event_name":"World of Goop","floor":2,"gold_loss":0},{"damage_healed":0,"gold_gain":0,"player_choice":"Success","damage_taken":3,"relics_obtained":["Calipers"],"max_hp_gain":0,"max_hp_loss":0,"event_name":"Scrap Ooze","floor":3,"gold_loss":0},{"damage_healed":0,"gold_gain":0,"player_choice":"Bet on Owner","damage_taken":0,"max_hp_gain":0,"max_hp_loss":0,"event_name":"The Joust","floor":20,"gold_loss":50}],"is_beta":false,"boss_relics":[{"not_picked":["Eternal Feather","Snecko Eye"],"picked":"Mark of Pain"}],"items_purged_floors":[],"is_endless":false,"potions_floor_spawned":[4,8,14,21],"killed_by":"Gremlin Leader","ascension_level":4}