{"gold_per_floor":[13,13,13,13,23,23,56,56,80,80,2,2,18,29,29,29],"floor_reached":16,"playtime":504,"items_purged":[],"score":132,"play_id":"1bf58d93-67ac-4b7b-a7a3-458f5cb56800","local_time":"20190116211257","is_ascension_mode":true,"campfire_choices":[{"data":"Metallicize","floor":6,"key":"SMITH"},{"data":"Bash","floor":8,"key":"SMITH"},{"data":"Carnage","floor":15,"key":"SMITH"}],"neow_cost":"NO_GOLD","seed_source_timestamp":536519307332847,"circlet_count":0,"master_deck":["Strike_R","Defend_R","Defend_R","Defend_R","Defend_R","Bash+1","Carnage+1","Metallicize+1","Cleave","Dropkick","Battle Trance"],"relics":["Burning Blood","Ancient Tea Set","Bag of Marbles","PreservedInsect"],"potions_floor_usage":[7,16],"damage_taken":[{"damage":10,"enemies":"Small Slimes","floor":1,"turns":5},{"damage":1,"enemies":"2 Louse","floor":5,"turns":3},{"damage":13,"enemies":"3 Sentries","floor":7,"turns":7},{"damage":0,"enemies":"Jaw Worm","floor":13,"turns":2},{"damage":0,"enemies":"3 Louse","floor":14,"turns":1},{"damage":73,"enemies":"Hexaghost","floor":16,"turns":11}],"seed_played":"7121944627469506558","potions_obtained":[{"floor":1,"key":"SkillPotion"},{"floor":5,"key":"Fire Potion"}],"is_trial":false,"path_per_floor":["M","?","?","?","M","R","E","R","T","$","$","?","M","M","R","B"],"character_chosen":"IRONCLAD","items_purchased":["Battle Trance"],"campfire_rested":0,"item_purchase_floors":[11],"current_hp_per_floor":[68,68,65,65,70,70,63,63,63,63,63,56,62,68,68,0],"gold":29,"neow_bonus":"REMOVE_TWO","is_prod":false,"is_daily":false,"chose_seed":false,"campfire_upgraded":3,"win_rate":0,"timestamp":1547673177,"path_taken":["M","?","?","?","M","R","E","R","T","?","$","?","?","M","R","BOSS"],"build_version":"2019-01-14v2","purchased_purges":0,"victory":false,"max_hp_per_floor":[80,80,80,80,80,80,80,80,80,80,80,80,80,80,80,80],"card_choices":[{"not_picked":["Second Wind","Shrug It Off"],"picked":"Carnage","floor":1},{"not_picked":["Perfected Strike","Wild Strike"],"picked":"Cleave","floor":5},{"not_picked":["Combust","Clash"],"picked":"Dropkick","floor":7},{"not_picked":["Havoc","Sword Boomerang","Headbutt"],"picked":"SKIP","floor":13},{"not_picked":["Thunderclap","Sword Boomerang","Hemokinesis"],"picked":"SKIP","floor":14}],"player_experience":423890,"relics_obtained":[{"floor":7,"key":"Bag of Marbles"},{"floor":9,"key":"PreservedInsect"}],"event_choices":[{"damage_healed":0,"gold_gain":0,"player_choice":"Leave","damage_taken":0,"max_hp_gain":0,"max_hp_loss":0,"event_name":"The Cleric","floor":2,"gold_loss":0},{"damage_healed":0,"gold_gain":0,"player_choice":"Success","damage_taken":3,"relics_obtained":["Ancient Tea Set"],"max_hp_gain":0,"max_hp_loss":0,"event_name":"Scrap Ooze","floor":3,"gold_loss":0},{"damage_healed":0,"gold_gain":0,"cards_transformed":["Strike_R"],"player_choice":"Change","damage_taken":0,"max_hp_gain":0,"max_hp_loss":0,"event_name":"Living Wall","floor":4,"gold_loss":0,"cards_obtained":["Metallicize"]},{"cards_removed":["Strike_R"],"damage_healed":0,"gold_gain":0,"player_choice":"Card Removal","damage_taken":7,"max_hp_gain":0,"max_hp_loss":0,"event_name":"Golden Wing","floor":12,"gold_loss":0}],"is_beta":true,"boss_relics":[],"items_purged_floors":[],"is_endless":false,"potions_floor_spawned":[1,5],"killed_by":"Hexaghost","ascension_level":7}