{"gold_per_floor":[114,28,28,42,217,217,245,257,269,298,310,338,364,23,23,120,120,132,231,61,61,1],"floor_reached":22,"playtime":857,"items_purged":["Strike_R"],"score":246,"play_id":"49c1773a-ef8e-409a-8780-0c6fec8a12f7","local_time":"20190116043225","is_ascension_mode":true,"campfire_choices":[{"data":"True Grit","floor":6.0,"key":"SMITH"},{"data":"Anger","floor":8.0,"key":"SMITH"},{"floor":15.0,"key":"REST"}],"neow_cost":"TEN_PERCENT_HP_LOSS","seed_source_timestamp":0,"circlet_count":0,"master_deck":["Strike_R","Strike_R","Defend_R","Defend_R","Defend_R","Bash","Blood for Blood","Inflame","Evolve","Madness","True Grit+1","Doubt","Anger+1","Battle Trance","Immolate","Exhume","Spot Weakness+1","Metamorphosis"],"special_seed":0,"relics":["Burning Blood","MawBank","Girya","Sundial","ClockworkSouvenir","Mark of Pain"],"potions_floor_usage":[],"damage_taken":[{"damage":9.0,"enemies":"Jaw Worm","floor":1.0,"turns":3.0},{"damage":1.0,"enemies":"Small Slimes","floor":4.0,"turns":4.0},{"damage":30.0,"enemies":"Lagavulin","floor":7.0,"turns":7.0},{"damage":5.0,"enemies":"Cultist","floor":10.0,"turns":4.0},{"damage":15.0,"enemies":"2 Fungi Beasts","floor":12.0,"turns":3.0},{"damage":21.0,"enemies":"Lots of Slimes","floor":13.0,"turns":4.0},{"damage":15.0,"enemies":"Hexaghost","floor":16.0,"turns":7.0},{"damage":32.0,"enemies":"3 Byrds","floor":18.0,"turns":5.0},{"damage":30,"enemies":"2 Thieves","floor":22,"turns":2}],"seed_played":"-5526167844320698763","potions_obtained":[{"floor":1.0,"key":"SteroidPotion"},{"floor":7.0,"key":"GamblersBrew"},{"floor":12.0,"key":"SneckoOil"}],"is_trial":false,"path_per_floor":["M","$","?","M","?","R","E","R","T","M","T","M","M","$","R","B",null,"M","?","$","?","M"],"character_chosen":"IRONCLAD","items_purchased":["Madness","Immolate","ClockworkSouvenir","Metamorphosis"],"campfire_rested":1,"item_purchase_floors":[2,14,14,20],"current_hp_per_floor":[69,69,69,72,72,72,48,48,48,49,49,40,25,25,46,37,63,37,37,37,24,0],"gold":1,"neow_bonus":"TRANSFORM_TWO_CARDS","is_prod":false,"is_daily":false,"chose_seed":false,"campfire_upgraded":2,"win_rate":0,"timestamp":1547613145,"path_taken":["M","$","?","M","?","R","E","R","T","M","?","M","M","$","R","BOSS","M","?","$","?","?"],"build_version":"2019-01-14v2","purchased_purges":1,"victory":false,"max_hp_per_floor":[72,72,72,72,72,72,72,72,72,72,72,72,72,72,72,72,72,72,72,72,77,77],"card_choices":[{"not_picked":["Armaments","Twin Strike"],"picked":"Evolve","floor":1.0},{"not_picked":["Bloodletting","Entrench"],"picked":"True Grit","floor":4.0},{"not_picked":["Flame Barrier","Clash"],"picked":"Anger","floor":7.0},{"not_picked":["Juggernaut","Bloodletting"],"picked":"Battle Trance","floor":10.0},{"not_picked":["Sever Soul","Thunderclap","Dual Wield"],"picked":"SKIP","floor":12.0},{"not_picked":["Armaments","Perfected Strike","Entrench"],"picked":"SKIP","floor":13.0},{"not_picked":["Impervious","Feed"],"picked":"Exhume","floor":16.0},{"not_picked":["Sentinel","Heavy Blade"],"picked":"Spot Weakness+1","floor":18.0}],"player_experience":418632,"relics_obtained":[{"floor":7.0,"key":"MawBank"},{"floor":9.0,"key":"Girya"},{"floor":11.0,"key":"Sundial"}],"event_choices":[{"cards_removed":["Strike_R"],"damage_healed":0.0,"max_hp_gain":0.0,"max_hp_loss":0.0,"gold_gain":0.0,"event_name":"Living Wall","player_choice":"Forget","floor":3.0,"gold_loss":0.0,"damage_taken":0.0},{"damage_healed":0.0,"max_hp_gain":0.0,"max_hp_loss":0.0,"gold_gain":175.0,"event_name":"Liars Game","player_choice":"AGREE","floor":5.0,"gold_loss":0.0,"damage_taken":0.0,"cards_obtained":["Doubt"]},{"damage_healed":0.0,"max_hp_gain":0.0,"max_hp_loss":0.0,"gold_gain":99.0,"event_name":"Nest","player_choice":"Stole From Cult","floor":19.0,"gold_loss":0.0,"damage_taken":0.0},{"damage_healed":0.0,"max_hp_gain":5.0,"max_hp_loss":0.0,"gold_gain":0.0,"event_name":"Forgotten Altar","player_choice":"Shed Blood","floor":21.0,"gold_loss":0.0,"damage_taken":18.0}],"is_beta":true,"boss_relics":[{"not_picked":["Black Blood","Cursed Key"],"picked":"Mark of Pain"}],"items_purged_floors":[14],"is_endless":false,"potions_floor_spawned":[1,7,12],"killed_by":"2 Thieves","ascension_level":7}