{"path_per_floor":["M","?","?","$","M","R","M","R","T","R","M","M","$","M","R","B",null,"M","$","M","M","M","R","M","R","T","?","M","R","?","M","R","B",null,"M","?","M","$","?","R","M","M","T","R","?","?","M","$","R","B"],"character_chosen":"DEFECT","items_purchased":["Deep Breath","Thinking Ahead","Master of Strategy","Recycle","Flash of Steel"],"gold_per_floor":[211,211,386,44,55,55,75,75,75,75,87,97,97,116,116,213,243,261,21,36,46,62,62,75,75,98,98,117,117,117,127,127,224,224,241,241,259,54,54,54,68,87,87,87,87,87,107,107,107,107],"floor_reached":51,"campfire_rested":2,"playtime":3627,"current_hp_per_floor":[74,74,74,74,74,74,74,74,74,74,72,68,68,68,68,54,80,68,68,56,56,54,54,24,24,24,24,10,34,34,25,49,23,80,80,80,80,80,80,80,74,73,73,73,73,73,73,73,73,55],"items_purged":["Doubt","Stack"],"gold":107,"score":647,"play_id":"804b0f49-7424-4184-97a3-b930e922f85f","local_time":"20180506230626","is_prod":false,"is_daily":false,"chose_seed":false,"is_ascension_mode":true,"campfire_upgraded":9,"timestamp":1525673186,"path_taken":["M","?","?","$","?","R","M","R","T","R","M","M","$","M","R","BOSS","M","$","M","M","M","R","M","R","T","?","M","R","?","M","R","BOSS","M","?","?","$","?","R","M","M","T","R","?","?","M","?","R","BOSS"],"build_version":"2018-05-03","seed_source_timestamp":1656863935931999,"purchased_purges":2,"victory":true,"master_deck":["Zap+1","Dualcast+1","Sweeping Beam+1","Injury","Deep Breath+1","Thinking Ahead+1","Double Energy+1","All For One","Turbo+1","Master of Strategy","Recycle+1","Seek+1","Chaos","Turbo","Leap","Coolheaded","Rebound","Auto Shields","Coolheaded","Skim+1","Flash of Steel"],"max_hp_per_floor":[75,75,75,75,75,75,75,75,75,75,75,75,75,75,75,75,80,80,80,80,80,80,80,80,80,80,80,80,80,80,80,80,80,80,80,80,80,80,80,80,80,80,80,80,80,80,80,80,80,80],"relics":["Cracked Core","Gambling Chip","Tiny House","Bag of Marbles","Pandora\u0027s Box","Gremlin Horn"],"card_choices":[{"not_picked":["Rip and Tear","Reinforced Body"],"picked":"Sweeping Beam","floor":1},{"not_picked":["Ball Lightning","Thunder Strike"],"picked":"Double Energy","floor":7},{"not_picked":["Creative AI","Reboot"],"picked":"All For One","floor":16},{"not_picked":["Doom and Gloom","Ball Lightning"],"picked":"Turbo","floor":18},{"not_picked":["Prime","All For One"],"picked":"Seek","floor":33},{"not_picked":["Barrage","Axe Kick"],"picked":"Skim","floor":35}],"player_experience":168576,"potions_floor_usage":[16,18,21,24,31,33,33,41,50,50,50],"damage_taken":[{"damage":1,"enemies":"Jaw Worm","floor":1,"turns":3},{"damage":0,"enemies":"Cultist","floor":5,"turns":4},{"damage":0,"enemies":"Small Slimes","floor":7,"turns":2},{"damage":2,"enemies":"Blue Slaver","floor":11,"turns":2},{"damage":4,"enemies":"Gremlin Gang","floor":12,"turns":3},{"damage":0,"enemies":"Lots of Slimes","floor":14,"turns":1},{"damage":14,"enemies":"Slime Boss","floor":16,"turns":8},{"damage":12,"enemies":"Shell Parasite","floor":18,"turns":3},{"damage":12,"enemies":"2 Thieves","floor":20,"turns":4},{"damage":0,"enemies":"Snecko","floor":21,"turns":2},{"damage":2,"enemies":"Sentry and Sphere","floor":22,"turns":3},{"damage":30,"enemies":"3 Cultists","floor":24,"turns":5},{"damage":14,"enemies":"Centurion and Healer","floor":28,"turns":7},{"damage":9,"enemies":"Snake Plant","floor":31,"turns":2},{"damage":26,"enemies":"Champ","floor":33,"turns":8},{"damage":0,"enemies":"3 Shapes","floor":35,"turns":3},{"damage":0,"enemies":"Orb Walker","floor":37,"turns":1},{"damage":6,"enemies":"4 Shapes","floor":41,"turns":3},{"damage":1,"enemies":"Sphere and 2 Shapes","floor":42,"turns":2},{"damage":0,"enemies":"Maw","floor":47,"turns":2},{"damage":18,"enemies":"Donu and Deca","floor":50,"turns":5}],"event_choices":[{"event_name":"Accursed Blacksmith","player_choice":"Forge","floor":2,"damage_taken":0},{"event_name":"Liars Game","player_choice":"agreed","floor":3,"damage_taken":0},{"event_name":"The Mausoleum","player_choice":"No","floor":27,"damage_taken":0},{"event_name":"Cursed Tome","player_choice":"Ignored","floor":30,"damage_taken":0},{"event_name":"Tomb of Lord Red Mask","player_choice":"Ignored","floor":36,"damage_taken":0},{"event_name":"Mysterious Sphere","player_choice":"Ignore","floor":39,"damage_taken":0},{"event_name":"The Lab","player_choice":"Got Potions","floor":45,"damage_taken":0},{"event_name":"SecretPortal","player_choice":"Rejected Portal.","floor":46,"damage_taken":0}],"boss_relics":[{"not_picked":["Black Star","Inserter"],"picked":"Tiny House"},{"not_picked":["Snecko Eye","Astrolabe"],"picked":"Pandora\u0027s Box"}],"potions_floor_spawned":[1,5,12,22,28,31,33,35,42,47],"seed_played":"-3599482763583113155","ascension_level":1,"is_trial":false}