{"gold_per_floor":[119,294,308,258,20,20,20,20,75,106,106,23,23,43,43,141,141,161,73,33,28,44,44,60,71,94,94,429,429,463,463],"floor_reached":31,"playtime":1154,"items_purged":["Strike_B"],"score":445,"play_id":"f9254189-7ef4-4ce3-92c1-fd02e9a44b21","local_time":"20190201213049","is_ascension_mode":true,"campfire_choices":[{"data":"Magnetism","floor":6,"key":"SMITH"},{"data":"Darkness","floor":8,"key":"SMITH"},{"data":"Defragment","floor":11,"key":"SMITH"},{"data":"Jack Of All Trades","floor":15,"key":"SMITH"},{"data":"Bandage Up","floor":23,"key":"SMITH"}],"neow_cost":"NONE","seed_source_timestamp":22440457705564,"circlet_count":0,"master_deck":["AscendersBane","Strike_B","Strike_B","Strike_B","Defend_B","Defend_B","Defend_B","Defend_B","Zap","Dualcast","Cold Snap","Darkness+1","Magnetism+1","Defragment+1","Jack Of All Trades+1","Leap","Echo Form","Defragment","Bandage Up+1","Loop+1","Chill","Buffer","Buffer"],"relics":["Cracked Core","NeowsBlessing","Bag of Marbles","Vajra","Ancient Tea Set","Mercury Hourglass","Coffee Dripper","Omamori","Old Coin"],"potions_floor_usage":[21,21,25,25,31],"damage_taken":[{"damage":0,"enemies":"2 Louse","floor":1,"turns":1},{"damage":0,"enemies":"Small Slimes","floor":3,"turns":1},{"damage":0,"enemies":"Gremlin Nob","floor":10,"turns":1},{"damage":10,"enemies":"Jaw Worm","floor":14,"turns":2},{"damage":24,"enemies":"Slime Boss","floor":16,"turns":5},{"damage":16,"enemies":"3 Byrds","floor":18,"turns":4},{"damage":3,"enemies":"2 Thieves","floor":21,"turns":4},{"damage":3,"enemies":"Snake Plant","floor":22,"turns":6},{"damage":14,"enemies":"Cultist and Chosen","floor":24,"turns":6},{"damage":2,"enemies":"Centurion and Healer","floor":25,"turns":6},{"damage":20,"enemies":"Book of Stabbing","floor":28,"turns":7},{"damage":33,"enemies":"Shelled Parasite and Fungi","floor":30,"turns":14},{"damage":42,"enemies":"Gremlin Leader","floor":31,"turns":2}],"seed_played":"-7658977938288629436","potions_obtained":[{"floor":3,"key":"Fire Potion"},{"floor":10,"key":"SpeedPotion"},{"floor":20,"key":"SkillPotion"},{"floor":21,"key":"Dexterity Potion"},{"floor":24,"key":"Regen Potion"},{"floor":28,"key":"SteroidPotion"},{"floor":30,"key":"EssenceOfSteel"}],"is_trial":false,"path_per_floor":["M","?","M","?","$","R","?","R","T","E","R","$","T","M","R","B",null,"M","$","?","M","M","R","M","M","T","?","E","?","M","E"],"character_chosen":"DEFECT","items_purchased":["Magnetism","Jack Of All Trades","Bandage Up"],"campfire_rested":0,"item_purchase_floors":[5,12,19],"current_hp_per_floor":[68,68,68,68,68,68,56,56,56,56,56,56,56,46,46,22,62,46,46,46,47,48,48,40,65,65,65,57,57,36,0],"gold":463,"neow_bonus":"THREE_ENEMY_KILL","is_prod":false,"is_daily":false,"chose_seed":false,"campfire_upgraded":5,"win_rate":0,"timestamp":1549056649,"path_taken":["M","?","M","?","$","R","?","R","T","E","R","$","?","M","R","BOSS","M","$","?","M","?","R","M","?","T","?","E","?","M","E"],"build_version":"2019-01-23","purchased_purges":1,"victory":false,"max_hp_per_floor":[75,75,75,75,75,75,75,75,75,75,75,75,75,75,75,75,75,75,75,75,75,75,75,75,75,75,75,75,75,75,75],"card_choices":[{"not_picked":["Turbo","Steam"],"picked":"Cold Snap","floor":1},{"not_picked":["Barrage","Ball Lightning"],"picked":"Darkness","floor":3},{"not_picked":["Consume","Steam Power"],"picked":"Defragment","floor":10},{"not_picked":["Aggregate","Sunder"],"picked":"Leap","floor":14},{"not_picked":["Machine Learning","Rainbow"],"picked":"Echo Form","floor":16},{"not_picked":["Compile Driver","Hologram"],"picked":"Defragment","floor":18},{"not_picked":["Redo","Stack"],"picked":"Loop+1","floor":21},{"not_picked":["Blizzard","Streamline+1","Sweeping Beam"],"picked":"SKIP","floor":22},{"not_picked":["Compile Driver","Double Energy+1","Stack"],"picked":"SKIP","floor":24},{"not_picked":["Barrage","Skim"],"picked":"Chill","floor":25},{"not_picked":["Meteor Strike","Consume"],"picked":"Buffer","floor":28},{"not_picked":["Stack","Reprogram","Hologram"],"picked":"SKIP","floor":30}],"player_experience":544892,"relics_obtained":[{"floor":9,"key":"Vajra"},{"floor":10,"key":"Ancient Tea Set"},{"floor":13,"key":"Mercury Hourglass"},{"floor":26,"key":"Omamori"},{"floor":28,"key":"Old Coin"}],"event_choices":[{"damage_healed":0,"gold_gain":175,"player_choice":"AGREE","damage_taken":0,"max_hp_gain":0,"max_hp_loss":0,"event_name":"Liars Game","floor":2,"gold_loss":0,"cards_obtained":["Doubt"]},{"cards_removed":["Doubt"],"damage_healed":0,"gold_gain":0,"player_choice":"Card Removal","damage_taken":0,"max_hp_gain":0,"max_hp_loss":0,"event_name":"The Cleric","floor":4,"gold_loss":50},{"damage_healed":0,"gold_gain":0,"player_choice":"Success","damage_taken":12,"relics_obtained":["Bag of Marbles"],"max_hp_gain":0,"max_hp_loss":0,"event_name":"Scrap Ooze","floor":7,"gold_loss":0},{"damage_healed":0,"gold_gain":0,"player_choice":"Bought 3 Potions","damage_taken":0,"max_hp_gain":0,"max_hp_loss":0,"event_name":"The Woman in Blue","floor":20,"gold_loss":0},{"damage_healed":0,"gold_gain":0,"player_choice":"Read","damage_taken":0,"max_hp_gain":0,"max_hp_loss":0,"event_name":"The Library","floor":27,"gold_loss":0,"cards_obtained":["Buffer"]},{"damage_healed":0,"gold_gain":0,"player_choice":"Ignored","damage_taken":0,"max_hp_gain":0,"max_hp_loss":0,"event_name":"Vampires","floor":29,"gold_loss":0}],"is_beta":true,"boss_relics":[{"not_picked":["Black Star","Runic Dome"],"picked":"Coffee Dripper"}],"items_purged_floors":[5],"is_endless":false,"potions_floor_spawned":[3,10,21,24,28,30],"killed_by":"Gremlin Leader","ascension_level":12}