{"gold_per_floor":[213,56,74,74,74,100,100,100,100,100,114,145,164,180,180,280,280,295,295,295,314,334,359,46,63,86,112,126,126,157,88,88,193,193,207,207,257,257,185,211,211,243,270,289,315,315,315,343,343,343],"floor_reached":51,"playtime":3031,"items_purged":[],"score":1542,"play_id":"8d6b4b48-b7b3-4693-a76f-93dd0ebde13e","local_time":"20190213152756","is_ascension_mode":true,"campfire_choices":[{"floor":7,"key":"REST"},{"floor":10,"key":"REST"},{"data":"Cloak And Dagger","floor":15,"key":"SMITH"},{"floor":29,"key":"REST"},{"data":"Noxious Fumes","floor":32,"key":"SMITH"},{"floor":41,"key":"REST"},{"data":"After Image","floor":46,"key":"SMITH"},{"floor":49,"key":"REST"}],"neow_cost":"NONE","seed_source_timestamp":480312400374,"circlet_count":0,"master_deck":["AscendersBane","Defend_G+1","Defend_G+1","Defend_G+1","Defend_G+1","Defend_G+1","Strike_G+1","Strike_G+1","Strike_G+1","Survivor","Neutralize+1","Cloak And Dagger+1","Glass Knife+1","Infinite Blades","Deadly Poison","Crippling Poison+1","Infinite Blades","Dash","After Image+1","Deflect+1","Slice","Deflect+1","Infinite Blades","PiercingWail+1","Leg Sweep","Noxious Fumes+1","Corpse Explosion","Cloak And Dagger+1","Blade Dance+1","Eviscerate+1"],"relics":["Ring of the Snake","Shuriken","Paper Crane","Kunai","Sozu","Orichalcum","Gambling Chip","Regal Pillow","Lantern","Smiling Mask","Runic Pyramid","Torii","Thread and Needle","Dodecahedron","Snake Skull","Dream Catcher","Bag of Marbles","Vajra"],"potions_floor_usage":[6],"damage_taken":[{"damage":0,"enemies":"Small Slimes","floor":1,"turns":4},{"damage":0,"enemies":"2 Louse","floor":3,"turns":2},{"damage":21,"enemies":"3 Sentries","floor":6,"turns":9},{"damage":0,"enemies":"Cultist","floor":11,"turns":2},{"damage":14,"enemies":"Gremlin Nob","floor":12,"turns":4},{"damage":13,"enemies":"Large Slime","floor":13,"turns":6},{"damage":0,"enemies":"Red Slaver","floor":14,"turns":2},{"damage":22,"enemies":"Slime Boss","floor":16,"turns":9},{"damage":0,"enemies":"Shell Parasite","floor":18,"turns":6},{"damage":0,"enemies":"3 Byrds","floor":21,"turns":6},{"damage":2,"enemies":"Snake Plant","floor":22,"turns":5},{"damage":6,"enemies":"Book of Stabbing","floor":23,"turns":6},{"damage":3,"enemies":"Sentry and Sphere","floor":25,"turns":5},{"damage":0,"enemies":"Gremlin Leader","floor":27,"turns":6},{"damage":0,"enemies":"Cultist and Chosen","floor":28,"turns":5},{"damage":0,"enemies":"Book of Stabbing","floor":30,"turns":5},{"damage":0,"enemies":"Automaton","floor":33,"turns":9},{"damage":0,"enemies":"Orb Walker","floor":35,"turns":4},{"damage":21,"enemies":"2 Orb Walkers","floor":37,"turns":6},{"damage":0,"enemies":"Reptomancer","floor":40,"turns":8},{"damage":0,"enemies":"Giant Head","floor":42,"turns":8},{"damage":1,"enemies":"3 Darklings","floor":44,"turns":3},{"damage":0,"enemies":"Reptomancer","floor":45,"turns":7},{"damage":0,"enemies":"Nemesis","floor":48,"turns":7},{"damage":24,"enemies":"Awakened One","floor":50,"turns":10}],"seed_played":"1224273438940214528","potions_obtained":[{"floor":3,"key":"PowerPotion"},{"floor":12,"key":"Energy Potion"},{"floor":13,"key":"Swift Potion"},{"floor":16,"key":"GhostInAJar"}],"is_trial":false,"path_per_floor":["M","$","M","?","?","E","R","?","T","R","M","E","M","M","R","B",null,"M","?","?","M","M","E","$","M","T","E","M","R","E","$","R","B",null,"M","?","?","?","?","E","R","E","T","M","E","R","?","E","R","B",null],"character_chosen":"THE_SILENT","items_purchased":["Glass Knife","Infinite Blades","Gambling Chip","Noxious Fumes"],"campfire_rested":5,"item_purchase_floors":[2,2,24,31],"current_hp_per_floor":[63,63,63,56,42,21,42,42,42,63,63,49,36,36,36,14,56,56,56,49,49,47,41,41,38,38,38,38,70,70,70,70,70,70,70,70,49,49,49,49,66,66,66,65,65,65,65,65,66,42],"gold":343,"neow_bonus":"HUNDRED_GOLD","is_prod":false,"is_daily":false,"chose_seed":false,"campfire_upgraded":3,"win_rate":0,"timestamp":1550068076,"path_taken":["M","$","M","?","?","E","R","?","T","R","M","E","?","M","R","BOSS","M","?","?","?","M","E","$","M","T","E","M","R","E","$","R","BOSS","M","?","?","?","?","E","R","E","T","?","E","R","?","E","R","BOSS"],"build_version":"2019-01-23","purchased_purges":0,"victory":true,"max_hp_per_floor":[70,70,70,70,70,70,70,70,70,70,70,70,70,70,70,70,70,70,70,70,70,70,70,70,70,70,70,70,70,70,70,70,70,70,70,70,70,66,66,66,66,66,66,66,66,66,66,66,66,66],"card_choices":[{"not_picked":["Slice","Acrobatics"],"picked":"Cloak And Dagger","floor":1},{"not_picked":["Setup","Reflex"],"picked":"Deadly Poison","floor":3},{"not_picked":["Outmaneuver","Cloak And Dagger"],"picked":"Crippling Poison","floor":6},{"not_picked":["Deadly Poison","Prepared","Acrobatics"],"picked":"SKIP","floor":11},{"not_picked":["Flying Knee","Prepared"],"picked":"Infinite Blades","floor":12},{"not_picked":["Dodge and Roll","Prepared"],"picked":"Dash","floor":13},{"not_picked":["Poisoned Stab","Deadly Poison","Deflect"],"picked":"SKIP","floor":14},{"not_picked":["Tools of the Trade","Night Terror"],"picked":"After Image","floor":16},{"not_picked":["Poisoned Stab+1","Dagger Spray"],"picked":"Deflect+1","floor":18},{"not_picked":["Eviscerate","Underhanded Strike"],"picked":"Slice","floor":21},{"not_picked":["Predator","Well Laid Plans","Flechettes"],"picked":"SKIP","floor":22},{"not_picked":["Flying Knee","Dagger Spray"],"picked":"Deflect+1","floor":23},{"not_picked":["Well Laid Plans","Cloak And Dagger"],"picked":"Infinite Blades","floor":25},{"not_picked":["Night Terror","Dash"],"picked":"PiercingWail+1","floor":27},{"not_picked":["Underhanded Strike","Cloak And Dagger+1"],"picked":"Leg Sweep","floor":28},{"not_picked":["Masterful Stab+1","Deflect+1","Riddle With Holes"],"picked":"SKIP","floor":30},{"not_picked":["Venomology","Unload"],"picked":"Corpse Explosion","floor":33},{"not_picked":["Blur","PiercingWail"],"picked":"Cloak And Dagger+1","floor":35},{"not_picked":["Poisoned Stab+1","Flying Knee+1"],"picked":"Blade Dance+1","floor":37},{"not_picked":["Dagger Throw","Bane","Underhanded Strike+1"],"picked":"SKIP","floor":40},{"not_picked":["Reflex+1","All Out Attack+1","Choke"],"picked":"SKIP","floor":42},{"not_picked":["Flechettes+1","Outmaneuver","PiercingWail"],"picked":"SKIP","floor":44},{"not_picked":["Reflex","Bane","Venomology"],"picked":"SKIP","floor":45},{"not_picked":["Backflip","Dagger Throw","Expertise"],"picked":"SKIP","floor":48},{"not_picked":["Quick Slash","Backflip+1"],"picked":"Eviscerate+1","floor":49}],"player_experience":326578,"relics_obtained":[{"floor":6,"key":"Shuriken"},{"floor":9,"key":"Paper Crane"},{"floor":12,"key":"Kunai"},{"floor":23,"key":"Orichalcum"},{"floor":26,"key":"Regal Pillow"},{"floor":27,"key":"Lantern"},{"floor":30,"key":"Smiling Mask"},{"floor":37,"key":"Torii"},{"floor":40,"key":"Dodecahedron"},{"floor":42,"key":"Snake Skull"},{"floor":43,"key":"Dream Catcher"},{"floor":45,"key":"Bag of Marbles"},{"floor":48,"key":"Vajra"}],"event_choices":[{"cards_removed":["Strike_G"],"damage_healed":0,"gold_gain":0,"player_choice":"Card Removal","damage_taken":7,"max_hp_gain":0,"max_hp_loss":0,"event_name":"Golden Wing","floor":4,"gold_loss":0},{"damage_healed":0,"gold_gain":0,"player_choice":"Entered Light","damage_taken":14,"max_hp_gain":0,"max_hp_loss":0,"event_name":"Shining Light","floor":5,"gold_loss":0,"cards_upgraded":["Glass Knife","Neutralize"]},{"damage_healed":0,"gold_gain":0,"player_choice":"Upgraded","damage_taken":0,"max_hp_gain":0,"max_hp_loss":0,"event_name":"Upgrade Shrine","floor":8,"gold_loss":0,"cards_upgraded":["Crippling Poison"]},{"damage_healed":0,"gold_gain":0,"player_choice":"Simplicity","damage_taken":0,"max_hp_gain":0,"max_hp_loss":0,"event_name":"Back to Basics","floor":19,"gold_loss":0,"cards_upgraded":["Defend_G","Defend_G","Defend_G","Defend_G","Defend_G","Strike_G","Strike_G","Strike_G","Strike_G"]},{"damage_healed":0,"gold_gain":0,"player_choice":"","damage_taken":7,"max_hp_gain":0,"max_hp_loss":0,"event_name":"Knowing Skull","floor":20,"potions_obtained":[],"gold_loss":0,"cards_obtained":[]},{"damage_healed":0,"gold_gain":0,"player_choice":"Memory 1","damage_taken":0,"max_hp_gain":0,"max_hp_loss":0,"event_name":"SensoryStone","floor":36,"gold_loss":0},{"damage_healed":0,"gold_gain":0,"player_choice":"Fight","damage_taken":0,"max_hp_gain":0,"max_hp_loss":0,"event_name":"Mysterious Sphere","floor":37,"gold_loss":0},{"damage_healed":0,"gold_gain":0,"player_choice":"Max HP","damage_taken":0,"max_hp_gain":0,"max_hp_loss":4,"event_name":"Winding Halls","floor":38,"gold_loss":0},{"damage_healed":0,"gold_gain":0,"player_choice":"Paid Gold","damage_taken":0,"relics_obtained":["Thread and Needle"],"max_hp_gain":0,"max_hp_loss":0,"event_name":"WeMeetAgain","floor":39,"gold_loss":72},{"cards_removed":["Strike_G"],"damage_healed":0,"gold_gain":0,"player_choice":"Removed Attack","damage_taken":0,"max_hp_gain":0,"max_hp_loss":0,"event_name":"Falling","floor":47,"gold_loss":0}],"is_beta":false,"boss_relics":[{"not_picked":["Ectoplasm","Black Star"],"picked":"Sozu"},{"not_picked":["Snecko Eye","Velvet Choker"],"picked":"Runic Pyramid"}],"items_purged_floors":[],"is_endless":false,"potions_floor_spawned":[3,12,13,16,23,27,30,33,42,45],"ascension_level":11}