{"gold_per_floor":[113,113,113,113,38,38,63,115,115,176,0,57,15,35,35,113,113,123,153,153,5,24,24],"floor_reached":23,"playtime":761,"items_purged":[],"score":436,"play_id":"00bbb8f3-c243-430a-8c59-9cc946b4cc34","local_time":"20190213122302","is_ascension_mode":true,"campfire_choices":[{"data":"Zap","floor":6,"key":"SMITH"},{"data":"Streamline","floor":15,"key":"SMITH"}],"neow_cost":"NONE","seed_source_timestamp":5353733970431,"circlet_count":0,"master_deck":["AscendersBane","Defend_B","Defend_B","Defend_B","Zap+1","Dualcast","Conserve Battery","Ball Lightning","Cold Snap","Cold Snap","Cold Snap","Core Surge","Compile Driver","Streamline+1","Echo Form","Chaos+1","Seek+1","Storm+1","Chill","Conserve Battery","Seek+1","Capacitor","Capacitor","Double Energy"],"relics":["Cracked Core","NeowsBlessing","Anchor","Ornamental Fan","Dream Catcher","DataDisk","The Courier","Tiny Chest","Astrolabe","Red Mask"],"potions_floor_usage":[16,19,23],"damage_taken":[{"damage":0,"enemies":"2 Louse","floor":1,"turns":1},{"damage":0,"enemies":"3 Sentries","floor":7,"turns":1},{"damage":0,"enemies":"Lagavulin Event","floor":10,"turns":1},{"damage":6,"enemies":"Lagavulin","floor":12,"turns":8},{"damage":0,"enemies":"Small Slimes","floor":14,"turns":2},{"damage":30,"enemies":"The Guardian","floor":16,"turns":9},{"damage":0,"enemies":"Chosen","floor":18,"turns":4},{"damage":23,"enemies":"Masked Bandits","floor":19,"turns":6},{"damage":19,"enemies":"2 Thieves","floor":22,"turns":4},{"damage":35,"enemies":"Book of Stabbing","floor":23,"turns":5}],"seed_played":"1921649723231652955","potions_obtained":[{"floor":10,"key":"Poison Potion"},{"floor":14,"key":"SkillPotion"},{"floor":16,"key":"Regen Potion"}],"is_trial":false,"path_per_floor":["M","?","?","?","?","R","E","T","T","?","$","E","$","M","R","B",null,"M","?","?","$","M","E"],"character_chosen":"DEFECT","items_purchased":["Cold Snap","Cold Snap","Core Surge","Streamline","Capacitor","Capacitor","Double Energy"],"campfire_rested":0,"item_purchase_floors":[11,11,11,13,21,21,21],"current_hp_per_floor":[64,53,58,51,51,51,51,51,51,51,51,45,45,45,45,15,61,61,38,38,38,19,0],"gold":24,"neow_bonus":"THREE_ENEMY_KILL","is_prod":false,"is_daily":false,"chose_seed":false,"campfire_upgraded":2,"win_rate":0,"timestamp":1550089382,"path_taken":["M","?","?","?","?","R","E","?","T","?","$","E","?","M","R","BOSS","M","?","?","$","?","E"],"build_version":"2019-02-06","purchased_purges":0,"victory":false,"max_hp_per_floor":[71,71,76,76,76,76,76,76,76,76,76,76,76,76,76,76,76,76,76,76,76,76,76],"card_choices":[{"not_picked":["Compile Driver","Tempest"],"picked":"Conserve Battery","floor":1},{"not_picked":["FTL","Lockon"],"picked":"Ball Lightning","floor":7},{"not_picked":["Conserve Battery","Streamline"],"picked":"Cold Snap","floor":10},{"not_picked":["Multi-Cast","Tempest"],"picked":"Compile Driver","floor":12},{"not_picked":["Multi-Cast","All For One"],"picked":"Echo Form","floor":16},{"not_picked":["Sweeping Beam","Redo"],"picked":"Chill","floor":18},{"not_picked":["Rip and Tear","Coolheaded"],"picked":"Conserve Battery","floor":19}],"player_experience":1151519,"relics_obtained":[{"floor":7,"key":"Ornamental Fan"},{"floor":8,"key":"Dream Catcher"},{"floor":9,"key":"DataDisk"},{"floor":12,"key":"Tiny Chest"},{"floor":19,"key":"Red Mask"}],"event_choices":[{"damage_healed":0,"gold_gain":0,"player_choice":"Success","damage_taken":11,"relics_obtained":["Anchor"],"max_hp_gain":0,"max_hp_loss":0,"event_name":"Scrap Ooze","floor":2,"gold_loss":0},{"damage_healed":0,"gold_gain":0,"player_choice":"Donut","damage_taken":0,"max_hp_gain":5,"max_hp_loss":0,"event_name":"Big Fish","floor":3,"gold_loss":0},{"cards_removed":["Defend_B"],"damage_healed":0,"gold_gain":0,"player_choice":"Card Removal","damage_taken":7,"max_hp_gain":0,"max_hp_loss":0,"event_name":"Golden Wing","floor":4,"gold_loss":0},{"cards_removed":["Strike_B"],"damage_healed":0,"gold_gain":0,"player_choice":"Card Removal","damage_taken":0,"max_hp_gain":0,"max_hp_loss":0,"event_name":"The Cleric","floor":5,"gold_loss":75},{"damage_healed":0,"gold_gain":0,"player_choice":"Searched \u00272\u0027 times","damage_taken":0,"relics_obtained":["The Courier"],"max_hp_gain":0,"max_hp_loss":0,"event_name":"Dead Adventurer","floor":10,"gold_loss":0},{"damage_healed":0,"gold_gain":0,"player_choice":"Fought Bandits","damage_taken":0,"max_hp_gain":0,"max_hp_loss":0,"event_name":"Masked Bandits","floor":19,"gold_loss":0},{"damage_healed":0,"gold_gain":0,"player_choice":"Copied","damage_taken":0,"max_hp_gain":0,"max_hp_loss":0,"event_name":"Duplicator","floor":20,"gold_loss":0,"cards_obtained":["Seek"]}],"is_beta":true,"boss_relics":[{"not_picked":["Nuclear Battery","Coffee Dripper"],"picked":"Astrolabe"}],"items_purged_floors":[],"is_endless":false,"potions_floor_spawned":[10,14,16],"killed_by":"Book of Stabbing","ascension_level":20}