{"gold_per_floor":[119,119,131,158,186,226,248,292,355,367,390,402],"floor_reached":12,"playtime":501,"items_purged":[],"score":104,"play_id":"445755c5-6f44-4899-ab0a-fcdb86a39a67","local_time":"20190201015241","is_ascension_mode":true,"campfire_choices":[{"data":"Whirlwind","floor":10,"key":"SMITH"}],"neow_cost":"NONE","seed_source_timestamp":37835191001968,"circlet_count":0,"master_deck":["Strike_R","Strike_R","Strike_R","Strike_R","Strike_R","Defend_R","Defend_R","Defend_R","Defend_R","Bash","Twin Strike","Uppercut","Inflame","Whirlwind+1","Juggernaut","Flex"],"relics":["Burning Blood","MawBank","Mummified Hand","Potion Belt","Juzu Bracelet"],"potions_floor_usage":[11,12,12],"damage_taken":[{"damage":3,"enemies":"Jaw Worm","floor":1,"turns":5},{"damage":0,"enemies":"Small Slimes","floor":4,"turns":4},{"damage":1,"enemies":"Cultist","floor":5,"turns":4},{"damage":45,"enemies":"3 Sentries","floor":6,"turns":9},{"damage":11,"enemies":"Large Slime","floor":7,"turns":5},{"damage":30,"enemies":"Lagavulin","floor":8,"turns":5},{"damage":18,"enemies":"Exordium Thugs","floor":11,"turns":4},{"damage":8,"enemies":"3 Louse","floor":12,"turns":2}],"seed_played":"-7944886011572315540","potions_obtained":[{"floor":4,"key":"SpeedPotion"},{"floor":6,"key":"SpeedPotion"},{"floor":8,"key":"EssenceOfSteel"}],"is_trial":false,"path_per_floor":["M","?","?","M","M","E","M","E","T","R","M","M"],"character_chosen":"IRONCLAD","items_purchased":[],"campfire_rested":0,"item_purchase_floors":[],"current_hp_per_floor":[88,85,88,88,88,49,44,20,20,20,8,0],"gold":402,"neow_bonus":"TEN_PERCENT_HP_BONUS","is_prod":false,"is_daily":false,"chose_seed":false,"campfire_upgraded":1,"win_rate":0,"timestamp":1548982361,"path_taken":["M","?","?","?","M","E","M","E","T","R","M","M"],"build_version":"2019-01-23","purchased_purges":0,"victory":false,"max_hp_per_floor":[88,88,88,88,88,88,88,88,88,88,88,88],"card_choices":[{"not_picked":["Disarm","Heavy Blade"],"picked":"Flex","floor":1},{"not_picked":["Disarm","Seeing Red"],"picked":"Twin Strike","floor":4},{"not_picked":["Clothesline","Twin Strike"],"picked":"Uppercut","floor":5},{"not_picked":["Flex","Headbutt"],"picked":"Inflame","floor":6},{"not_picked":["Clash","Dual Wield"],"picked":"Whirlwind","floor":7},{"not_picked":["Clothesline","Feel No Pain"],"picked":"Juggernaut","floor":8},{"not_picked":["Searing Blow","Rupture"],"picked":"Flex","floor":11}],"player_experience":147069,"relics_obtained":[{"floor":6,"key":"Mummified Hand"},{"floor":8,"key":"Potion Belt"},{"floor":9,"key":"Juzu Bracelet"}],"event_choices":[{"damage_healed":0,"gold_gain":0,"player_choice":"Success","damage_taken":3,"relics_obtained":["MawBank"],"max_hp_gain":0,"max_hp_loss":0,"event_name":"Scrap Ooze","floor":2,"gold_loss":0},{"cards_removed":["Flex"],"damage_healed":5,"gold_gain":0,"player_choice":"Offered Common","damage_taken":0,"max_hp_gain":0,"max_hp_loss":0,"event_name":"Bonfire Elementals","floor":3,"gold_loss":0},{"cards_removed":["Flex"],"damage_healed":5,"gold_gain":0,"player_choice":"Offered Special","damage_taken":0,"max_hp_gain":0,"max_hp_loss":0,"event_name":"Bonfire Elementals","floor":3,"gold_loss":0}],"is_beta":false,"boss_relics":[],"items_purged_floors":[],"is_endless":false,"potions_floor_spawned":[4,6,8],"killed_by":"3 Louse","ascension_level":3}