{"gold_per_floor":[113,126,138,138,14,14,14,41,41,41,41,73,88,100,100,100],"floor_reached":16,"playtime":410,"items_purged":[],"score":216,"play_id":"0cb44893-e2f4-414b-818a-74413b309052","local_time":"20190202000404","is_ascension_mode":true,"campfire_choices":[{"data":"Double Energy","floor":6,"key":"SMITH"},{"data":"Gash","floor":10,"key":"SMITH"},{"data":"Beam Cell","floor":15,"key":"SMITH"}],"neow_cost":"PERCENT_DAMAGE","seed_source_timestamp":32380578814767,"circlet_count":0,"master_deck":["AscendersBane","Strike_B","Strike_B","Strike_B","Strike_B","Defend_B","Defend_B","Defend_B","Zap","Dualcast","Hyperbeam+1","BootSequence","Melter","Rebound","Double Energy+1","Gash+1","Beam Cell+1","Auto Shields"],"relics":["Cracked Core","Turnip","Sundial","FaceOfCleric","WingedGreaves"],"potions_floor_usage":[8,12,16,16],"damage_taken":[{"damage":0,"enemies":"Small Slimes","floor":1,"turns":3},{"damage":6,"enemies":"Cultist","floor":2,"turns":4},{"damage":2,"enemies":"2 Louse","floor":3,"turns":3},{"damage":16,"enemies":"Gremlin Nob","floor":8,"turns":4},{"damage":0,"enemies":"Lagavulin","floor":12,"turns":3},{"damage":0,"enemies":"Large Slime","floor":13,"turns":4},{"damage":0,"enemies":"Red Slaver","floor":14,"turns":2},{"damage":31,"enemies":"Hexaghost","floor":16,"turns":7}],"seed_played":"-7549998044402782241","potions_obtained":[{"floor":3,"key":"SpeedPotion"},{"floor":8,"key":"PowerPotion"},{"floor":13,"key":"Poison Potion"},{"floor":14,"key":"Poison Potion"}],"is_trial":false,"path_per_floor":["M","M","M","?","$","R","?","E","T","R","?","E","M","M","R","B"],"character_chosen":"DEFECT","items_purchased":["Double Energy","Gash"],"campfire_rested":0,"item_purchase_floors":[5,5],"current_hp_per_floor":[50,44,42,42,42,42,42,26,26,26,26,27,28,29,29,0],"gold":100,"neow_bonus":"THREE_RARE_CARDS","is_prod":false,"is_daily":false,"chose_seed":false,"campfire_upgraded":3,"win_rate":0,"timestamp":1549065844,"path_taken":["M","M","M","?","?","R","?","E","T","R","?","E","M","?","R","BOSS"],"build_version":"2019-01-23","purchased_purges":0,"victory":false,"max_hp_per_floor":[75,75,75,75,75,75,75,75,75,75,75,76,77,78,78,78],"card_choices":[{"not_picked":["Reboot","Amplify"],"picked":"Hyperbeam","floor":0},{"not_picked":["Rebound","Steam Power"],"picked":"BootSequence","floor":1},{"not_picked":["Turbo","Reprogram"],"picked":"Melter","floor":2},{"not_picked":["Streamline","Static Discharge"],"picked":"Rebound","floor":3},{"not_picked":["Go for the Eyes","Reprogram","Barrage"],"picked":"SKIP","floor":8},{"not_picked":["Loop","Hologram"],"picked":"Beam Cell","floor":12},{"not_picked":["Rebound","Barrage"],"picked":"Auto Shields","floor":13},{"not_picked":["Reinforced Body","Streamline","Ball Lightning"],"picked":"SKIP","floor":14}],"player_experience":548487,"relics_obtained":[{"floor":8,"key":"Turnip"},{"floor":9,"key":"Sundial"},{"floor":12,"key":"WingedGreaves"}],"event_choices":[{"cards_removed":["Defend_B"],"damage_healed":0,"gold_gain":0,"player_choice":"Offered Basic","damage_taken":0,"max_hp_gain":0,"max_hp_loss":0,"event_name":"Bonfire Elementals","floor":4,"gold_loss":0},{"damage_healed":0,"gold_gain":0,"player_choice":"Grow","damage_taken":0,"max_hp_gain":0,"max_hp_loss":0,"event_name":"Living Wall","floor":7,"gold_loss":0,"cards_upgraded":["Hyperbeam"]},{"damage_healed":0,"gold_gain":0,"player_choice":"Trade","damage_taken":0,"relics_obtained":["FaceOfCleric"],"max_hp_gain":0,"max_hp_loss":0,"event_name":"FaceTrader","floor":11,"gold_loss":0}],"is_beta":true,"boss_relics":[],"items_purged_floors":[],"is_endless":false,"potions_floor_spawned":[3,8,13,14],"killed_by":"Hexaghost","ascension_level":12}