{"path_per_floor":["M","?","M","?","$","R","M","R","T","R","?","M","$","M","R","B",null,"M","M","M","M","?","R","M"],"character_chosen":"DEFECT","items_purchased":["Defragment"],"gold_per_floor":[111,111,121,121,12,12,22,22,22,22,22,37,37,37,37,133,133,143,156,171,189,189,189,204,204],"floor_reached":25,"campfire_rested":1,"playtime":821,"current_hp_per_floor":[68,68,73,73,73,73,73,73,73,73,80,79,79,79,79,17,80,53,39,23,8,8,32,28,40],"items_purged":["Scrape"],"gold":204,"score":215,"play_id":"892fbf04-f0eb-403d-b8ea-9476f5370201","local_time":"20180512191407","is_prod":false,"is_daily":false,"chose_seed":false,"is_ascension_mode":true,"campfire_upgraded":4,"timestamp":1526148847,"path_taken":["M","?","M","?","$","R","M","R","T","R","?","?","?","M","R","BOSS","M","M","?","?","?","R","M","M"],"build_version":"2018-05-11","seed_source_timestamp":90630045129984,"purchased_purges":1,"victory":false,"master_deck":["Strike_B","Strike_B","Strike_B","Strike_B","Defend_B","Defend_B","Defend_B","Zap+1","Dualcast+1","Leap","Defragment+1","Impulse+1","Ball Lightning","Thunder Strike","Capacitor","Chill+1","Axe Kick+1","Double Energy","Seek"],"max_hp_per_floor":[75,75,80,80,80,80,80,80,80,80,80,80,80,80,80,80,80,80,80,80,80,80,80,80,80],"relics":["Cracked Core","Centennial Puzzle","Lizard Tail"],"card_choices":[{"not_picked":["Undo","Sweeping Beam"],"picked":"Leap","floor":1},{"not_picked":["Streamline","Go for the Eyes"],"picked":"Scrape","floor":3},{"not_picked":["Go for the Eyes","Hologram"],"picked":"Impulse","floor":7},{"not_picked":["Aggregate","Hologram"],"picked":"Ball Lightning","floor":12},{"not_picked":["Reboot","Fission"],"picked":"Thunder Strike","floor":16},{"not_picked":["BootSequence","Glacier+1"],"picked":"Capacitor","floor":18},{"not_picked":["Skim","Cold Snap"],"picked":"Chill+1","floor":19},{"not_picked":["Rip and Tear+1","Hologram"],"picked":"Axe Kick+1","floor":20},{"not_picked":["Beam Cell","Skim"],"picked":"Double Energy","floor":21},{"not_picked":["Blizzard","Beam Cell"],"picked":"Seek","floor":24}],"player_experience":137966,"potions_floor_usage":[3,14,18,21,24],"damage_taken":[{"damage":7,"enemies":"2 Louse","floor":1,"turns":2},{"damage":0,"enemies":"Cultist","floor":3,"turns":3},{"damage":0,"enemies":"Small Slimes","floor":7,"turns":3},{"damage":1,"enemies":"2 Fungi Beasts","floor":12,"turns":3},{"damage":0,"enemies":"Lots of Slimes","floor":14,"turns":1},{"damage":62,"enemies":"Hexaghost","floor":16,"turns":9},{"damage":27,"enemies":"3 Byrds","floor":18,"turns":4},{"damage":14,"enemies":"Shell Parasite","floor":19,"turns":5},{"damage":16,"enemies":"Snake Plant","floor":20,"turns":3},{"damage":32,"enemies":"3 Cultists","floor":21,"turns":6},{"damage":4,"enemies":"Sentry and Sphere","floor":24,"turns":5},{"damage":31,"enemies":"Centurion and Healer","floor":25,"turns":7}],"event_choices":[{"event_name":"The Lab","player_choice":"Got Potions","floor":2,"damage_taken":0},{"event_name":"Transmorgrifier","player_choice":"Transform","floor":4,"damage_taken":0},{"event_name":"Bonfire Elementals","player_choice":"UNCOMMON","floor":11,"damage_taken":0},{"event_name":"Drug Dealer","player_choice":"Ignored","floor":22,"damage_taken":0}],"boss_relics":[{"not_picked":["Snecko Eye","Ectoplasm"],"picked":"Lizard Tail"}],"potions_floor_spawned":[1,12,19,21],"seed_played":"8927354110894896542","killed_by":"Centurion and Healer","ascension_level":2,"is_trial":false}