{"gold_per_floor":[110,129,54,54,54,83,83,97,171,171,186,361,361,396,396,495,495,510,226,242,271,271,303,303,322,322,322,352,374,401,413,425,538,550,580,637,749,861,157,192,192,208,208,208,223,257,479,493,493,493,493,493,3,28,28],"floor_reached":56,"playtime":3991,"items_purged":["Strike_B","Strike_B","Doubt","Gash+1"],"score":1379,"play_id":"a5981dcf-7d9a-4793-856a-1a1cac98f18d","local_time":"20190118221554","is_ascension_mode":true,"campfire_choices":[{"floor":7,"key":"REST"},{"data":"Buffer","floor":10,"key":"SMITH"},{"data":"Rainbow","floor":15,"key":"SMITH"},{"floor":24,"key":"REST"},{"floor":27,"key":"REST"},{"data":"Capacitor","floor":32,"key":"SMITH"},{"floor":41,"key":"RECALL"},{"data":"Echo Form","floor":44,"key":"SMITH"},{"data":"Consume","floor":49,"key":"SMITH"},{"data":"Glacier","floor":52,"key":"SMITH"}],"neow_cost":"NONE","seed_source_timestamp":32211356548185,"circlet_count":0,"master_deck":["Zap+1","Dualcast","Rainbow+1","Glacier+1","Compile Driver","Consume+1","Buffer+1","Streamline+1","Go for the Eyes+1","Creative AI","Capacitor+1","Glacier+1","White Noise","Echo Form+1","Streamline","Undo","Thunder Strike","Force Field+1","Leap+1","Coolheaded+1","Amplify","Conserve Battery+1","Barrage+1","Heatsinks+1","Double Energy+1","Thunder Strike"],"relics":["Cracked Core","Bag of Marbles","Bag of Preparation","Shuriken","Pantograph","Juzu Bracelet","Snecko Eye","Dream Catcher","Red Mask","Meat on the Bone","Whetstone","MawBank","Astrolabe","Torii","Nunchaku","Happy Flower","Bird Faced Urn","War Paint","Bronze Scales","Bottled Lightning","Lantern"],"potions_floor_usage":[21,28,40,40,40,50,50,54,54,55],"damage_taken":[{"damage":2,"enemies":"2 Louse","floor":1,"turns":3},{"damage":0,"enemies":"Small Slimes","floor":2,"turns":3},{"damage":31,"enemies":"Lagavulin","floor":6,"turns":6},{"damage":0,"enemies":"Jaw Worm","floor":8,"turns":4},{"damage":3,"enemies":"3 Louse","floor":11,"turns":3},{"damage":19,"enemies":"Gremlin Nob","floor":14,"turns":5},{"damage":22,"enemies":"The Guardian","floor":16,"turns":16},{"damage":0,"enemies":"Shell Parasite","floor":18,"turns":8},{"damage":5,"enemies":"Chosen","floor":20,"turns":6},{"damage":9,"enemies":"Masked Bandits","floor":21,"turns":8},{"damage":34,"enemies":"Gremlin Leader","floor":23,"turns":9},{"damage":3,"enemies":"Snake Plant","floor":25,"turns":4},{"damage":1,"enemies":"Book of Stabbing","floor":28,"turns":6},{"damage":16,"enemies":"Centurion and Healer","floor":29,"turns":7},{"damage":0,"enemies":"Snecko","floor":30,"turns":5},{"damage":0,"enemies":"Collector","floor":33,"turns":9},{"damage":0,"enemies":"Orb Walker","floor":35,"turns":5},{"damage":47,"enemies":"2 Orb Walkers","floor":36,"turns":8},{"damage":0,"enemies":"Mind Bloom Boss Battle","floor":37,"turns":6},{"damage":0,"enemies":"Reptomancer","floor":40,"turns":9},{"damage":0,"enemies":"3 Darklings","floor":42,"turns":7},{"damage":0,"enemies":"Maw","floor":45,"turns":9},{"damage":0,"enemies":"Giant Head","floor":46,"turns":9},{"damage":12,"enemies":"Spire Growth","floor":48,"turns":6},{"damage":1,"enemies":"Time Eater","floor":50,"turns":8},{"damage":1,"enemies":"Shield and Spear","floor":54,"turns":9},{"damage":39,"enemies":"The Heart","floor":55,"turns":11}],"seed_played":"-4532164787329744256","potions_obtained":[{"floor":1,"key":"SteroidPotion"},{"floor":8,"key":"Swift Potion"},{"floor":11,"key":"SteroidPotion"},{"floor":18,"key":"SpeedPotion"},{"floor":23,"key":"AttackPotion"},{"floor":28,"key":"GamblersBrew"},{"floor":29,"key":"FearPotion"},{"floor":36,"key":"Block Potion"},{"floor":40,"key":"Weak Potion"},{"floor":48,"key":"PowerPotion"},{"floor":54,"key":"AttackPotion"}],"is_trial":false,"path_per_floor":["M","M","$","?","?","E","R","M","T","R","M","?","?","E","R","B",null,"M","$","M","?","?","E","R","M","T","R","E","M","M","?","R","B",null,"M","?","?","?","$","E","R","M","T","R","M","E","?","M","R","B",null,"R","$","E","B",null],"character_chosen":"DEFECT","items_purchased":["Capacitor","Dream Catcher","Happy Flower","Bird Faced Urn","Explosive Potion","Amplify","SkillPotion","Energy Potion","Bottled Lightning"],"campfire_rested":3,"item_purchase_floors":[19,19,39,39,39,39,53,53,53],"current_hp_per_floor":[73,73,73,61,61,30,52,52,52,52,49,49,49,30,30,33,75,75,75,70,61,61,27,49,46,46,68,67,51,51,51,51,75,75,75,40,65,65,65,75,75,75,75,75,75,75,75,75,75,75,75,75,75,75,75],"gold":28,"neow_bonus":"TRANSFORM_CARD","is_prod":false,"is_daily":false,"chose_seed":false,"campfire_upgraded":6,"win_rate":0,"timestamp":1547867754,"path_taken":["M","M","$","?","?","E","R","M","T","R","M","?","?","E","R","BOSS","M","$","M","?","?","E","R","M","T","R","E","M","M","?","R","BOSS","M","?","?","?","$","E","R","M","T","R","M","E","?","M","R","BOSS","R","$","E","BOSS"],"build_version":"2019-01-17v2","purchased_purges":4,"victory":true,"max_hp_per_floor":[75,75,75,75,75,75,75,75,75,75,75,75,75,75,75,75,75,75,75,75,75,75,75,75,75,75,75,75,75,75,75,75,75,75,75,75,75,75,75,75,75,75,75,75,75,75,75,75,75,75,75,75,75,75,75],"card_choices":[{"not_picked":["Chill","Compile Driver"],"picked":"Glacier","floor":1},{"not_picked":["Steam","Chaos"],"picked":"Compile Driver","floor":2},{"not_picked":["Chaos","Stack"],"picked":"Buffer","floor":6},{"not_picked":["Sweeping Beam","Storm"],"picked":"Streamline","floor":8},{"not_picked":["Steam Power","Reprogram","Doom and Gloom"],"picked":"SKIP","floor":11},{"not_picked":["BootSequence","Cold Snap"],"picked":"Go for the Eyes","floor":14},{"not_picked":["Rainbow","Thunder Strike"],"picked":"Creative AI","floor":16},{"not_picked":["Auto Shields","Gash","Conserve Battery"],"picked":"SKIP","floor":18},{"not_picked":["Hologram+1","Self Repair+1"],"picked":"Glacier","floor":20},{"not_picked":["Steam","Sweeping Beam+1"],"picked":"White Noise","floor":23},{"not_picked":["Sweeping Beam+1","Chaos"],"picked":"Echo Form","floor":24},{"not_picked":["FTL","Leap+1","Beam Cell+1"],"picked":"SKIP","floor":25},{"not_picked":["Machine Learning","Sweeping Beam"],"picked":"Streamline","floor":28},{"not_picked":["Steam","Darkness"],"picked":"Undo","floor":29},{"not_picked":["Go for the Eyes","Skim","Conserve Battery"],"picked":"SKIP","floor":30},{"not_picked":["Multi-Cast","Seek"],"picked":"Thunder Strike","floor":33},{"not_picked":["Genetic Algorithm+1","Self Repair","Tempest+1"],"picked":"SKIP","floor":35},{"not_picked":["Scrape","Aggregate"],"picked":"Coolheaded+1","floor":36},{"not_picked":["Darkness+1","Steam"],"picked":"Conserve Battery+1","floor":40},{"not_picked":["Rip and Tear","White Noise+1"],"picked":"Barrage+1","floor":42},{"not_picked":["Beam Cell+1","Conserve Battery+1","Ball Lightning"],"picked":"SKIP","floor":45},{"not_picked":["Consume","Hologram"],"picked":"Heatsinks+1","floor":46},{"not_picked":["Tempest","Auto Shields+1"],"picked":"Double Energy+1","floor":48},{"not_picked":["Heatsinks+1","Compile Driver"],"picked":"Thunder Strike","floor":54}],"player_experience":72888,"relics_obtained":[{"floor":6,"key":"Bag of Preparation"},{"floor":9,"key":"Shuriken"},{"floor":14,"key":"Juzu Bracelet"},{"floor":21,"key":"Red Mask"},{"floor":23,"key":"Meat on the Bone"},{"floor":26,"key":"Whetstone"},{"floor":28,"key":"MawBank"},{"floor":36,"key":"Torii"},{"floor":37,"key":"Nunchaku"},{"floor":40,"key":"War Paint"},{"floor":46,"key":"Bronze Scales"},{"floor":54,"key":"Lantern"}],"event_choices":[{"damage_healed":0,"gold_gain":0,"player_choice":"Success","damage_taken":12,"relics_obtained":["Bag of Marbles"],"max_hp_gain":0,"max_hp_loss":0,"event_name":"Scrap Ooze","floor":4,"gold_loss":0},{"damage_healed":0,"gold_gain":0,"cards_transformed":["Strike_B"],"player_choice":"Change","damage_taken":0,"max_hp_gain":0,"max_hp_loss":0,"event_name":"Living Wall","floor":5,"gold_loss":0,"cards_obtained":["Consume"]},{"damage_healed":0,"gold_gain":175,"player_choice":"AGREE","damage_taken":0,"max_hp_gain":0,"max_hp_loss":0,"event_name":"Liars Game","floor":12,"gold_loss":0,"cards_obtained":["Doubt"]},{"damage_healed":0,"gold_gain":0,"player_choice":"Searched \u00271\u0027 times","damage_taken":0,"relics_obtained":["Pantograph"],"max_hp_gain":0,"max_hp_loss":0,"event_name":"Dead Adventurer","floor":13,"gold_loss":0},{"damage_healed":0,"gold_gain":0,"player_choice":"Fought Bandits","damage_taken":0,"max_hp_gain":0,"max_hp_loss":0,"event_name":"Masked Bandits","floor":21,"gold_loss":0},{"cards_removed":["Defend_B"],"damage_healed":0,"gold_gain":0,"player_choice":"Elegance","damage_taken":0,"max_hp_gain":0,"max_hp_loss":0,"event_name":"Back to Basics","floor":22,"gold_loss":0},{"damage_healed":0,"gold_gain":0,"player_choice":"Ignored","damage_taken":0,"max_hp_gain":0,"max_hp_loss":0,"event_name":"Vampires","floor":31,"gold_loss":0},{"damage_healed":0,"gold_gain":0,"player_choice":"Fight","damage_taken":0,"max_hp_gain":0,"max_hp_loss":0,"event_name":"Mysterious Sphere","floor":36,"gold_loss":0},{"damage_healed":0,"gold_gain":0,"player_choice":"Fight","damage_taken":0,"max_hp_gain":0,"max_hp_loss":0,"event_name":"MindBloom","floor":37,"gold_loss":0},{"damage_healed":0,"gold_gain":100,"player_choice":"Pray","damage_taken":0,"max_hp_gain":0,"max_hp_loss":0,"event_name":"Golden Shrine","floor":38,"gold_loss":0},{"damage_healed":0,"gold_gain":222,"player_choice":"Wore Mask","damage_taken":0,"max_hp_gain":0,"max_hp_loss":0,"event_name":"Tomb of Lord Red Mask","floor":47,"gold_loss":0}],"is_beta":false,"boss_relics":[{"not_picked":["Runic Dome","Ectoplasm"],"picked":"Snecko Eye"},{"not_picked":["FrozenCore","White Beast Statue"],"picked":"Astrolabe"}],"items_purged_floors":[3,19,39,53],"is_endless":false,"potions_floor_spawned":[1,8,11,18,23,28,29,36,40,48,54],"ascension_level":1}