{"gold_per_floor":[118,118,136,61,61,86,100,117,117,36,36,54,87,45,45,45],"floor_reached":16,"playtime":240,"items_purged":[],"score":270,"play_id":"946d72fb-eb25-46a9-9236-eed2a6e4b465","local_time":"20190212180507","is_ascension_mode":true,"campfire_choices":[{"data":"Whirlwind","floor":11,"key":"SMITH"},{"data":"True Grit","floor":15,"key":"SMITH"}],"neow_cost":"NONE","seed_source_timestamp":5038183006296,"circlet_count":0,"master_deck":["AscendersBane","Strike_R","Strike_R","Strike_R","Strike_R","Defend_R","Defend_R","Defend_R","Bash","Whirlwind+1","True Grit+1","Metallicize","Seeing Red","Feel No Pain","Metallicize","Feel No Pain","Anger","Flame Barrier"],"relics":["Burning Blood","NeowsBlessing","Dream Catcher","Question Card","Self Forming Clay"],"potions_floor_usage":[12,13],"damage_taken":[{"damage":0,"enemies":"2 Louse","floor":1,"turns":1},{"damage":0,"enemies":"Cultist","floor":3,"turns":1},{"damage":0,"enemies":"Gremlin Nob","floor":6,"turns":1},{"damage":9,"enemies":"Jaw Worm","floor":7,"turns":4},{"damage":10,"enemies":"Looter","floor":8,"turns":3},{"damage":0,"enemies":"Lots of Slimes","floor":12,"turns":2},{"damage":32,"enemies":"Lagavulin","floor":13,"turns":9},{"damage":0,"enemies":"The Guardian","floor":16,"turns":1}],"seed_played":"-810987553787923578","potions_obtained":[{"floor":1,"key":"GamblersBrew"},{"floor":7,"key":"AttackPotion"},{"floor":12,"key":"Ancient Potion"}],"is_trial":false,"path_per_floor":["M","?","M","?","$","E","M","M","T","$","R","M","E","$","R","B"],"character_chosen":"IRONCLAD","items_purchased":["Metallicize","Flame Barrier"],"campfire_rested":0,"item_purchase_floors":[10,14],"current_hp_per_floor":[74,74,75,75,75,75,72,68,68,68,68,74,48,48,48,48],"gold":45,"neow_bonus":"THREE_ENEMY_KILL","is_prod":false,"is_daily":false,"chose_seed":false,"campfire_upgraded":2,"win_rate":0,"timestamp":1550023507,"path_taken":["M","?","?","?","?","E","M","M","T","$","R","M","E","$","R","BOSS"],"build_version":"2019-02-06","purchased_purges":0,"victory":false,"max_hp_per_floor":[75,75,75,75,75,75,75,75,75,75,75,75,75,75,75,75],"card_choices":[{"not_picked":["Heavy Blade","Bloodletting"],"picked":"Whirlwind","floor":1},{"not_picked":["Anger","Perfected Strike"],"picked":"True Grit","floor":3},{"not_picked":["Wild Strike","Carnage"],"picked":"Metallicize","floor":6},{"not_picked":["Dark Embrace","Headbutt"],"picked":"Seeing Red","floor":7},{"not_picked":["Flex","Cleave"],"picked":"Feel No Pain","floor":8},{"not_picked":["Headbutt","Evolve","Body Slam"],"picked":"Feel No Pain","floor":12},{"not_picked":["Cleave","Twin Strike","Clothesline"],"picked":"Anger","floor":13}],"player_experience":1147188,"relics_obtained":[{"floor":6,"key":"Dream Catcher"},{"floor":9,"key":"Question Card"},{"floor":13,"key":"Self Forming Clay"}],"event_choices":[{"cards_removed":["Strike_R"],"damage_healed":0,"gold_gain":0,"player_choice":"Offered Basic","damage_taken":0,"max_hp_gain":0,"max_hp_loss":0,"event_name":"Bonfire Elementals","floor":2,"gold_loss":0},{"cards_removed":["Defend_R"],"damage_healed":0,"gold_gain":0,"player_choice":"Card Removal","damage_taken":0,"max_hp_gain":0,"max_hp_loss":0,"event_name":"The Cleric","floor":4,"gold_loss":75}],"is_beta":true,"boss_relics":[],"items_purged_floors":[],"is_endless":false,"potions_floor_spawned":[1,7,12],"killed_by":"The Guardian","ascension_level":20}