{"gold_per_floor":[118,118,131,149,149,36,56,56,56,56,89,41,26,45,45,146,146,160,82,102,114,128,128,128,128,128,163,163,163,191,191,191,289,289,301,312,312,272,5,5,5,23,92,92,92,21,21,21,21,21],"floor_reached":50,"playtime":2138,"items_purged":["Decay"],"score":501,"play_id":"504648c4-bc00-4f25-b0a4-089b79b38514","local_time":"20190203020703","is_ascension_mode":false,"campfire_choices":[{"floor":8,"key":"REST"},{"data":"Metallicize","floor":10,"key":"SMITH"},{"floor":15,"key":"REST"},{"floor":23,"key":"REST"},{"floor":25,"key":"REST"},{"floor":28,"key":"REST"},{"floor":32,"key":"REST"},{"floor":40,"key":"REST"},{"floor":45,"key":"REST"},{"floor":47,"key":"REST"},{"floor":49,"key":"REST"}],"neow_cost":"NONE","seed_source_timestamp":10227384243763,"circlet_count":0,"master_deck":["Strike_R","Strike_R","Strike_R+1","Strike_R+1","Defend_R","Defend_R","Defend_R","Defend_R","Bash+1","Barricade+1","Heavy Blade","Shockwave+1","Metallicize+1","Metallicize","Seeing Red","Body Slam","Burning Pact","Clothesline","Perfected Strike","Bludgeon","Iron Wave","Rampage","Rupture","Havoc","Inflame","Inflame","Whirlwind+1","Berserk+1","Shrug It Off+1","Dropkick","Metallicize"],"relics":["Burning Blood","Juzu Bracelet","Sundial","Busted Crown","Bronze Scales","Darkstone Periapt","Whetstone","Fusion Hammer","OrangePellets","Bottled Lightning"],"potions_floor_usage":[27,33,50,50,50],"damage_taken":[{"damage":22,"enemies":"Cultist","floor":1,"turns":6},{"damage":0,"enemies":"2 Louse","floor":3,"turns":3},{"damage":3,"enemies":"Small Slimes","floor":4,"turns":6},{"damage":7,"enemies":"Looter","floor":7,"turns":4},{"damage":0,"enemies":"Lagavulin","floor":11,"turns":7},{"damage":23,"enemies":"Exordium Thugs","floor":13,"turns":5},{"damage":7,"enemies":"Exordium Wildlife","floor":14,"turns":3},{"damage":45,"enemies":"Slime Boss","floor":16,"turns":18},{"damage":15,"enemies":"3 Byrds","floor":18,"turns":8},{"damage":11,"enemies":"Shell Parasite","floor":20,"turns":6},{"damage":25,"enemies":"Snake Plant","floor":21,"turns":4},{"damage":15,"enemies":"Chosen and Byrds","floor":22,"turns":6},{"damage":32,"enemies":"Book of Stabbing","floor":27,"turns":5},{"damage":49,"enemies":"Slavers","floor":30,"turns":6},{"damage":36,"enemies":"Champ","floor":33,"turns":10},{"damage":21,"enemies":"Orb Walker","floor":35,"turns":3},{"damage":22,"enemies":"3 Darklings","floor":36,"turns":5},{"damage":31,"enemies":"Jaw Worm Horde","floor":42,"turns":3},{"damage":88,"enemies":"Awakened One","floor":50,"turns":10}],"seed_played":"-4124499196496253108","potions_obtained":[{"floor":4,"key":"Energy Potion"},{"floor":11,"key":"LiquidBronze"},{"floor":16,"key":"Strength Potion"},{"floor":36,"key":"LiquidBronze"},{"floor":42,"key":"Ancient Potion"}],"is_trial":false,"path_per_floor":["M","?","M","M","?","$","M","R","T","R","E","$","M","M","R","B",null,"M","$","M","M","M","R","?","R","T","E","R","?","E","?","R","B",null,"M","M","?","?","$","R","?","M","T","$","R","$","R","?","R","B"],"character_chosen":"IRONCLAD","items_purchased":["Metallicize","Seeing Red","Clothesline","Rampage","OrangePellets","Metallicize"],"campfire_rested":10,"item_purchase_floors":[6,6,12,19,39,46],"current_hp_per_floor":[64,64,70,73,57,57,56,80,80,80,80,80,63,62,80,41,80,71,71,66,47,38,62,62,80,80,54,78,78,35,41,66,36,86,71,55,55,55,55,80,80,55,55,55,80,80,86,86,86,0],"gold":21,"neow_bonus":"ONE_RANDOM_RARE_CARD","is_prod":false,"is_daily":false,"chose_seed":false,"campfire_upgraded":1,"win_rate":0.0,"timestamp":1549181223,"path_taken":["M","?","M","?","?","$","M","R","T","R","E","$","M","M","R","BOSS","M","$","M","M","M","R","?","R","T","E","R","?","E","?","R","BOSS","M","M","?","?","$","R","?","M","T","$","R","?","R","?","R","BOSS"],"build_version":"2019-01-23","purchased_purges":1,"victory":false,"max_hp_per_floor":[80,80,80,80,80,80,80,80,80,80,80,80,80,80,80,80,80,80,80,80,80,80,80,80,80,80,80,80,80,80,86,86,86,86,86,86,86,86,86,86,86,86,86,86,86,86,86,86,86,86],"card_choices":[{"not_picked":["Spot Weakness","Warcry"],"picked":"Heavy Blade","floor":1},{"not_picked":["Pommel Strike","Power Through"],"picked":"Shockwave","floor":3},{"not_picked":["Reckless Charge","Anger"],"picked":"Metallicize","floor":4},{"not_picked":["Second Wind","Sword Boomerang"],"picked":"Body Slam","floor":7},{"not_picked":["Flex","Warcry"],"picked":"Burning Pact","floor":11},{"not_picked":["Armaments","True Grit","Clothesline"],"picked":"SKIP","floor":13},{"not_picked":["Fiend Fire","Carnage"],"picked":"Perfected Strike","floor":14},{"not_picked":["Brutality","Limit Break"],"picked":"Bludgeon","floor":16},{"not_picked":[],"picked":"Iron Wave","floor":18},{"not_picked":[],"picked":"Rupture","floor":20},{"not_picked":["Havoc"],"picked":"SKIP","floor":21},{"not_picked":[],"picked":"Havoc","floor":22},{"not_picked":[],"picked":"Inflame","floor":27},{"not_picked":[],"picked":"Whirlwind+1","floor":30},{"not_picked":[],"picked":"Berserk","floor":33},{"not_picked":[],"picked":"Shrug It Off+1","floor":35},{"not_picked":["Clash"],"picked":"SKIP","floor":36},{"not_picked":[],"picked":"Dropkick","floor":42}],"player_experience":81865,"relics_obtained":[{"floor":9,"key":"Juzu Bracelet"},{"floor":11,"key":"Sundial"},{"floor":26,"key":"Bronze Scales"},{"floor":27,"key":"Darkstone Periapt"},{"floor":30,"key":"Whetstone"},{"floor":43,"key":"Bottled Lightning"}],"event_choices":[{"damage_healed":0,"gold_gain":0,"player_choice":"Forge","damage_taken":0,"max_hp_gain":0,"max_hp_loss":0,"event_name":"Accursed Blacksmith","floor":2,"gold_loss":0,"cards_upgraded":["Barricade"]},{"damage_healed":0,"gold_gain":0,"player_choice":"Entered Light","damage_taken":16,"max_hp_gain":0,"max_hp_loss":0,"event_name":"Shining Light","floor":5,"gold_loss":0,"cards_upgraded":["Strike_R","Shockwave"]},{"damage_healed":0,"gold_gain":0,"player_choice":"Ignored","damage_taken":0,"max_hp_gain":0,"max_hp_loss":0,"event_name":"Ghosts","floor":24,"gold_loss":0},{"damage_healed":0,"gold_gain":0,"player_choice":"Copied","damage_taken":0,"max_hp_gain":0,"max_hp_loss":0,"event_name":"Duplicator","floor":29,"gold_loss":0,"cards_obtained":["Inflame"]},{"damage_healed":0,"gold_gain":0,"player_choice":"Smashed Altar","damage_taken":0,"max_hp_gain":0,"max_hp_loss":0,"event_name":"Forgotten Altar","floor":31,"gold_loss":0,"cards_obtained":["Decay"]},{"damage_healed":0,"gold_gain":0,"player_choice":"Ignored","damage_taken":0,"max_hp_gain":0,"max_hp_loss":0,"event_name":"Tomb of Lord Red Mask","floor":37,"gold_loss":0},{"damage_healed":0,"gold_gain":0,"player_choice":"Upgrade","damage_taken":0,"max_hp_gain":0,"max_hp_loss":0,"event_name":"Designer","floor":38,"gold_loss":40,"cards_upgraded":["Berserk"]},{"cards_removed":["Strike_R"],"damage_healed":0,"gold_gain":0,"player_choice":"Offered Basic","damage_taken":0,"max_hp_gain":0,"max_hp_loss":0,"event_name":"Bonfire Elementals","floor":41,"gold_loss":0},{"damage_healed":0,"gold_gain":0,"player_choice":"Memory 1","damage_taken":0,"max_hp_gain":0,"max_hp_loss":0,"event_name":"SensoryStone","floor":48,"gold_loss":0}],"is_beta":false,"boss_relics":[{"not_picked":["Coffee Dripper","White Beast Statue"],"picked":"Busted Crown"},{"not_picked":["Velvet Choker","Empty Cage"],"picked":"Fusion Hammer"}],"items_purged_floors":[39],"is_endless":false,"potions_floor_spawned":[4,11,16,18,21,36,42],"killed_by":"Awakened One","ascension_level":0}