{"gold_per_floor":[115,14,30,130,141,141,168,182,232,257,240,265,265,280,280,379,379,393,393,393,411,486,486,517,517,544,554,569,603,618,286,286,286],"floor_reached":33,"playtime":2030,"items_purged":["Strike_G","Doppelganger"],"score":481,"play_id":"2dfacad6-eba5-49f1-b3de-bea47e21a2b0","local_time":"20190212213353","is_ascension_mode":true,"campfire_choices":[{"data":"Neutralize","floor":6,"key":"SMITH"},{"floor":13,"key":"REST"},{"floor":15,"key":"REST"},{"floor":23,"key":"REST"},{"floor":25,"key":"REST"},{"floor":32,"key":"REST"}],"neow_cost":"NONE","seed_source_timestamp":26952200402149,"circlet_count":0,"master_deck":["Survivor","Neutralize+1","Deflect","Cloak And Dagger","Deadly Poison","Footwork","Backstab","Dagger Spray","Dash","Catalyst","Burst","Underhanded Strike","Choke","Bullet Time","Underhanded Strike","Eviscerate+1","Backstab","Grand Finale+1","Envenom","Footwork","Terror","Leg Sweep","Blade Dance","Noxious Fumes"],"relics":["Ring of the Snake","NeowsBlessing","Ninja Scroll","Ancient Tea Set","PreservedInsect","Sundial","Pandora\u0027s Box","Bottled Flame","Whetstone","Centennial Puzzle","Bag of Marbles","Membership Card","Bronze Scales"],"potions_floor_usage":[7,12,12,18,24,30,33],"damage_taken":[{"damage":0,"enemies":"2 Louse","floor":1,"turns":1},{"damage":0,"enemies":"Cultist","floor":3,"turns":1},{"damage":0,"enemies":"Small Slimes","floor":5,"turns":1},{"damage":16,"enemies":"Gremlin Nob","floor":7,"turns":5},{"damage":1,"enemies":"Looter","floor":8,"turns":3},{"damage":10,"enemies":"3 Sentries","floor":10,"turns":12},{"damage":9,"enemies":"Exordium Thugs","floor":11,"turns":4},{"damage":0,"enemies":"Lagavulin","floor":12,"turns":1},{"damage":0,"enemies":"Blue Slaver","floor":14,"turns":3},{"damage":62,"enemies":"Slime Boss","floor":16,"turns":16},{"damage":8,"enemies":"2 Thieves","floor":18,"turns":4},{"damage":0,"enemies":"Chosen","floor":21,"turns":3},{"damage":15,"enemies":"Gremlin Leader","floor":24,"turns":4},{"damage":12,"enemies":"Snake Plant","floor":27,"turns":3},{"damage":31,"enemies":"Centurion and Healer","floor":28,"turns":6},{"damage":8,"enemies":"Slavers","floor":29,"turns":7},{"damage":1,"enemies":"Snecko","floor":30,"turns":3},{"damage":57,"enemies":"Collector","floor":33,"turns":7}],"seed_played":"4966521088564367853","potions_obtained":[{"floor":3,"key":"Fire Potion"},{"floor":10,"key":"SteroidPotion"},{"floor":11,"key":"FearPotion"},{"floor":12,"key":"GhostInAJar"},{"floor":14,"key":"Swift Potion"},{"floor":16,"key":"Explosive Potion"},{"floor":21,"key":"SpeedPotion"},{"floor":29,"key":"Explosive Potion"}],"is_trial":false,"path_per_floor":["M","$","M","?","M","R","E","M","T","E","M","E","R","M","R","B",null,"M","?","?","M","T","R","E","R","T","M","M","E","M","$","R","B"],"character_chosen":"THE_SILENT","items_purchased":["Deflect","Membership Card","Bronze Scales"],"campfire_rested":5,"item_purchase_floors":[2,31,31],"current_hp_per_floor":[63,63,63,63,63,63,47,46,46,36,27,27,48,48,69,7,54,46,33,33,33,33,55,40,62,62,50,19,11,10,10,32,0],"gold":286,"neow_bonus":"THREE_ENEMY_KILL","is_prod":false,"is_daily":false,"chose_seed":false,"campfire_upgraded":1,"win_rate":0,"timestamp":1550003633,"path_taken":["M","$","M","?","?","R","E","M","T","E","M","E","R","M","R","BOSS","M","?","?","?","?","R","E","R","T","M","M","E","M","$","R","BOSS"],"build_version":"2019-01-23","purchased_purges":2,"victory":false,"max_hp_per_floor":[70,70,70,70,70,70,70,70,70,70,70,70,70,70,70,70,70,70,75,75,75,75,75,75,75,75,75,75,75,75,75,75,75],"card_choices":[{"not_picked":["Flying Knee","Dodge and Roll","Poisoned Stab"],"picked":"SKIP","floor":1},{"not_picked":["Dodge and Roll","All Out Attack"],"picked":"Cloak And Dagger","floor":3},{"not_picked":["Eviscerate","Outmaneuver"],"picked":"Deadly Poison","floor":5},{"not_picked":["Dagger Spray","Crippling Poison"],"picked":"Footwork","floor":7},{"not_picked":["Expertise","Blade Dance"],"picked":"Backstab","floor":8},{"not_picked":["Sucker Punch","Deadly Poison"],"picked":"Dagger Spray","floor":10},{"not_picked":["Distraction","Bouncing Flask"],"picked":"Dash","floor":11},{"not_picked":["Deadly Poison","Phantasmal Killer","Slice"],"picked":"SKIP","floor":12},{"not_picked":["Bouncing Flask","Deadly Poison"],"picked":"Catalyst","floor":14},{"not_picked":["A Thousand Cuts","Wraith Form v2"],"picked":"Burst","floor":16},{"not_picked":["Caltrops","Acrobatics"],"picked":"Footwork","floor":18},{"not_picked":["Deadly Poison","Flying Knee","Poisoned Stab+1"],"picked":"SKIP","floor":21},{"not_picked":["Choke","Deadly Poison"],"picked":"Leg Sweep","floor":24},{"not_picked":["Underhanded Strike","Infinite Blades","Finisher"],"picked":"SKIP","floor":27},{"not_picked":["Burst","Acrobatics"],"picked":"Blade Dance","floor":28},{"not_picked":["Dodge and Roll+1","Bane"],"picked":"Noxious Fumes","floor":29},{"not_picked":["Choke","Eviscerate","Bouncing Flask"],"picked":"SKIP","floor":30}],"player_experience":312514,"relics_obtained":[{"floor":7,"key":"Ninja Scroll"},{"floor":9,"key":"Ancient Tea Set"},{"floor":10,"key":"PreservedInsect"},{"floor":12,"key":"Sundial"},{"floor":22,"key":"Bottled Flame"},{"floor":24,"key":"Whetstone"},{"floor":26,"key":"Centennial Puzzle"},{"floor":29,"key":"Bag of Marbles"}],"event_choices":[{"damage_healed":0,"gold_gain":100,"player_choice":"Pray","damage_taken":0,"max_hp_gain":0,"max_hp_loss":0,"event_name":"Golden Shrine","floor":4,"gold_loss":0},{"damage_healed":0,"gold_gain":0,"player_choice":"Shed Blood","damage_taken":18,"max_hp_gain":5,"max_hp_loss":0,"event_name":"Forgotten Altar","floor":19,"gold_loss":0},{"damage_healed":0,"gold_gain":0,"player_choice":"1 cards matched","damage_taken":0,"max_hp_gain":0,"max_hp_loss":0,"event_name":"Match and Keep!","floor":20,"gold_loss":0,"cards_obtained":["Terror"]}],"is_beta":false,"boss_relics":[{"not_picked":["Empty Cage","Coffee Dripper"],"picked":"Pandora\u0027s Box"}],"items_purged_floors":[2,31],"is_endless":false,"potions_floor_spawned":[3,10,11,12,14,16,21,29],"killed_by":"Collector","ascension_level":9}