{"gold_per_floor":[111,111,111,37,53,378,378,378,378,404,421,446,446,481,481,585,585],"floor_reached":17,"playtime":257,"items_purged":[],"score":216,"play_id":"8ae33573-6076-42b9-a093-4408195458cf","local_time":"20190203132658","is_ascension_mode":true,"campfire_choices":[{"data":"Perfected Strike","floor":8,"key":"SMITH"},{"data":"Bash","floor":13,"key":"SMITH"},{"data":"Spot Weakness","floor":15,"key":"SMITH"}],"neow_cost":"NONE","seed_source_timestamp":98250533792268,"circlet_count":0,"master_deck":["Strike_R","Strike_R","Strike_R","Strike_R+1","Strike_R","Defend_R+1","Defend_R","Defend_R","Defend_R","Bash+1","Armaments+1","Shrug It Off","Headbutt","Wild Strike","Perfected Strike+1","Spot Weakness+1","Iron Wave","Wild Strike","Limit Break"],"relics":["Burning Blood","NeowsBlessing","Old Coin","Pen Nib","Letter Opener","Lantern","Art of War","Smiling Mask","Fusion Hammer"],"potions_floor_usage":[],"damage_taken":[{"damage":0,"enemies":"Small Slimes","floor":1,"turns":1},{"damage":0,"enemies":"Jaw Worm","floor":5,"turns":1},{"damage":0,"enemies":"Gremlin Nob","floor":6,"turns":1},{"damage":19,"enemies":"3 Sentries","floor":10,"turns":5},{"damage":0,"enemies":"2 Louse","floor":11,"turns":3},{"damage":31,"enemies":"Lagavulin","floor":12,"turns":4},{"damage":6,"enemies":"Gremlin Nob","floor":14,"turns":3},{"damage":20,"enemies":"Hexaghost","floor":16,"turns":7}],"seed_played":"3686458887720641305","potions_obtained":[{"floor":6,"key":"Regen Potion"},{"floor":12,"key":"Fire Potion"},{"floor":16,"key":"EssenceOfSteel"}],"is_trial":false,"path_per_floor":["M","?","?","$","M","E","?","R","T","E","M","E","R","E","R","B",null],"character_chosen":"IRONCLAD","items_purchased":["Shrug It Off","Headbutt"],"campfire_rested":0,"item_purchase_floors":[4,4],"current_hp_per_floor":[80,64,64,64,70,76,69,69,69,56,62,37,37,37,37,23,80],"gold":585,"neow_bonus":"THREE_ENEMY_KILL","is_prod":false,"is_daily":false,"chose_seed":false,"campfire_upgraded":3,"win_rate":0,"timestamp":1549229218,"path_taken":["M","?","?","$","M","E","?","R","T","E","M","E","R","E","R","BOSS"],"build_version":"2019-01-23","purchased_purges":0,"victory":false,"max_hp_per_floor":[80,80,80,80,80,80,80,80,80,80,80,80,80,80,80,80,80],"card_choices":[{"not_picked":["Pommel Strike","Havoc"],"picked":"Armaments","floor":1},{"not_picked":["Thunderclap","Body Slam"],"picked":"Wild Strike","floor":5},{"not_picked":["Cleave","Sword Boomerang"],"picked":"Perfected Strike","floor":6},{"not_picked":["Sentinel","Reckless Charge"],"picked":"Spot Weakness","floor":10},{"not_picked":["Combust","Blood for Blood"],"picked":"Iron Wave","floor":12},{"not_picked":["Pommel Strike","True Grit"],"picked":"Wild Strike","floor":14},{"not_picked":["Offering","Feed"],"picked":"Limit Break","floor":16}],"player_experience":1123723,"relics_obtained":[{"floor":6,"key":"Old Coin"},{"floor":9,"key":"Letter Opener"},{"floor":10,"key":"Lantern"},{"floor":12,"key":"Art of War"},{"floor":14,"key":"Smiling Mask"}],"event_choices":[{"damage_healed":0,"gold_gain":0,"player_choice":"Entered Light","damage_taken":16,"max_hp_gain":0,"max_hp_loss":0,"event_name":"Shining Light","floor":2,"gold_loss":0,"cards_upgraded":["Defend_R","Strike_R"]},{"damage_healed":0,"gold_gain":0,"player_choice":"Grow","damage_taken":0,"max_hp_gain":0,"max_hp_loss":0,"event_name":"Living Wall","floor":3,"gold_loss":0,"cards_upgraded":["Armaments"]},{"damage_healed":0,"gold_gain":0,"player_choice":"Success","damage_taken":7,"relics_obtained":["Pen Nib"],"max_hp_gain":0,"max_hp_loss":0,"event_name":"Scrap Ooze","floor":7,"gold_loss":0}],"is_beta":true,"boss_relics":[{"not_picked":["Runic Pyramid","Tiny House"],"picked":"Fusion Hammer"}],"items_purged_floors":[],"is_endless":false,"potions_floor_spawned":[6,12,16],"ascension_level":1}