{"gold_per_floor":[112,287,49,49,60,85,85,103,103,3,23,23,39,39,39,168,168,186,186,61,86,101,101,51,51,75,75,89,89,110,145,145,145],"floor_reached":33,"playtime":1656,"items_purged":["Shame","Doubt","Pain"],"score":368,"play_id":"e03c46c4-ad48-471c-b47b-620bbe7f8561","local_time":"20181111234529","is_ascension_mode":true,"campfire_choices":[{"floor":7,"key":"REST"},{"floor":15,"key":"REST"},{"data":"Exhume","floor":23,"key":"SMITH"},{"floor":25,"key":"REST"},{"data":"Armaments","floor":27,"key":"SMITH"},{"data":"Flame Barrier","floor":29,"key":"SMITH"},{"floor":32,"key":"REST"}],"neow_cost":"CURSE","seed_source_timestamp":333042490937708,"circlet_count":0,"master_deck":["Strike_R","Strike_R","Strike_R","Strike_R","Strike_R","Defend_R","Defend_R","Defend_R","Defend_R","Bash","Sword Boomerang","Feed","Headbutt","Armaments+1","Pummel","Infernal Blade","Reaper","Shockwave","Exhume+1","Flame Barrier+1","Double Tap"],"relics":["Burning Blood","Sundial","Pear","Nunchaku","WarpedTongs","Golden Idol","Mark of Pain","Nloth\u0027s Gift","Blood Vial","Unceasing Top"],"potions_floor_usage":[6,11,16,31,33],"damage_taken":[{"damage":18,"enemies":"Small Slimes","floor":1,"turns":5},{"damage":7,"enemies":"Jaw Worm","floor":5,"turns":3},{"damage":35,"enemies":"Lagavulin","floor":6,"turns":6},{"damage":8,"enemies":"2 Louse","floor":8,"turns":3},{"damage":37,"enemies":"Exordium Thugs","floor":11,"turns":5},{"damage":5,"enemies":"Blue Slaver","floor":13,"turns":2},{"damage":62,"enemies":"The Guardian","floor":16,"turns":14},{"damage":46,"enemies":"Chosen","floor":18,"turns":5},{"damage":17,"enemies":"Spheric Guardian","floor":21,"turns":4},{"damage":29,"enemies":"3 Cultists","floor":22,"turns":6},{"damage":25,"enemies":"Cultist and Chosen","floor":28,"turns":8},{"damage":22,"enemies":"Centurion and Healer","floor":30,"turns":8},{"damage":49,"enemies":"Slavers","floor":31,"turns":7},{"damage":158,"enemies":"Automaton","floor":33,"turns":12}],"seed_played":"2390281726597299834","potions_obtained":[{"floor":1,"key":"Dexterity Potion"},{"floor":5,"key":"Strength Potion"},{"floor":6,"key":"Poison Potion"},{"floor":28,"key":"EssenceOfSteel"},{"floor":30,"key":"Regen Potion"}],"is_trial":false,"path_per_floor":["M","?","$","?","M","E","R","M","T","$","M","?","M","?","R","B",null,"M","?","$","M","M","R","?","R","T","R","M","R","M","E","R","B"],"character_chosen":"IRONCLAD","items_purchased":["Feed"],"campfire_rested":4,"item_purchase_floors":[3],"current_hp_per_floor":[68,68,68,61,60,44,71,72,72,72,45,45,46,46,73,17,92,55,55,55,52,44,44,44,74,74,74,68,68,69,55,88,0],"gold":145,"neow_bonus":"ONE_RARE_RELIC","is_prod":false,"is_daily":false,"chose_seed":false,"campfire_upgraded":3,"win_rate":0,"timestamp":1541979929,"path_taken":["M","?","$","?","M","E","R","M","T","$","M","?","?","?","R","BOSS","M","?","$","M","?","R","?","R","T","R","?","R","M","E","R","BOSS"],"build_version":"2018-11-08","purchased_purges":3,"victory":false,"max_hp_per_floor":[80,80,80,80,80,93,93,96,96,96,100,100,100,92,92,92,92,95,95,95,98,101,101,101,101,101,101,108,108,111,111,111,111],"card_choices":[{"not_picked":["True Grit","Havoc"],"picked":"Sword Boomerang","floor":1},{"not_picked":["Warcry","Shrug It Off"],"picked":"Headbutt","floor":5},{"not_picked":["Twin Strike","Impervious","Pommel Strike"],"picked":"SKIP","floor":6},{"not_picked":["Body Slam","Clothesline"],"picked":"Armaments","floor":8},{"not_picked":["Dual Wield","Perfected Strike"],"picked":"Pummel","floor":11},{"not_picked":["Iron Wave","Thunderclap"],"picked":"Infernal Blade","floor":13},{"not_picked":["Offering","Impervious"],"picked":"Reaper","floor":16},{"not_picked":["Dropkick","Ghostly Armor"],"picked":"Shockwave","floor":18},{"not_picked":["Havoc","Warcry","Pommel Strike"],"picked":"SKIP","floor":21},{"not_picked":["Wild Strike+1","Flex"],"picked":"Exhume","floor":22},{"not_picked":["Sword Boomerang","Carnage"],"picked":"Flame Barrier","floor":28},{"not_picked":["Twin Strike","True Grit","Heavy Blade"],"picked":"SKIP","floor":30},{"not_picked":["Iron Wave","Sword Boomerang"],"picked":"Double Tap","floor":31}],"player_experience":301863,"relics_obtained":[{"floor":6,"key":"Pear"},{"floor":9,"key":"Nunchaku"},{"floor":26,"key":"Blood Vial"},{"floor":31,"key":"Unceasing Top"}],"event_choices":[{"damage_healed":0,"gold_gain":175,"player_choice":"AGREE","damage_taken":0,"max_hp_gain":0,"max_hp_loss":0,"event_name":"Liars Game","floor":2,"gold_loss":0,"cards_obtained":["Doubt"]},{"damage_healed":0,"gold_gain":0,"player_choice":"Success","damage_taken":7,"relics_obtained":["Sundial"],"max_hp_gain":0,"max_hp_loss":0,"event_name":"Scrap Ooze","floor":4,"gold_loss":0},{"damage_healed":0,"gold_gain":0,"player_choice":"Rummage","damage_taken":0,"relics_obtained":["WarpedTongs"],"max_hp_gain":0,"max_hp_loss":0,"event_name":"Accursed Blacksmith","floor":12,"gold_loss":0,"cards_obtained":["Pain"]},{"damage_healed":0,"gold_gain":0,"player_choice":"Lose Max HP","damage_taken":0,"relics_obtained":["Golden Idol"],"max_hp_gain":0,"max_hp_loss":8,"event_name":"Golden Idol","floor":14,"gold_loss":0},{"damage_healed":0,"gold_gain":0,"player_choice":"Traded Relic","damage_taken":0,"relics_obtained":["Nloth\u0027s Gift"],"max_hp_gain":0,"max_hp_loss":0,"event_name":"N\u0027loth","floor":19,"relics_lost":["WingedGreaves"],"gold_loss":0},{"damage_healed":0,"gold_gain":0,"player_choice":"Bet on Murderer","damage_taken":0,"max_hp_gain":0,"max_hp_loss":0,"event_name":"The Joust","floor":24,"gold_loss":50}],"is_beta":true,"boss_relics":[{"not_picked":["Black Star","Empty Cage"],"picked":"Mark of Pain"}],"items_purged_floors":[3,10,20],"is_endless":false,"potions_floor_spawned":[1,5,6,28,30],"killed_by":"Automaton","ascension_level":4}