{"path_per_floor":["M","?","?","$","M","M","E","$","T","R","?","E","?","$","R","B",null,"M","?","M","?","M","E","R","E","T","R","E","R","?","?","R","B",null,"M","?","M","M","$","E","R","M","T","E","?","M","E","M","R","B"],"character_chosen":"THE_SILENT","items_purchased":["Noxious Fumes","Well Laid Plans","Kunai","Noxious Fumes"],"gold_per_floor":[114,114,114,39,54,69,99,20,45,45,45,75,75,0,0,100,100,115,115,130,130,145,175,175,205,205,205,235,235,235,185,185,285,285,300,300,315,330,4,34,34,49,49,79,79,94,124,139,139,139],"floor_reached":51,"campfire_rested":0,"playtime":3187,"current_hp_per_floor":[66,59,45,45,43,40,35,35,35,35,35,43,46,46,46,59,80,80,40,19,19,28,28,28,28,28,28,22,22,22,22,22,28,28,26,16,23,21,21,15,15,25,25,28,28,28,26,28,28,28],"items_purged":["Regret"],"gold":139,"score":949,"play_id":"e0e931f5-8ac5-4903-a1fa-ba8c94189755","local_time":"20180514223035","daily_mods":["Specialized","Elite Swarm","Binary"],"is_prod":false,"is_daily":true,"chose_seed":false,"is_ascension_mode":false,"campfire_upgraded":8,"timestamp":1526333435,"path_taken":["M","?","?","?","?","M","E","$","T","R","?","E","?","$","R","BOSS","M","?","M","?","M","E","R","E","T","R","E","R","?","?","R","BOSS","M","?","M","M","$","E","R","M","T","E","?","?","E","M","R","BOSS"],"build_version":"2018-05-12v2","seed_source_timestamp":0,"purchased_purges":1,"victory":true,"master_deck":["Defend_G","Defend_G","Defend_G","Defend_G","Survivor","Neutralize","Wraith Form v2","Wraith Form v2+1","Wraith Form v2","Wraith Form v2","Wraith Form v2","Noxious Fumes+1","Outmaneuver+1","Noxious Fumes+1","Unload","Well Laid Plans","Venomology","Well Laid Plans","Ghostly","Ghostly","Ghostly","Ghostly","Ghostly","Bite+1","Bite","Bite","Bite","Bite+1","Acrobatics","Storm of Steel+1","Die Die Die","Corpse Explosion+1","Doppelganger+1","Blade Dance+1","Magnetism","Purity","Mind Blast+1","Bane+1","Noxious Fumes","Glass Knife+1","Acrobatics+1","Adrenaline+1","Skewer+1","After Image+1","Acrobatics+1"],"max_hp_per_floor":[70,70,70,70,70,70,70,70,70,70,70,70,80,80,80,80,80,80,40,40,28,28,28,28,28,28,28,28,28,28,28,28,28,28,28,28,28,28,28,28,28,28,28,28,28,28,28,28,28,28],"relics":["Ring of the Snake","Bird Faced Urn","Potion Belt","Dodecahedron","Regal Pillow","Pear","Runic Dome","Ninja Scroll","Toolbox","Meat on the Bone","Molten Egg 2","Blue Candle","Black Star","Kunai","Paper Crane","Darkstone Periapt","Question Card","Toxic Egg 2","Gremlin Horn","The Specimen","Gambling Chip"],"card_choices":[{"not_picked":["Distraction","Deflect"],"picked":"SKIP","floor":1},{"not_picked":["PiercingWail"],"picked":"Outmaneuver","floor":5},{"not_picked":["Sucker Punch"],"picked":"Noxious Fumes","floor":6},{"not_picked":["Tactician"],"picked":"Unload","floor":7},{"not_picked":["Grand Finale","A Thousand Cuts"],"picked":"SKIP","floor":12},{"not_picked":["Glass Knife"],"picked":"Venomology","floor":16},{"not_picked":["Endless Agony"],"picked":"Well Laid Plans","floor":18},{"not_picked":["Dodge and Roll","Underhanded Strike"],"picked":"SKIP","floor":20},{"not_picked":["Concentrate"],"picked":"Acrobatics","floor":22},{"not_picked":["Unload"],"picked":"Storm of Steel","floor":23},{"not_picked":["Grand Finale"],"picked":"Die Die Die","floor":25},{"not_picked":["Glass Knife"],"picked":"Corpse Explosion","floor":28},{"not_picked":["Wraith Form v2"],"picked":"Doppelganger","floor":33},{"not_picked":["Cloak And Dagger+1"],"picked":"Blade Dance+1","floor":35},{"not_picked":["Mind Blast"],"picked":"Magnetism","floor":36},{"not_picked":["Finesse"],"picked":"Purity","floor":36},{"not_picked":["Flash of Steel"],"picked":"Mind Blast","floor":36},{"not_picked":["Outmaneuver+1"],"picked":"Bane+1","floor":37},{"not_picked":["Blur","PiercingWail"],"picked":"SKIP","floor":38},{"not_picked":["Storm of Steel"],"picked":"Glass Knife+1","floor":40},{"not_picked":["Sucker Punch+1"],"picked":"Acrobatics+1","floor":42},{"not_picked":["Wraith Form v2","Burst"],"picked":"Adrenaline","floor":44},{"not_picked":["Finisher+1","PiercingWail+1"],"picked":"Skewer+1","floor":46},{"not_picked":["A Thousand Cuts","Night Terror+1"],"picked":"After Image","floor":47},{"not_picked":["Eviscerate+1","Bane+1"],"picked":"Acrobatics+1","floor":48}],"player_experience":144814,"potions_floor_usage":[20,23,25,25,33,33,40,46,48,50,50,50],"damage_taken":[{"damage":4,"enemies":"Small Slimes","floor":1,"turns":7},{"damage":2,"enemies":"2 Louse","floor":5,"turns":4},{"damage":3,"enemies":"Jaw Worm","floor":6,"turns":7},{"damage":5,"enemies":"Gremlin Nob","floor":7,"turns":7},{"damage":6,"enemies":"Lagavulin","floor":12,"turns":9},{"damage":1,"enemies":"Slime Boss","floor":16,"turns":9},{"damage":2,"enemies":"Chosen","floor":18,"turns":6},{"damage":31,"enemies":"3 Byrds","floor":20,"turns":6},{"damage":5,"enemies":"Snecko","floor":22,"turns":8},{"damage":6,"enemies":"Book of Stabbing","floor":23,"turns":8},{"damage":6,"enemies":"Slavers","floor":25,"turns":6},{"damage":19,"enemies":"Book of Stabbing","floor":28,"turns":8},{"damage":10,"enemies":"Champ","floor":33,"turns":14},{"damage":6,"enemies":"3 Shapes","floor":35,"turns":4},{"damage":6,"enemies":"Orb Walker","floor":37,"turns":5},{"damage":23,"enemies":"Maw","floor":38,"turns":9},{"damage":43,"enemies":"2 Orb Walkers","floor":40,"turns":5},{"damage":18,"enemies":"Sphere and 2 Shapes","floor":42,"turns":8},{"damage":5,"enemies":"Giant Head","floor":44,"turns":9},{"damage":2,"enemies":"Spire Growth","floor":46,"turns":5},{"damage":5,"enemies":"2 Orb Walkers","floor":47,"turns":6},{"damage":0,"enemies":"Maw","floor":48,"turns":8},{"damage":0,"enemies":"Awakened One","floor":50,"turns":13}],"event_choices":[{"event_name":"Golden Wing","player_choice":"Card Removal","floor":2,"damage_taken":0},{"event_name":"Shining Light","player_choice":"Entered Light","floor":3,"damage_taken":0},{"event_name":"Big Fish","player_choice":"Box","floor":11,"damage_taken":0},{"event_name":"Scrap Ooze","player_choice":"success","floor":13,"damage_taken":7},{"event_name":"Ghosts","player_choice":"Became a Ghost","floor":19,"damage_taken":0},{"event_name":"Vampires","player_choice":"Became a vampire","floor":21,"damage_taken":0},{"event_name":"The Mausoleum","player_choice":"Yes","floor":30,"damage_taken":0},{"event_name":"The Joust","player_choice":"Bet on Murderer","floor":31,"damage_taken":0},{"event_name":"SensoryStone","player_choice":"Memory 3","floor":36,"damage_taken":0},{"event_name":"Fountain of Cleansing","player_choice":"Removed Curse","floor":45,"damage_taken":0}],"boss_relics":[{"not_picked":["Sozu","Runic Pyramid"],"picked":"Runic Dome"},{"not_picked":["Astrolabe","White Beast Statue"],"picked":"Black Star"}],"potions_floor_spawned":[1,12,22,33,35,37,46,48],"seed_played":"-3074806575419044376","ascension_level":0,"is_trial":false}