{"gold_per_floor":[109,109,39,0,16,42,42,59,130,145,145,179,179,193,193,324,324,343,39,59,59,71,71],"floor_reached":23,"playtime":2559,"items_purged":[],"score":201,"play_id":"2e5e8511-1cf1-45bc-a505-2231177be9d7","local_time":"20190127172645","is_ascension_mode":false,"campfire_choices":[{"floor":7,"key":"REST"},{"floor":13,"key":"REST"},{"floor":15,"key":"REST"}],"neow_cost":"NONE","seed_source_timestamp":29635643016956,"circlet_count":0,"master_deck":["Defend_G+1","Defend_G","Defend_G","Defend_G","Defend_G","Strike_G","Strike_G","Strike_G","Strike_G","Strike_G","Survivor+1","Neutralize","Die Die Die","Acrobatics","Infinite Blades","Bane","Leg Sweep","Dagger Spray","Flying Knee","Dash","Backstab","Wraith Form v2","Choke","All Out Attack","PiercingWail","Footwork","Bandage Up","Deadly Poison","Escape Plan"],"special_seed":0,"relics":["Ring of the Serpent","PreservedInsect","Letter Opener","Nunchaku","Nloth\u0027s Gift"],"potions_floor_usage":[16,23,23],"damage_taken":[{"damage":0,"enemies":"2 Louse","floor":1,"turns":2},{"damage":8,"enemies":"Small Slimes","floor":5,"turns":2},{"damage":27,"enemies":"3 Sentries","floor":6,"turns":7},{"damage":0,"enemies":"Jaw Worm","floor":8,"turns":3},{"damage":7,"enemies":"Exordium Thugs","floor":10,"turns":5},{"damage":14,"enemies":"Gremlin Nob","floor":12,"turns":3},{"damage":8,"enemies":"Lots of Slimes","floor":14,"turns":3},{"damage":38,"enemies":"The Guardian","floor":16,"turns":17},{"damage":14,"enemies":"3 Byrds","floor":18,"turns":6},{"damage":19,"enemies":"Shell Parasite","floor":20,"turns":8},{"damage":14,"enemies":"Snecko","floor":22,"turns":8},{"damage":45,"enemies":"Gremlin Leader","floor":23,"turns":7}],"seed_played":"7306071412935281775","potions_obtained":[{"floor":6,"key":"EssenceOfSteel"},{"floor":8,"key":"PowerPotion"},{"floor":12,"key":"EntropicBrew"},{"floor":20,"key":"LiquidBronze"},{"floor":22,"key":"Regen Potion"}],"is_trial":false,"path_per_floor":["M","?","$","?","M","E","R","M","T","M","?","E","R","M","R","B",null,"M","$","M","?","M","E"],"character_chosen":"THE_SILENT","items_purchased":["Infinite Blades","All Out Attack","PiercingWail","Footwork","Bandage Up"],"campfire_rested":3,"item_purchase_floors":[3,19,19,19,19],"current_hp_per_floor":[70,56,56,56,48,21,42,42,42,35,35,21,40,32,51,13,65,51,51,36,36,26,0],"gold":71,"neow_bonus":"ONE_RANDOM_RARE_CARD","is_prod":false,"is_daily":false,"chose_seed":false,"campfire_upgraded":0,"win_rate":0.0,"timestamp":1548631605,"path_taken":["M","?","$","?","M","E","R","M","T","M","?","E","R","M","R","BOSS","M","$","M","?","M","E"],"build_version":"2019-01-23","purchased_purges":0,"victory":false,"max_hp_per_floor":[70,70,70,70,70,70,70,70,70,70,65,65,65,65,65,65,65,65,65,65,65,65,65],"card_choices":[{"not_picked":["Blade Dance","Outmaneuver"],"picked":"Acrobatics","floor":1},{"not_picked":["Acrobatics","Endless Agony"],"picked":"Bane","floor":5},{"not_picked":["Riddle With Holes","Bane"],"picked":"Leg Sweep","floor":6},{"not_picked":["Prepared","Blade Dance"],"picked":"Dagger Spray","floor":8},{"not_picked":["Dagger Throw","Backflip"],"picked":"Flying Knee","floor":10},{"not_picked":["Terror","Predator"],"picked":"Dash","floor":12},{"not_picked":["Calculated Gamble","Flying Knee"],"picked":"Backstab","floor":14},{"not_picked":["Tools of the Trade","After Image"],"picked":"Wraith Form v2","floor":16},{"not_picked":["Blade Dance+1","Dodge and Roll"],"picked":"Choke","floor":18},{"not_picked":["Bane+1","Backflip+1"],"picked":"Deadly Poison","floor":20},{"not_picked":["Blade Dance+1","Footwork"],"picked":"Escape Plan","floor":22}],"player_experience":33048,"relics_obtained":[{"floor":6,"key":"PreservedInsect"},{"floor":9,"key":"Letter Opener"},{"floor":12,"key":"Nunchaku"}],"event_choices":[{"damage_healed":0,"gold_gain":0,"player_choice":"Entered Light","damage_taken":14,"max_hp_gain":0,"max_hp_loss":0,"event_name":"Shining Light","floor":2,"gold_loss":0,"cards_upgraded":["Defend_G","Survivor"]},{"damage_healed":0,"gold_gain":0,"player_choice":"Left Gold","damage_taken":0,"max_hp_gain":0,"max_hp_loss":0,"event_name":"World of Goop","floor":4,"gold_loss":39},{"damage_healed":0,"gold_gain":0,"player_choice":"Lose Max HP","damage_taken":0,"relics_obtained":["Golden Idol"],"max_hp_gain":0,"max_hp_loss":5,"event_name":"Golden Idol","floor":11,"gold_loss":0},{"damage_healed":0,"gold_gain":0,"player_choice":"Traded Relic","damage_taken":0,"relics_obtained":["Nloth\u0027s Gift"],"max_hp_gain":0,"max_hp_loss":0,"event_name":"N\u0027loth","floor":21,"relics_lost":["Golden Idol"],"gold_loss":0}],"is_beta":false,"boss_relics":[{"not_picked":["HoveringKite","Coffee Dripper"],"picked":"Ring of the Serpent"}],"items_purged_floors":[],"is_endless":false,"potions_floor_spawned":[6,8,12,14,20,22],"killed_by":"Gremlin Leader","ascension_level":0}