{"gold_per_floor":[110,38,38,52,52,96,96,129,199,215,231,231,254,254,254,385,385,399,449,470,489,48,48,79,79,151,151],"floor_reached":27,"playtime":844,"items_purged":["Strike_B"],"score":363,"play_id":"497018d8-cc8e-4c77-84bd-fc0c4e38cfaa","local_time":"20190123212653","is_ascension_mode":true,"campfire_choices":[{"data":"Defragment","floor":7.0,"key":"SMITH"},{"data":"Sunder","floor":12.0,"key":"SMITH"},{"floor":15.0,"key":"REST"},{"floor":23,"key":"REST"},{"floor":25,"key":"REST"}],"neow_cost":"NONE","seed_source_timestamp":0,"circlet_count":0,"master_deck":["Strike_B","Strike_B","Strike_B","Defend_B","Defend_B","Defend_B+1","Defend_B","Zap+1","Dualcast","Defragment+1","Defragment","Ball Lightning","Go for the Eyes","Reinforced Body","Sunder+1","Hello World","Parasite","Amplify","Self Repair+1","Loop"],"special_seed":0,"relics":["Cracked Core","NeowsBlessing","Golden Idol","Art of War","War Paint","Kunai","Sozu","Chemical X","DataDisk","Matryoshka","Blue Candle","Question Card"],"potions_floor_usage":[18,27],"damage_taken":[{"damage":0.0,"enemies":"Jaw Worm","floor":1.0,"turns":1.0},{"damage":0.0,"enemies":"2 Louse","floor":4.0,"turns":1.0},{"damage":0.0,"enemies":"Gremlin Nob","floor":6.0,"turns":1.0},{"damage":25.0,"enemies":"Lagavulin","floor":8.0,"turns":7.0},{"damage":0.0,"enemies":"Small Slimes","floor":10.0,"turns":3.0},{"damage":7.0,"enemies":"Exordium Wildlife","floor":11.0,"turns":4.0},{"damage":15.0,"enemies":"Gremlin Gang","floor":13.0,"turns":3.0},{"damage":0.0,"enemies":"Slime Boss","floor":16.0,"turns":7.0},{"damage":21,"enemies":"3 Byrds","floor":18,"turns":4},{"damage":7,"enemies":"Chosen","floor":20,"turns":5},{"damage":13,"enemies":"Sentry and Sphere","floor":21,"turns":4},{"damage":46,"enemies":"Slavers","floor":24,"turns":7},{"damage":69,"enemies":"3 Cultists","floor":27,"turns":5}],"seed_played":"-5831758549792119028","potions_obtained":[{"floor":1.0,"key":"Regen Potion"},{"floor":11.0,"key":"Block Potion"},{"floor":13.0,"key":"Energy Potion"}],"is_trial":false,"path_per_floor":["M","$","?","M","?","E","R","E","T","M","M","R","M","?","R","B",null,"M","?","M","M","$","R","E","R","T","M"],"character_chosen":"DEFECT","items_purchased":["Defragment","Chemical X","DataDisk"],"campfire_rested":3,"item_purchase_floors":[2,22,22],"current_hp_per_floor":[75,75,75,75,75,75,75,50,50,50,43,43,28,46,68,68,75,54,54,47,44,44,66,30,52,52,0],"gold":151,"neow_bonus":"THREE_ENEMY_KILL","is_prod":false,"is_daily":false,"chose_seed":false,"campfire_upgraded":2,"win_rate":0,"timestamp":1548296813,"path_taken":["M","$","?","M","?","E","R","E","T","M","M","R","?","?","R","BOSS","M","?","M","M","$","R","E","R","T","M"],"build_version":"2019-01-23","purchased_purges":1,"victory":false,"max_hp_per_floor":[75,75,75,75,75,75,75,75,75,75,75,75,75,75,75,75,75,75,75,75,75,75,75,75,75,75,75],"card_choices":[{"not_picked":["Redo","Leap"],"picked":"Defragment","floor":1.0},{"not_picked":["Steam","Compile Driver"],"picked":"Ball Lightning","floor":4.0},{"not_picked":["Rip and Tear","Leap"],"picked":"Go for the Eyes","floor":6.0},{"not_picked":["Redo","Undo"],"picked":"Reinforced Body","floor":8.0},{"not_picked":["Beam Cell","Scrape"],"picked":"Sunder","floor":10.0},{"not_picked":["Static Discharge","Ball Lightning"],"picked":"Hello World","floor":11.0},{"not_picked":["Core Surge","Reprogram","Coolheaded"],"picked":"SKIP","floor":13.0},{"not_picked":["Hyperbeam","Reboot"],"picked":"Amplify","floor":16.0},{"not_picked":["Stack","Melter"],"picked":"Self Repair+1","floor":18},{"not_picked":["Stack+1","Melter+1"],"picked":"Loop","floor":20},{"not_picked":["Ball Lightning","Stack","FTL"],"picked":"SKIP","floor":21},{"not_picked":["Chaos","Scrape","Darkness"],"picked":"SKIP","floor":24}],"player_experience":114080,"relics_obtained":[{"floor":6.0,"key":"Art of War"},{"floor":8.0,"key":"War Paint"},{"floor":9.0,"key":"Kunai"},{"floor":24,"key":"Matryoshka"},{"floor":26,"key":"Blue Candle"},{"floor":26,"key":"Question Card"}],"event_choices":[{"damage_healed":0.0,"max_hp_gain":0.0,"max_hp_loss":0.0,"gold_gain":0.0,"event_name":"Golden Idol","player_choice":"Take Wound","floor":3.0,"gold_loss":0.0,"damage_taken":0.0,"relics_obtained":["Golden Idol"],"cards_obtained":["Injury"]},{"cards_removed":["Injury"],"damage_healed":0.0,"max_hp_gain":0.0,"max_hp_loss":0.0,"gold_gain":0.0,"event_name":"Living Wall","player_choice":"Forget","floor":5.0,"gold_loss":0.0,"damage_taken":0.0},{"damage_healed":18.0,"max_hp_gain":0.0,"max_hp_loss":0.0,"gold_gain":0.0,"event_name":"Mushrooms","player_choice":"Healed and dodged fight","floor":14.0,"gold_loss":0.0,"damage_taken":0.0,"cards_obtained":["Parasite"]},{"damage_healed":0,"gold_gain":100,"player_choice":"Bet on Murderer","damage_taken":0,"max_hp_gain":0,"max_hp_loss":0,"event_name":"The Joust","floor":19,"gold_loss":50}],"is_beta":false,"boss_relics":[{"not_picked":["Lizard Tail","Velvet Choker"],"picked":"Sozu"}],"items_purged_floors":[22],"is_endless":false,"potions_floor_spawned":[1,11,13,16],"killed_by":"3 Cultists","ascension_level":3}