{"gold_per_floor":[15,34,34,34,53,53,83,83,83,96,128,128,128,161,161,235,235,255,180,180,192,4,4,16,16,16,16,16,35,134,59,59,138,188,206,225,225,243,258,258,285,285,310,310,322,338,318,336,336,336],"floor_reached":50,"playtime":2435,"items_purged":["Strike_R+1"],"score":836,"play_id":"49248e63-7c11-426d-84ab-4bfd4214fc49","local_time":"20190202212535","is_ascension_mode":true,"campfire_choices":[{"data":"Armaments","floor":6.0,"key":"SMITH"},{"data":"Seeing Red","floor":8.0,"key":"SMITH"},{"data":"True Grit","floor":15.0,"key":"SMITH"},{"data":"Entrench","floor":27.0,"key":"SMITH"},{"data":"Perfected Strike","floor":32.0,"key":"SMITH"},{"floor":40.0,"key":"REST"},{"floor":42.0,"key":"REST"},{"floor":49,"key":"REST"}],"neow_cost":"NO_GOLD","seed_source_timestamp":0,"circlet_count":0,"master_deck":["AscendersBane","Strike_R+1","Strike_R+1","Strike_R+1","Defend_R+1","Defend_R+1","Defend_R+1","Bash","Armaments+1","Wild Strike+1","Seeing Red+1","Clothesline","True Grit+1","Barricade+1","Impervious","Shockwave","Entrench+1","Feel No Pain+1","Intimidate","Limit Break","Perfected Strike+1","Necronomicurse","Doubt","Evolve+1","Sever Soul","Juggernaut+1","Warcry","Inflame+1","Body Slam","Writhe","Wild Strike+1","Immolate"],"special_seed":0,"relics":["Burning Blood","Charon\u0027s Ashes","Pocketwatch","Frozen Egg 2","Ornamental Fan","Lantern","Cursed Key","Necronomicon","Matryoshka","Tiny House","Letter Opener","Centennial Puzzle","Bag of Marbles"],"potions_floor_usage":[48,50],"damage_taken":[{"damage":9.0,"enemies":"2 Louse","floor":1.0,"turns":3.0},{"damage":6.0,"enemies":"Jaw Worm","floor":2.0,"turns":4.0},{"damage":0.0,"enemies":"Small Slimes","floor":5.0,"turns":3.0},{"damage":30.0,"enemies":"3 Sentries","floor":7.0,"turns":7.0},{"damage":0.0,"enemies":"2 Fungi Beasts","floor":10.0,"turns":2.0},{"damage":22.0,"enemies":"Lagavulin","floor":11.0,"turns":6.0},{"damage":0.0,"enemies":"Looter","floor":13.0,"turns":1.0},{"damage":17.0,"enemies":"3 Sentries","floor":14.0,"turns":7.0},{"damage":43.0,"enemies":"Hexaghost","floor":16.0,"turns":13.0},{"damage":9.0,"enemies":"Chosen","floor":18.0,"turns":5.0},{"damage":4.0,"enemies":"3 Byrds","floor":21.0,"turns":6.0},{"damage":9.0,"enemies":"Centurion and Healer","floor":24.0,"turns":6.0},{"damage":0.0,"enemies":"Snecko","floor":29.0,"turns":5.0},{"damage":14.0,"enemies":"Champ","floor":33.0,"turns":13.0},{"damage":0.0,"enemies":"3 Shapes","floor":35.0,"turns":4.0},{"damage":35.0,"enemies":"3 Darklings","floor":36.0,"turns":5.0},{"damage":0.0,"enemies":"Jaw Worm Horde","floor":38.0,"turns":6.0},{"damage":45.0,"enemies":"Writhing Mass","floor":39.0,"turns":6.0},{"damage":10.0,"enemies":"Giant Head","floor":41.0,"turns":8.0},{"damage":24.0,"enemies":"Maw","floor":45.0,"turns":7.0},{"damage":4.0,"enemies":"3 Darklings","floor":46.0,"turns":4.0},{"damage":13,"enemies":"Transient","floor":48,"turns":5},{"damage":67,"enemies":"Time Eater","floor":50,"turns":7}],"seed_played":"-4103908629428375743","potions_obtained":[{"floor":2.0,"key":"GamblersBrew"},{"floor":10.0,"key":"SmokeBomb"},{"floor":11.0,"key":"SteroidPotion"},{"floor":21.0,"key":"Ancient Potion"},{"floor":24.0,"key":"Ancient Potion"},{"floor":29.0,"key":"SteroidPotion"},{"floor":34.0,"key":"FearPotion"},{"floor":35.0,"key":"Strength Potion"},{"floor":36.0,"key":"Explosive Potion"},{"floor":37.0,"key":"PowerPotion"},{"floor":37.0,"key":"AttackPotion"},{"floor":45.0,"key":"FearPotion"},{"floor":47.0,"key":"BloodPotion"}],"is_trial":false,"path_per_floor":["M","M","?","$","M","R","E","R","T","M","E","?","M","E","R","B",null,"M","?","?","M","$","?","M","?","T","R","$","M","?","$","R","B",null,"M","M","?","M","M","R","E","R","T","?","M","M","?","M","R","B"],"character_chosen":"IRONCLAD","items_purchased":["Feel No Pain+1","Intimidate","Sever Soul"],"campfire_rested":3,"item_purchase_floors":[22,22,31],"current_hp_per_floor":[65,65,65,65,71,71,47,47,47,53,37,55,61,50,50,13,60,57,57,57,59,59,59,56,40,40,40,40,46,46,46,46,38,69,75,46,46,52,13,36,32,55,55,55,37,39,39,39,62,0],"gold":336,"neow_bonus":"ONE_RARE_RELIC","is_prod":false,"is_daily":false,"chose_seed":false,"campfire_upgraded":5,"win_rate":0,"timestamp":1549142735,"path_taken":["M","M","?","$","M","R","E","R","T","M","E","?","M","E","R","BOSS","M","?","?","M","$","?","M","?","T","R","$","?","?","$","R","BOSS","M","M","?","M","?","R","E","R","T","?","M","?","?","M","R","BOSS"],"build_version":"2019-01-23","purchased_purges":1,"victory":false,"max_hp_per_floor":[75,75,75,75,75,75,75,75,75,75,75,75,75,75,75,75,75,75,72,72,72,72,72,72,72,72,72,72,72,72,72,72,72,77,77,77,77,77,77,77,77,77,77,77,77,77,77,77,77,77],"card_choices":[{"not_picked":["Anger","Shrug It Off"],"picked":"Armaments","floor":1.0},{"not_picked":["Hemokinesis","Headbutt"],"picked":"Wild Strike","floor":2.0},{"not_picked":["Searing Blow","Bloodletting","Pommel Strike"],"picked":"SKIP","floor":5.0},{"not_picked":["Iron Wave","Metallicize"],"picked":"Seeing Red","floor":7.0},{"not_picked":["Combust+1","Blood for Blood"],"picked":"Clothesline","floor":10.0},{"not_picked":["Twin Strike","Warcry"],"picked":"True Grit","floor":11.0},{"not_picked":["Havoc","Iron Wave"],"picked":"Barricade+1","floor":14.0},{"not_picked":["Demon Form+1","Feed"],"picked":"Impervious","floor":16.0},{"not_picked":["Clothesline+1","Iron Wave"],"picked":"Shockwave","floor":18.0},{"not_picked":["Clothesline","Seeing Red+1"],"picked":"Entrench","floor":21.0},{"not_picked":["Pommel Strike","True Grit","Flame Barrier+1"],"picked":"SKIP","floor":24.0},{"not_picked":["Body Slam","Dual Wield"],"picked":"Evolve+1","floor":29.0},{"not_picked":["Demon Form+1","Limit Break"],"picked":"Juggernaut+1","floor":33.0},{"not_picked":["Clothesline+1","Clash"],"picked":"Warcry","floor":35.0},{"not_picked":["Perfected Strike","Heavy Blade","Dropkick"],"picked":"SKIP","floor":36.0},{"not_picked":["Seeing Red","Anger"],"picked":"Inflame+1","floor":38.0},{"not_picked":["True Grit+1","Headbutt"],"picked":"Body Slam","floor":39.0},{"not_picked":["Seeing Red","Sever Soul","Uppercut+1"],"picked":"SKIP","floor":41.0},{"not_picked":["Whirlwind+1","Sword Boomerang","Perfected Strike+1"],"picked":"SKIP","floor":45.0},{"not_picked":["Ghostly Armor","Warcry"],"picked":"Immolate","floor":46.0},{"not_picked":["Uppercut","Twin Strike","Cleave"],"picked":"SKIP","floor":48}],"player_experience":548965,"relics_obtained":[{"floor":7.0,"key":"Pocketwatch"},{"floor":9.0,"key":"Frozen Egg 2"},{"floor":11.0,"key":"Ornamental Fan"},{"floor":14.0,"key":"Lantern"},{"floor":25.0,"key":"Necronomicon"},{"floor":26.0,"key":"Matryoshka"},{"floor":41.0,"key":"Letter Opener"},{"floor":43.0,"key":"Centennial Puzzle"},{"floor":43.0,"key":"Bag of Marbles"}],"event_choices":[{"damage_healed":0.0,"max_hp_gain":0.0,"max_hp_loss":0.0,"gold_gain":0.0,"event_name":"The Cleric","player_choice":"Leave","floor":3.0,"gold_loss":0.0,"damage_taken":0.0},{"damage_healed":18.0,"max_hp_gain":0.0,"max_hp_loss":0.0,"gold_gain":0.0,"event_name":"Mushrooms","player_choice":"Healed and dodged fight","floor":12.0,"gold_loss":0.0,"damage_taken":0.0,"cards_obtained":["Parasite"]},{"cards_removed":["Parasite"],"damage_healed":0.0,"max_hp_gain":0.0,"max_hp_loss":0.0,"gold_gain":0.0,"event_name":"Beggar","player_choice":"Gave Gold","floor":19.0,"gold_loss":75.0,"damage_taken":0.0},{"damage_healed":0.0,"max_hp_gain":0.0,"max_hp_loss":0.0,"gold_gain":0.0,"event_name":"Back to Basics","player_choice":"Simplicity","floor":20.0,"gold_loss":0.0,"damage_taken":0.0,"cards_upgraded":["Strike_R","Strike_R","Strike_R","Strike_R","Strike_R","Defend_R","Defend_R","Defend_R","Defend_R"]},{"damage_healed":0.0,"max_hp_gain":0.0,"max_hp_loss":0.0,"gold_gain":0.0,"cards_transformed":["Defend_R","Strike_R"],"event_name":"Drug Dealer","player_choice":"Became Test Subject","floor":23.0,"gold_loss":0.0,"damage_taken":0.0,"cards_obtained":["Limit Break","Perfected Strike"]},{"damage_healed":0.0,"max_hp_gain":0.0,"max_hp_loss":0.0,"gold_gain":0.0,"event_name":"Cursed Tome","player_choice":"Obtained Book","floor":25.0,"gold_loss":0.0,"damage_taken":16.0},{"damage_healed":0.0,"max_hp_gain":0.0,"max_hp_loss":0.0,"gold_gain":99.0,"event_name":"Nest","player_choice":"Stole From Cult","floor":30.0,"gold_loss":0.0,"damage_taken":0.0},{"damage_healed":0.0,"max_hp_gain":0.0,"max_hp_loss":0.0,"gold_gain":0.0,"event_name":"Lab","player_choice":"Got Potions","floor":37.0,"gold_loss":0.0,"damage_taken":0.0},{"damage_healed":0.0,"max_hp_gain":0.0,"max_hp_loss":0.0,"gold_gain":0.0,"event_name":"Duplicator","player_choice":"Copied","floor":44.0,"gold_loss":0.0,"damage_taken":0.0,"cards_obtained":["Wild Strike"]},{"damage_healed":0.0,"max_hp_gain":0.0,"max_hp_loss":0.0,"gold_gain":0.0,"event_name":"The Woman in Blue","player_choice":"Bought 1 Potion","floor":47.0,"gold_loss":0.0,"damage_taken":0.0}],"is_beta":true,"boss_relics":[{"not_picked":["Runic Cube","Black Blood"],"picked":"Cursed Key"},{"not_picked":["Coffee Dripper","Lizard Tail"],"picked":"Tiny House"}],"items_purged_floors":[22],"is_endless":false,"potions_floor_spawned":[2,10,11,13,21,24,29,35,36,38,45],"killed_by":"Time Eater","ascension_level":14}