{"gold_per_floor":[114,114,33,308,328,328,344,344,367,16,16,51,51,77,77,151,151,171,171,171,115,115,115,142,160,206,206,218,245,64,75,75,152,152,163,34,44,63,10,10,44,44,44,61,88,88,105,1,1,1,1],"floor_reached":52,"playtime":2967,"items_purged":["Regret","Doubt","Strike_B+1","Regret"],"score":1983,"play_id":"c23a49a4-c448-4d49-b4d3-c0a843ddf78e","local_time":"20190210140658","is_ascension_mode":true,"campfire_choices":[{"data":"Coolheaded","floor":6.0,"key":"SMITH"},{"data":"Hologram","floor":8.0,"key":"SMITH"},{"data":"Capacitor","floor":13.0,"key":"SMITH"},{"data":"Zap","floor":15.0,"key":"SMITH"},{"data":"Coolheaded","floor":23.0,"key":"SMITH"},{"floor":27.0,"key":"REST"},{"floor":32.0,"key":"REST"},{"floor":40,"key":"REST"},{"floor":46,"key":"REST"},{"floor":49,"key":"REST"}],"neow_cost":"NONE","seed_source_timestamp":2672402984049,"circlet_count":0,"master_deck":["AscendersBane","Strike_B+1","Defend_B+1","Defend_B+1","Defend_B+1","Defend_B+1","Zap+1","Dualcast","Ball Lightning","Coolheaded+1","Hologram+1","Cold Snap","Cold Snap","Coolheaded+1","Capacitor+1","Skim","Meteor Strike","Turbo","Beam Cell+1","Sweeping Beam","Chill","Loop","Hologram","Hello World","Hologram","Capacitor+1","Hologram","Echo Form","Compile Driver","Reinforced Body","Coolheaded","Consume","Stack","Go for the Eyes+1","Seek","Defragment","Hologram+1","Stack","Capacitor"],"special_seed":0,"relics":["Sozu","Potion Belt","Oddly Smooth Stone","Bag of Marbles","Smiling Mask","Cursed Key","Matryoshka","Regal Pillow","Orichalcum","Dream Catcher","Fusion Hammer","Torii","Mercury Hourglass","Singing Bowl","Centennial Puzzle"],"potions_floor_usage":[],"damage_taken":[{"damage":1.0,"enemies":"Small Slimes","floor":1.0,"turns":4.0},{"damage":0.0,"enemies":"Cultist","floor":5.0,"turns":3.0},{"damage":4.0,"enemies":"2 Louse","floor":7.0,"turns":4.0},{"damage":0.0,"enemies":"3 Sentries","floor":12.0,"turns":8.0},{"damage":28.0,"enemies":"Gremlin Nob","floor":14.0,"turns":5.0},{"damage":29.0,"enemies":"The Guardian","floor":16.0,"turns":12.0},{"damage":4.0,"enemies":"3 Byrds","floor":18.0,"turns":6.0},{"damage":12.0,"enemies":"Colosseum Slavers","floor":20.0,"turns":7.0},{"damage":20.0,"enemies":"Gremlin Leader","floor":24.0,"turns":6.0},{"damage":2.0,"enemies":"Spheric Guardian","floor":25.0,"turns":4.0},{"damage":24.0,"enemies":"Snake Plant","floor":28.0,"turns":4.0},{"damage":14.0,"enemies":"Slavers","floor":29.0,"turns":7.0},{"damage":0.0,"enemies":"Snecko","floor":31.0,"turns":4.0},{"damage":16.0,"enemies":"Automaton","floor":33.0,"turns":10.0},{"damage":5.0,"enemies":"3 Darklings","floor":35.0,"turns":6.0},{"damage":11.0,"enemies":"Orb Walker","floor":37.0,"turns":3.0},{"damage":0,"enemies":"Transient","floor":38,"turns":6},{"damage":7,"enemies":"Nemesis","floor":41,"turns":9},{"damage":2,"enemies":"Sphere and 2 Shapes","floor":44,"turns":6},{"damage":12,"enemies":"Giant Head","floor":45,"turns":8},{"damage":21,"enemies":"Spire Growth","floor":47,"turns":5},{"damage":16,"enemies":"Donu and Deca","floor":50,"turns":11},{"damage":46,"enemies":"Time Eater","floor":51,"turns":15}],"seed_played":"-6135959909471086463","potions_obtained":[],"is_trial":false,"path_per_floor":["M","?","$","?","M","R","M","R","T","$","?","E","R","E","R","B",null,"M","?","?","$","?","R","E","M","T","R","M","E","$","M","R","B",null,"M","$","M","M","$","R","E","?","T","M","E","R","M","$","R","B","B",null],"character_chosen":"DEFECT","items_purchased":["Coolheaded","Hologram","Oddly Smooth Stone","Cold Snap","Coolheaded","Beam Cell","Hello World","Hologram","Reinforced Body","Stack","Stack"],"campfire_rested":5,"item_purchase_floors":[3,3,10,10,10,21,30,30,36,39,48],"current_hp_per_floor":[63,63,63,63,63,63,59,59,59,59,59,59,59,31,31,2,54,50,50,38,38,38,38,18,16,16,52,28,14,14,14,50,34,62,57,57,46,46,46,71,64,64,64,62,52,73,54,54,75,59,13],"gold":1,"neow_bonus":"BOSS_RELIC","is_prod":false,"is_daily":false,"chose_seed":false,"campfire_upgraded":5,"win_rate":0,"timestamp":1549836418,"path_taken":["M","?","?","?","?","R","M","R","T","$","?","E","R","E","R","BOSS","M","?","?","$","?","R","E","?","T","R","M","E","$","M","R","BOSS","M","$","M","?","?","R","E","?","T","M","E","R","?","$","R","BOSS","BOSS"],"build_version":"2019-02-06","purchased_purges":4,"victory":true,"max_hp_per_floor":[71,71,71,71,71,71,71,71,71,71,71,71,71,71,71,71,71,71,71,71,71,71,71,71,71,71,71,71,71,71,71,71,71,71,71,71,71,71,71,71,71,71,71,71,73,73,75,75,75,75,75],"card_choices":[{"not_picked":["Compile Driver","Rip and Tear"],"picked":"Ball Lightning","floor":1.0},{"not_picked":["Rebound","Double Energy"],"picked":"Cold Snap","floor":7.0},{"not_picked":["Steam","Beam Cell"],"picked":"Capacitor","floor":12.0},{"not_picked":["Lockon","Go for the Eyes"],"picked":"Skim","floor":14.0},{"not_picked":["Seek","Thunder Strike"],"picked":"Meteor Strike","floor":16.0},{"not_picked":["Beam Cell+1","Hologram"],"picked":"Turbo","floor":18.0},{"not_picked":["Gash+1","Rip and Tear"],"picked":"Sweeping Beam","floor":24.0},{"not_picked":["Hologram","Steam Power"],"picked":"Chill","floor":25.0},{"not_picked":["Sweeping Beam","Force Field"],"picked":"Loop","floor":28.0},{"not_picked":["Machine Learning","Force Field"],"picked":"Hologram","floor":29.0},{"not_picked":["Stack","Barrage+1"],"picked":"Capacitor+1","floor":31.0},{"not_picked":["Beam Cell","Barrage"],"picked":"Hologram","floor":32.0},{"not_picked":["Machine Learning","Creative AI"],"picked":"Echo Form","floor":33.0},{"not_picked":["Steam","BootSequence"],"picked":"Compile Driver","floor":35.0},{"not_picked":["Streamline+1","Heatsinks"],"picked":"Coolheaded","floor":37.0},{"not_picked":["Reprogram+1","Turbo"],"picked":"Consume","floor":38},{"not_picked":["Turbo","Coolheaded"],"picked":"Go for the Eyes+1","floor":40},{"not_picked":["Steam+1","Ball Lightning"],"picked":"Seek","floor":41},{"not_picked":["Turbo","Self Repair"],"picked":"Defragment","floor":44},{"not_picked":["Darkness","Beam Cell","Turbo+1"],"picked":"Singing Bowl","floor":45},{"not_picked":["Gash+1","Fission"],"picked":"Hologram+1","floor":46},{"not_picked":["Rebound","Ball Lightning","Recycle"],"picked":"Singing Bowl","floor":47},{"not_picked":["Aggregate+1","Compile Driver"],"picked":"Capacitor","floor":49}],"player_experience":1141122,"relics_obtained":[{"floor":9.0,"key":"Potion Belt"},{"floor":12.0,"key":"Bag of Marbles"},{"floor":14.0,"key":"Smiling Mask"},{"floor":24.0,"key":"Matryoshka"},{"floor":26.0,"key":"Regal Pillow"},{"floor":26.0,"key":"Orichalcum"},{"floor":29.0,"key":"Dream Catcher"},{"floor":41,"key":"Torii"},{"floor":43,"key":"Mercury Hourglass"},{"floor":43,"key":"Singing Bowl"},{"floor":45,"key":"Centennial Puzzle"}],"event_choices":[{"damage_healed":0.0,"max_hp_gain":0.0,"max_hp_loss":0.0,"gold_gain":0.0,"event_name":"Lab","player_choice":"Got Potions","floor":2.0,"gold_loss":0.0,"damage_taken":0.0},{"damage_healed":0.0,"max_hp_gain":0.0,"max_hp_loss":0.0,"gold_gain":275.0,"event_name":"Golden Shrine","player_choice":"Desecrate","floor":4.0,"gold_loss":0.0,"damage_taken":0.0,"cards_obtained":["Regret"]},{"cards_removed":["Strike_B"],"damage_healed":0.0,"max_hp_gain":0.0,"max_hp_loss":0.0,"gold_gain":0.0,"event_name":"Wheel of Change","player_choice":"Card Removal","floor":11.0,"gold_loss":0.0,"damage_taken":0.0},{"damage_healed":0.0,"max_hp_gain":0.0,"max_hp_loss":0.0,"gold_gain":0.0,"event_name":"Back to Basics","player_choice":"Simplicity","floor":19.0,"gold_loss":0.0,"damage_taken":0.0,"cards_upgraded":["Strike_B","Strike_B","Strike_B","Defend_B","Defend_B","Defend_B","Defend_B"]},{"damage_healed":0.0,"max_hp_gain":0.0,"max_hp_loss":0.0,"gold_gain":0.0,"event_name":"Colosseum","player_choice":"Fight","floor":20.0,"gold_loss":0.0,"damage_taken":0.0},{"damage_healed":0.0,"max_hp_gain":0.0,"max_hp_loss":0.0,"gold_gain":0.0,"event_name":"Colosseum","player_choice":"Fled From Nobs","floor":20.0,"gold_loss":0.0,"damage_taken":0.0},{"damage_healed":0.0,"max_hp_gain":0.0,"max_hp_loss":0.0,"gold_gain":0.0,"event_name":"Upgrade Shrine","player_choice":"Upgraded","floor":22.0,"gold_loss":0.0,"damage_taken":0.0,"cards_upgraded":["Beam Cell"]},{"cards_removed":["Strike_B"],"damage_healed":0,"gold_gain":0,"player_choice":"Purged","damage_taken":0,"max_hp_gain":0,"max_hp_loss":0,"event_name":"Purifier","floor":42,"gold_loss":0}],"is_beta":true,"boss_relics":[{"not_picked":["Runic Dome","White Beast Statue"],"picked":"Cursed Key"},{"not_picked":["Empty Cage","Astrolabe"],"picked":"Fusion Hammer"}],"items_purged_floors":[10,30,36,48],"is_endless":false,"potions_floor_spawned":[5,7,12,18,29,33,35,44,47],"ascension_level":20}