{"gold_per_floor":[118,118,20,31,31,56,71,131,131,131,131,147,147,147,147,243,243,255,255,354,365,365,365,398,398,398,413,438,438],"floor_reached":29,"playtime":430,"items_purged":["Defend_R"],"score":298,"play_id":"dd685ac2-4a9b-4d43-afca-722b8a43c847","local_time":"20190202141401","is_ascension_mode":true,"campfire_choices":[{"data":"Bash","floor":10,"key":"SMITH"},{"data":"Clash","floor":13,"key":"SMITH"},{"floor":15,"key":"REST"},{"data":"Battle Trance","floor":23,"key":"SMITH"},{"data":"Defend_R","floor":25,"key":"PURGE"}],"neow_cost":"NONE","seed_source_timestamp":39870152000547,"circlet_count":0,"master_deck":["Strike_R","Strike_R+1","Strike_R","Strike_R","Defend_R","Bash+1","Clash+1","Clash+1","Battle Trance+1","Dual Wield+1"],"relics":["Philosopher\u0027s Stone","Mummified Hand","Letter Opener","Singing Bowl","Runic Dome","FaceOfCleric","Peace Pipe","Shuriken","Omamori"],"potions_floor_usage":[6,28],"damage_taken":[{"damage":7,"enemies":"Jaw Worm","floor":1,"turns":2},{"damage":0,"enemies":"Cultist","floor":4,"turns":2},{"damage":0,"enemies":"Gremlin Nob","floor":6,"turns":2},{"damage":0,"enemies":"2 Louse","floor":7,"turns":2},{"damage":12,"enemies":"Gremlin Nob","floor":8,"turns":3},{"damage":0,"enemies":"2 Fungi Beasts","floor":12,"turns":2},{"damage":34,"enemies":"The Guardian","floor":16,"turns":6},{"damage":7,"enemies":"Chosen","floor":18,"turns":2},{"damage":12,"enemies":"Shell Parasite","floor":21,"turns":3},{"damage":15,"enemies":"Book of Stabbing","floor":24,"turns":3},{"damage":19,"enemies":"Snake Plant","floor":27,"turns":2},{"damage":24,"enemies":"Slavers","floor":28,"turns":3},{"damage":14,"enemies":"Shelled Parasite and Fungi","floor":29,"turns":1}],"seed_played":"8085437929896800106","potions_obtained":[{"floor":1,"key":"PowerPotion"},{"floor":27,"key":"Strength Potion"}],"is_trial":false,"path_per_floor":["M","?","$","M","$","E","M","?","T","R","?","M","R","?","R","B",null,"M","?","?","M","?","R","E","R","T","M","E","M"],"character_chosen":"IRONCLAD","items_purchased":["Clash"],"campfire_rested":1,"item_purchase_floors":[3],"current_hp_per_floor":[73,73,73,73,73,73,73,61,61,61,45,45,45,45,69,37,82,77,77,77,65,65,65,53,53,53,35,14,0],"gold":438,"neow_bonus":"BOSS_RELIC","is_prod":false,"is_daily":false,"chose_seed":true,"campfire_upgraded":3,"win_rate":0,"timestamp":1549145641,"path_taken":["M","?","?","?","$","E","M","?","T","R","?","M","R","?","R","BOSS","M","?","?","M","?","R","E","R","T","M","E","M"],"build_version":"2019-01-23","purchased_purges":1,"victory":false,"max_hp_per_floor":[80,80,80,80,80,80,80,80,80,80,80,80,80,80,80,82,82,84,84,84,84,84,84,87,87,87,88,91,91],"card_choices":[{"not_picked":["Twin Strike","Heavy Blade","Exhume"],"picked":"SKIP","floor":6},{"not_picked":["Heavy Blade","Iron Wave","Wild Strike"],"picked":"SKIP","floor":7},{"not_picked":["Dropkick","Perfected Strike"],"picked":"Clash","floor":12},{"not_picked":["Exhume","Dark Embrace","Fiend Fire"],"picked":"Singing Bowl","floor":16},{"not_picked":["Clothesline+1","Intimidate","Sever Soul"],"picked":"Singing Bowl","floor":18},{"not_picked":["Warcry","Iron Wave"],"picked":"Battle Trance","floor":21},{"not_picked":["Iron Wave","Havoc","Disarm"],"picked":"Singing Bowl","floor":24},{"not_picked":["Warcry","Heavy Blade"],"picked":"Dual Wield+1","floor":27},{"not_picked":["Cleave","Metallicize","Corruption+1"],"picked":"Singing Bowl","floor":28}],"player_experience":1102458,"relics_obtained":[{"floor":6,"key":"Mummified Hand"},{"floor":8,"key":"Letter Opener"},{"floor":9,"key":"Singing Bowl"},{"floor":24,"key":"Peace Pipe"},{"floor":26,"key":"Shuriken"},{"floor":28,"key":"Omamori"}],"event_choices":[{"cards_removed":["Defend_R"],"damage_healed":0,"gold_gain":0,"player_choice":"Purged","damage_taken":0,"max_hp_gain":0,"max_hp_loss":0,"event_name":"Purifier","floor":2,"gold_loss":0},{"damage_healed":0,"gold_gain":0,"player_choice":"Searched \u00271\u0027 times","damage_taken":0,"max_hp_gain":0,"max_hp_loss":0,"event_name":"Dead Adventurer","floor":8,"gold_loss":0},{"damage_healed":0,"gold_gain":0,"player_choice":"Entered Light","damage_taken":16,"max_hp_gain":0,"max_hp_loss":0,"event_name":"Shining Light","floor":11,"gold_loss":0,"cards_upgraded":["Clash","Strike_R"]},{"cards_removed":["Strike_R"],"damage_healed":0,"gold_gain":0,"player_choice":"Forget","damage_taken":0,"max_hp_gain":0,"max_hp_loss":0,"event_name":"Living Wall","floor":14,"gold_loss":0},{"damage_healed":0,"gold_gain":0,"player_choice":"Ignored","damage_taken":0,"max_hp_gain":0,"max_hp_loss":0,"event_name":"Ghosts","floor":19,"gold_loss":0},{"damage_healed":0,"gold_gain":99,"player_choice":"Stole From Cult","damage_taken":0,"max_hp_gain":0,"max_hp_loss":0,"event_name":"Nest","floor":20,"gold_loss":0},{"damage_healed":0,"gold_gain":0,"player_choice":"Trade","damage_taken":0,"relics_obtained":["FaceOfCleric"],"max_hp_gain":0,"max_hp_loss":0,"event_name":"FaceTrader","floor":22,"gold_loss":0}],"is_beta":true,"boss_relics":[{"not_picked":["Mark of Pain","Snecko Eye"],"picked":"Runic Dome"}],"items_purged_floors":[3],"is_endless":false,"potions_floor_spawned":[1,27],"killed_by":"Shelled Parasite and Fungi","ascension_level":1}