{"gold_per_floor":[166,182,182,195,214,239,239,251,251,251,271,303,378,413,413,511,511,529,579,591,591,609,643,643,676,752,752,766,783,783,798,798,798],"floor_reached":33,"playtime":1969,"items_purged":[],"score":380,"play_id":"938b4909-fa56-4aab-a5f9-99f9a7f9cbb7","local_time":"20190130214443","is_ascension_mode":true,"campfire_choices":[{"floor":7,"key":"REST"},{"floor":15,"key":"REST"},{"floor":24,"key":"REST"},{"floor":30,"key":"REST"},{"floor":32,"key":"REST"}],"neow_cost":"NONE","seed_source_timestamp":177030187964,"circlet_count":0,"master_deck":["Strike_R","Strike_R","Strike_R","Strike_R","Strike_R+1","Defend_R","Defend_R","Defend_R","Defend_R","Bash","Twin Strike","Anger","Whirlwind","Rampage","Panacea","Double Tap","Iron Wave","Metallicize","Iron Wave","Regret","Metallicize","Clash+1","Shrug It Off","Anger+1","Ghostly Armor+1","Headbutt+1","Blood for Blood+1"],"relics":["Tiny House","Art of War","Molten Egg 2","Singing Bowl","Mercury Hourglass","Unceasing Top","Orrery","MutagenicStrength","Red Skull","PreservedInsect","The Courier","Champion Belt"],"potions_floor_usage":[12,12,12,16,22,23,25,33],"damage_taken":[{"damage":2,"enemies":"Jaw Worm","floor":1,"turns":3},{"damage":0,"enemies":"Cultist","floor":2,"turns":2},{"damage":0,"enemies":"2 Louse","floor":4,"turns":2},{"damage":7,"enemies":"Looter","floor":5,"turns":3},{"damage":40,"enemies":"Lagavulin","floor":6,"turns":6},{"damage":0,"enemies":"Lots of Slimes","floor":8,"turns":1},{"damage":7,"enemies":"Blue Slaver","floor":11,"turns":4},{"damage":4,"enemies":"Gremlin Nob","floor":12,"turns":4},{"damage":22,"enemies":"Lagavulin","floor":14,"turns":6},{"damage":22,"enemies":"Slime Boss","floor":16,"turns":8},{"damage":20,"enemies":"Shell Parasite","floor":18,"turns":7},{"damage":4,"enemies":"Chosen","floor":20,"turns":4},{"damage":13,"enemies":"Centurion and Healer","floor":22,"turns":6},{"damage":47,"enemies":"Slavers","floor":23,"turns":7},{"damage":33,"enemies":"Gremlin Leader","floor":25,"turns":7},{"damage":14,"enemies":"Sentry and Sphere","floor":28,"turns":4},{"damage":0,"enemies":"Cultist and Chosen","floor":29,"turns":3},{"damage":6,"enemies":"Snecko","floor":31,"turns":3},{"damage":69,"enemies":"Champ","floor":33,"turns":10}],"seed_played":"7280083090878837716","potions_obtained":[{"floor":0,"key":"LiquidBronze"},{"floor":1,"key":"LiquidBronze"},{"floor":2,"key":"Poison Potion"},{"floor":11,"key":"EssenceOfSteel"},{"floor":12,"key":"Strength Potion"},{"floor":16,"key":"Weak Potion"},{"floor":22,"key":"Block Potion"},{"floor":23,"key":"Weak Potion"},{"floor":25,"key":"Poison Potion"},{"floor":31,"key":"Poison Potion"}],"is_trial":false,"path_per_floor":["M","M","?","M","M","E","R","M","T","?","M","E","?","E","R","B",null,"M","?","M","?","M","E","R","E","T","?","M","M","R","M","R","B"],"character_chosen":"IRONCLAD","items_purchased":[],"campfire_rested":5,"item_purchase_floors":[],"current_hp_per_floor":[83,83,83,83,76,36,61,61,61,61,54,52,41,21,47,27,95,77,77,75,75,62,17,47,16,16,16,4,4,35,29,60,0],"gold":798,"neow_bonus":"BOSS_RELIC","is_prod":false,"is_daily":false,"chose_seed":false,"campfire_upgraded":0,"win_rate":0,"timestamp":1548881083,"path_taken":["M","M","?","?","M","E","R","M","T","?","M","E","?","E","R","BOSS","M","?","?","?","M","E","R","E","T","?","M","?","R","M","R","BOSS"],"build_version":"2019-01-23","purchased_purges":0,"victory":false,"max_hp_per_floor":[85,85,85,85,85,85,85,85,85,85,85,87,87,89,89,91,95,97,97,99,99,99,101,101,103,103,103,105,105,105,105,105,105],"card_choices":[{"not_picked":["Burning Pact","Seeing Red"],"picked":"Twin Strike","floor":0},{"not_picked":["Iron Wave","Sword Boomerang"],"picked":"Anger","floor":1},{"not_picked":["Burning Pact","Hemokinesis"],"picked":"Whirlwind","floor":2},{"not_picked":["Headbutt","Sever Soul"],"picked":"Iron Wave","floor":4},{"not_picked":["Second Wind","Headbutt","Cleave"],"picked":"SKIP","floor":5},{"not_picked":["Headbutt","Twin Strike"],"picked":"Metallicize","floor":6},{"not_picked":["Thunderclap","True Grit"],"picked":"Iron Wave","floor":8},{"not_picked":["Wild Strike+1","Thunderclap+1"],"picked":"Metallicize","floor":11},{"not_picked":["Fire Breathing","Thunderclap+1","Cleave+1"],"picked":"Singing Bowl","floor":12},{"not_picked":["Reckless Charge+1","Searing Blow+1","Body Slam+1"],"picked":"Singing Bowl","floor":14},{"not_picked":["Reaper+1","Dark Embrace","Double Tap"],"picked":"Singing Bowl","floor":16},{"not_picked":["Burning Pact","Headbutt+1","Thunderclap+1"],"picked":"Singing Bowl","floor":17},{"not_picked":["Cleave+1","Headbutt+1"],"picked":"Clash+1","floor":17},{"not_picked":["Fire Breathing","Armaments"],"picked":"Shrug It Off","floor":17},{"not_picked":["Clothesline+1","Havoc","Dark Embrace"],"picked":"Singing Bowl","floor":17},{"not_picked":["Body Slam+1","Clothesline+1"],"picked":"Anger+1","floor":17},{"not_picked":["Whirlwind+1","Wild Strike+1","Offering"],"picked":"Singing Bowl","floor":18},{"not_picked":["Havoc+1","Fire Breathing+1","Armaments"],"picked":"Singing Bowl","floor":20},{"not_picked":["Twin Strike+1","Uppercut+1"],"picked":"Ghostly Armor+1","floor":22},{"not_picked":["Havoc","Intimidate","Thunderclap+1"],"picked":"Singing Bowl","floor":23},{"not_picked":["Dark Embrace","True Grit","Sword Boomerang+1"],"picked":"Singing Bowl","floor":25},{"not_picked":["Sword Boomerang+1","Cleave+1","Havoc"],"picked":"Singing Bowl","floor":28},{"not_picked":["Carnage+1","Intimidate"],"picked":"Headbutt+1","floor":29},{"not_picked":["Feed+1","Anger+1"],"picked":"Blood for Blood+1","floor":31}],"player_experience":117609,"relics_obtained":[{"floor":6,"key":"Art of War"},{"floor":9,"key":"Molten Egg 2"},{"floor":12,"key":"Mercury Hourglass"},{"floor":14,"key":"Unceasing Top"},{"floor":23,"key":"Red Skull"},{"floor":25,"key":"PreservedInsect"},{"floor":26,"key":"The Courier"}],"event_choices":[{"damage_healed":0,"gold_gain":0,"player_choice":"3 cards matched","damage_taken":0,"max_hp_gain":0,"max_hp_loss":0,"event_name":"Match and Keep!","floor":3,"gold_loss":0,"cards_obtained":["Rampage","Panacea","Double Tap"]},{"damage_healed":0,"gold_gain":0,"player_choice":"Box","damage_taken":0,"relics_obtained":["Singing Bowl"],"max_hp_gain":0,"max_hp_loss":0,"event_name":"Big Fish","floor":10,"gold_loss":0,"cards_obtained":["Regret"]},{"damage_healed":0,"gold_gain":75,"player_choice":"Gather Gold","damage_taken":11,"max_hp_gain":0,"max_hp_loss":0,"event_name":"World of Goop","floor":13,"gold_loss":0},{"damage_healed":0,"gold_gain":100,"player_choice":"Bet on Murderer","damage_taken":0,"max_hp_gain":0,"max_hp_loss":0,"event_name":"The Joust","floor":19,"gold_loss":50},{"damage_healed":0,"gold_gain":0,"player_choice":"Inject Mutagens","damage_taken":0,"relics_obtained":["MutagenicStrength"],"max_hp_gain":0,"max_hp_loss":0,"event_name":"Drug Dealer","floor":21,"gold_loss":0},{"damage_healed":0,"gold_gain":0,"player_choice":"Gave Potion","damage_taken":0,"relics_obtained":["Champion Belt"],"max_hp_gain":0,"max_hp_loss":0,"event_name":"WeMeetAgain","floor":27,"gold_loss":0}],"is_beta":false,"boss_relics":[{"not_picked":["Fusion Hammer","Calling Bell"],"picked":"Orrery"}],"items_purged_floors":[],"is_endless":false,"potions_floor_spawned":[1,2,8,11,12,16,22,23,25,31],"killed_by":"Champ","ascension_level":3}