{"path_per_floor":["M","M","$","?","M","E","R","?","T","?","R","M","T","$","R","B",null,"M","?","$","M","$","R","M","R","T","?"],"character_chosen":"IRONCLAD","items_purchased":["Spot Weakness","Reaper","Potion Belt","Shockwave"],"gold_per_floor":[115,127,56,56,74,104,104,104,104,104,104,124,175,21,21,150,150,170,170,22,47,12,12,36,36,85,0,0],"floor_reached":28,"campfire_rested":2,"playtime":990,"item_purchase_floors":[],"current_hp_per_floor":[70,72,72,72,72,43,43,43,43,25,46,27,27,27,48,54,72,28,28,28,29,29,37,24,32,32,37,0],"items_purged":[],"gold":0,"score":304,"play_id":"71f5662a-ec0c-4d53-99d2-cc4696550d31","local_time":"20180522180326","is_prod":false,"is_daily":false,"chose_seed":false,"is_ascension_mode":true,"campfire_upgraded":3,"timestamp":1527008606,"campfire_choices":[{"data":"Perfected Strike","floor":7.0,"key":"SMITH"},{"floor":11.0,"key":"REST"},{"floor":15.0,"key":"REST"},{"data":"Shockwave","floor":23.0,"key":"SMITH"},{"data":"Perfected Strike","floor":25,"key":"SMITH"}],"path_taken":["M","M","$","?","M","E","R","?","T","?","R","M","?","?","R","BOSS","M","?","$","M","$","R","M","R","T","?","E"],"build_version":"2018-05-21v2","seed_source_timestamp":0,"purchased_purges":0,"victory":false,"master_deck":["Strike_R","Strike_R","Strike_R","Strike_R","Defend_R","Defend_R","Defend_R","Defend_R","Bash","Double Tap","Perfected Strike+1","Pommel Strike","Spot Weakness","Bash","Iron Wave","Perfected Strike+1","Warcry","Reaper","Immolate","Metallicize","Shockwave+1","Shrug It Off"],"max_hp_per_floor":[72,72,72,72,72,72,72,72,72,72,72,72,72,72,72,72,72,72,72,72,72,72,72,72,72,72,77,77],"relics":["Burning Blood","Centennial Puzzle","Toolbox","Golden Idol","Orichalcum","Eternal Feather","Potion Belt","Bag of Preparation"],"card_choices":[{"not_picked":["Dark Embrace","Impervious"],"picked":"Double Tap","floor":0.0},{"not_picked":["Whirlwind","Warcry"],"picked":"Perfected Strike","floor":1.0},{"not_picked":["Intimidate","Body Slam"],"picked":"Pommel Strike","floor":2.0},{"not_picked":["Cleave","Wild Strike","Hemokinesis"],"picked":"SKIP","floor":5.0},{"not_picked":["Clash","Clothesline"],"picked":"Perfected Strike","floor":6.0},{"not_picked":["Thunderclap","Cleave"],"picked":"Warcry","floor":12.0},{"not_picked":["Barricade","Bludgeon"],"picked":"Immolate","floor":16.0},{"not_picked":["Anger+1","Sword Boomerang","Headbutt"],"picked":"SKIP","floor":18.0},{"not_picked":["Seeing Red","Armaments"],"picked":"Metallicize","floor":21.0},{"not_picked":["Clothesline+1","Cleave+1"],"picked":"Shrug It Off","floor":24}],"player_experience":178700,"potions_floor_usage":[24,27,28,28],"damage_taken":[{"damage":8.0,"enemies":"Jaw Worm","floor":1.0,"turns":4.0},{"damage":1.0,"enemies":"Cultist","floor":2.0,"turns":3.0},{"damage":0.0,"enemies":"2 Louse","floor":5.0,"turns":2.0},{"damage":35.0,"enemies":"Lagavulin","floor":6.0,"turns":4.0},{"damage":25.0,"enemies":"Lots of Slimes","floor":12.0,"turns":5.0},{"damage":0.0,"enemies":"Slime Boss","floor":16.0,"turns":5.0},{"damage":50.0,"enemies":"Shell Parasite","floor":18.0,"turns":9.0},{"damage":5.0,"enemies":"Spheric Guardian","floor":21.0,"turns":3.0},{"damage":19,"enemies":"Cultist and Chosen","floor":24,"turns":6},{"damage":37,"enemies":"Gremlin Leader","floor":28,"turns":6}],"relics_obtained":[{"floor":6.0,"key":"Centennial Puzzle"},{"floor":9.0,"key":"Toolbox"},{"floor":13.0,"key":"Orichalcum"},{"floor":26,"key":"Bag of Preparation"}],"event_choices":[{"event_name":"Match and Keep!","player_choice":"2 cards matched","floor":4.0,"damage_taken":0.0},{"event_name":"Bonfire Elementals","player_choice":"BASIC","floor":8.0,"damage_taken":0.0},{"event_name":"Golden Idol","player_choice":"Take Damage","floor":10.0,"damage_taken":0.0},{"event_name":"The Woman in Blue","player_choice":"Bought 0 Potions","floor":19.0,"damage_taken":0.0},{"event_name":"Masked Bandits","player_choice":"Paid Bandits 85 gold","floor":27,"damage_taken":0}],"boss_relics":[],"items_purged_floors":[],"potions_floor_spawned":[2,5,16,24],"seed_played":"867173308273038580","killed_by":"Gremlin Leader","ascension_level":3,"potions_obtained":[{"floor":2.0,"key":"Dexterity Potion"},{"floor":5.0,"key":"Swift Potion"},{"floor":16.0,"key":"EssenceOfSteel"},{"floor":24,"key":"Fruit Juice"}],"is_trial":false}