{"path_per_floor":["M","M","?","?","$","R","E","?","T","$","M","M","$","E","R","B",null,"M","?","M","?","M","R","E","?","T"],"character_chosen":"DEFECT","items_purchased":["Scrape","Master of Strategy","Swift Strike","Capacitor","FTL"],"gold_per_floor":[118,131,81,81,9,9,343,343,343,25,44,64,28,62,62,164,164,180,180,198,198,208,208,243,243,243,243],"floor_reached":27,"campfire_rested":1,"playtime":1300,"current_hp_per_floor":[74,70,70,70,70,70,50,35,35,35,35,30,30,35,60,38,85,65,49,49,49,44,44,23,57,57,0],"items_purged":[],"gold":243,"score":288,"play_id":"d00c070d-f298-493a-a1e2-36cc3a758e63","local_time":"20180518203024","is_prod":false,"is_daily":false,"chose_seed":false,"is_ascension_mode":true,"campfire_upgraded":2,"timestamp":1526671824,"campfire_choices":[{"data":"Zap","floor":6,"key":"SMITH"},{"floor":15,"key":"REST"},{"data":"Echo Form","floor":23,"key":"SMITH"}],"path_taken":["M","M","?","?","$","R","E","?","T","$","M","M","$","E","R","BOSS","M","?","M","?","M","R","E","?","T","E"],"build_version":"2018-05-17","seed_source_timestamp":466948139104349,"purchased_purges":0,"victory":false,"master_deck":["Strike_B","Strike_B","Defend_B+1","Defend_B","Defend_B","Defend_B","Zap+1","Dualcast","Go for the Eyes","Cold Snap+1","Scrape","Master of Strategy","Swift Strike","Capacitor","Steam","Skim","FTL","Echo Form+1","Machine Learning","White Noise","Coolheaded+1","Reprogram+1","Streamline"],"max_hp_per_floor":[75,75,75,75,75,75,75,75,75,75,75,75,75,85,85,85,85,85,90,90,90,90,90,104,104,104,104],"relics":["Black Star","Old Coin","Turnip","Bottled Lightning","Pear","Question Card","Nuclear Battery","Mango","Du-Vu Doll","Smiling Mask"],"card_choices":[{"not_picked":["Axe Kick","Leap"],"picked":"Go for the Eyes","floor":1},{"not_picked":["Double Energy","Stack"],"picked":"Cold Snap","floor":2},{"not_picked":["Rip and Tear","Recycle","Fission"],"picked":"SKIP","floor":7},{"not_picked":["Leap","Storm"],"picked":"Steam","floor":11},{"not_picked":["Leap","Go for the Eyes"],"picked":"Skim","floor":12},{"not_picked":["Skim","Axe Kick"],"picked":"Echo Form","floor":14},{"not_picked":["Meteor Strike","Multi-Cast","Amplify"],"picked":"Machine Learning","floor":16},{"not_picked":["Capacitor","Sweeping Beam","Self Repair"],"picked":"White Noise","floor":18},{"not_picked":["Sunder+1","Cold Snap","Hologram"],"picked":"Coolheaded+1","floor":20},{"not_picked":["Ball Lightning","Stack","Go for the Eyes"],"picked":"Reprogram+1","floor":22},{"not_picked":["Capacitor","Darkness","Axe Kick"],"picked":"Streamline","floor":24}],"player_experience":162161,"potions_floor_usage":[7,14,24],"damage_taken":[{"damage":1,"enemies":"Cultist","floor":1,"turns":4},{"damage":4,"enemies":"Jaw Worm","floor":2,"turns":3},{"damage":20,"enemies":"Gremlin Nob","floor":7,"turns":5},{"damage":0,"enemies":"Small Slimes","floor":11,"turns":2},{"damage":5,"enemies":"Red Slaver","floor":12,"turns":3},{"damage":5,"enemies":"Lagavulin","floor":14,"turns":5},{"damage":22,"enemies":"Hexaghost","floor":16,"turns":10},{"damage":20,"enemies":"2 Thieves","floor":18,"turns":4},{"damage":0,"enemies":"Chosen","floor":20,"turns":6},{"damage":5,"enemies":"Centurion and Healer","floor":22,"turns":9},{"damage":48,"enemies":"Book of Stabbing","floor":24,"turns":7},{"damage":57,"enemies":"Slavers","floor":27,"turns":3}],"relics_obtained":[{"floor":7,"key":"Old Coin"},{"floor":7,"key":"Turnip"},{"floor":9,"key":"Bottled Lightning"},{"floor":14,"key":"Pear"},{"floor":14,"key":"Question Card"},{"floor":24,"key":"Mango"},{"floor":24,"key":"Du-Vu Doll"},{"floor":26,"key":"Smiling Mask"}],"event_choices":[{"event_name":"The Cleric","player_choice":"Card Removal","floor":3,"damage_taken":0},{"event_name":"Bonfire Elementals","player_choice":"BASIC","floor":4,"damage_taken":0},{"event_name":"Shining Light","player_choice":"Entered Light","floor":8,"damage_taken":0},{"event_name":"Forgotten Altar","player_choice":"Shed Blood","floor":19,"damage_taken":0},{"event_name":"Vampires","player_choice":"Ignored","floor":21,"damage_taken":0},{"event_name":"The Library","player_choice":"Heal","floor":25,"damage_taken":0}],"boss_relics":[{"not_picked":["Snecko Eye","Runic Dome"],"picked":"Nuclear Battery"}],"potions_floor_spawned":[1,7,11,22],"seed_played":"-6314054736405647037","killed_by":"Slavers","ascension_level":2,"potions_obtained":[{"floor":1,"key":"Weak Potion"},{"floor":7,"key":"FairyPotion"},{"floor":11,"key":"EssenceOfSteel"},{"floor":22,"key":"FearPotion"}],"is_trial":false}