{"gold_per_floor":[113,113,38,38,51,79,79,41,41,67,101,101,101,114,114,191,191,203,216,227,238,238,264,281,281,304,317,317,416,416,83,83,83],"floor_reached":33,"playtime":1510,"items_purged":["Regret"],"score":557,"play_id":"41f60604-cc58-4ca2-811f-f646317d07a9","local_time":"20190207034105","is_ascension_mode":true,"campfire_choices":[{"data":"Feed","floor":7,"key":"SMITH"},{"data":"Corruption","floor":12,"key":"SMITH"},{"data":"Battle Trance","floor":15,"key":"SMITH"},{"data":"Juggernaut","floor":28,"key":"SMITH"},{"data":"Rage","floor":30,"key":"SMITH"},{"data":"Battle Trance","floor":32,"key":"SMITH"}],"neow_cost":"NONE","seed_source_timestamp":23447356338439,"circlet_count":0,"master_deck":["AscendersBane","Strike_R","Strike_R+1","Strike_R+1","Strike_R","Defend_R+1","Defend_R","Defend_R+1","Defend_R","Bash","Shrug It Off","Rage","Feed+1","Corruption+1","Clash","Rage+1","Battle Trance+1","Juggernaut+1","Metallicize+1","Iron Wave","Battle Trance+1","Apotheosis"],"relics":["Burning Blood","NeowsBlessing","Letter Opener","War Paint","Question Card","Odd Mushroom","Whetstone","Coffee Dripper","Ginger","Mercury Hourglass","Art of War","Strawberry"],"potions_floor_usage":[10,11,16,23,23],"damage_taken":[{"damage":0,"enemies":"Small Slimes","floor":1,"turns":1},{"damage":0,"enemies":"Jaw Worm","floor":5,"turns":1},{"damage":0,"enemies":"3 Sentries","floor":6,"turns":1},{"damage":15,"enemies":"The Mushroom Lair","floor":10,"turns":6},{"damage":16,"enemies":"Gremlin Nob","floor":11,"turns":4},{"damage":0,"enemies":"2 Louse","floor":14,"turns":2},{"damage":53,"enemies":"Slime Boss","floor":16,"turns":12},{"damage":9,"enemies":"Spheric Guardian","floor":18,"turns":5},{"damage":12,"enemies":"Chosen","floor":19,"turns":6},{"damage":11,"enemies":"Snake Plant","floor":20,"turns":3},{"damage":3,"enemies":"Snecko","floor":21,"turns":5},{"damage":22,"enemies":"Slavers","floor":23,"turns":6},{"damage":22,"enemies":"Shelled Parasite and Fungi","floor":24,"turns":5},{"damage":16,"enemies":"Snake Plant","floor":27,"turns":4},{"damage":46,"enemies":"Collector","floor":33,"turns":7}],"seed_played":"1147541169340852185","potions_obtained":[{"floor":5,"key":"Strength Potion"},{"floor":6,"key":"FearPotion"},{"floor":11,"key":"Strength Potion"},{"floor":19,"key":"Dexterity Potion"},{"floor":20,"key":"AttackPotion"}],"is_trial":false,"path_per_floor":["M","?","$","?","M","E","R","$","T","?","E","R","?","M","R","B",null,"M","M","M","M","?","E","M","?","T","M","R","?","R","$","R","B"],"character_chosen":"IRONCLAD","items_purchased":["Corruption","Apotheosis","Strawberry"],"campfire_rested":0,"item_purchase_floors":[8,31,31],"current_hp_per_floor":[74,74,74,74,75,75,75,75,75,70,64,64,64,74,74,27,72,73,67,66,73,73,57,45,45,45,35,35,35,35,42,42,0],"gold":83,"neow_bonus":"THREE_ENEMY_KILL","is_prod":false,"is_daily":false,"chose_seed":false,"campfire_upgraded":6,"win_rate":0,"timestamp":1549510865,"path_taken":["M","?","$","?","?","E","R","$","T","?","E","R","?","M","R","BOSS","M","M","M","?","?","E","?","?","T","?","R","?","R","?","R","BOSS"],"build_version":"2019-01-23","purchased_purges":1,"victory":false,"max_hp_per_floor":[75,75,75,75,75,75,75,75,75,79,83,83,83,87,87,87,87,91,91,95,99,99,99,103,103,103,103,103,103,103,110,110,110],"card_choices":[{"not_picked":["Sentinel","Havoc"],"picked":"Shrug It Off","floor":1},{"not_picked":["Pommel Strike","Inflame"],"picked":"Rage","floor":5},{"not_picked":["Body Slam","Rupture"],"picked":"Feed","floor":6},{"not_picked":["Pommel Strike","Headbutt","Perfected Strike"],"picked":"Clash","floor":10},{"not_picked":["Wild Strike","Entrench","Sword Boomerang"],"picked":"Rage","floor":11},{"not_picked":["Pommel Strike","Reckless Charge","Perfected Strike"],"picked":"Battle Trance","floor":14},{"not_picked":["Double Tap","Offering","Reaper"],"picked":"Juggernaut","floor":16},{"not_picked":["Wild Strike","Pummel","Anger"],"picked":"Metallicize","floor":18},{"not_picked":["Armaments","Clothesline","Perfected Strike","Pommel Strike"],"picked":"SKIP","floor":19},{"not_picked":["Sword Boomerang","Pommel Strike","Shrug It Off"],"picked":"Iron Wave","floor":20},{"not_picked":["Searing Blow","Limit Break","Ghostly Armor","Wild Strike"],"picked":"SKIP","floor":21},{"not_picked":["Clothesline","Body Slam","Sword Boomerang","Iron Wave"],"picked":"SKIP","floor":23},{"not_picked":["Warcry","Pommel Strike","Headbutt","Corruption"],"picked":"SKIP","floor":24},{"not_picked":["Reckless Charge","Twin Strike+1","Warcry+1"],"picked":"Battle Trance","floor":27}],"player_experience":575113,"relics_obtained":[{"floor":6,"key":"War Paint"},{"floor":9,"key":"Question Card"},{"floor":10,"key":"Odd Mushroom"},{"floor":11,"key":"Whetstone"},{"floor":22,"key":"Ginger"},{"floor":23,"key":"Mercury Hourglass"},{"floor":26,"key":"Art of War"}],"event_choices":[{"damage_healed":0,"gold_gain":0,"player_choice":"Box","damage_taken":0,"relics_obtained":["Letter Opener"],"max_hp_gain":0,"max_hp_loss":0,"event_name":"Big Fish","floor":2,"gold_loss":0,"cards_obtained":["Regret"]},{"damage_healed":0,"gold_gain":0,"player_choice":"Leave","damage_taken":0,"max_hp_gain":0,"max_hp_loss":0,"event_name":"The Cleric","floor":4,"gold_loss":0},{"damage_healed":0,"gold_gain":0,"player_choice":"Fought Mushrooms","damage_taken":0,"max_hp_gain":0,"max_hp_loss":0,"event_name":"Mushrooms","floor":10,"gold_loss":0},{"cards_removed":["Strike_R"],"damage_healed":0,"gold_gain":0,"player_choice":"Offered Basic","damage_taken":0,"max_hp_gain":0,"max_hp_loss":0,"event_name":"Bonfire Elementals","floor":13,"gold_loss":0},{"damage_healed":0,"gold_gain":0,"player_choice":"Relic","damage_taken":0,"max_hp_gain":0,"max_hp_loss":0,"event_name":"Wheel of Change","floor":22,"gold_loss":0},{"damage_healed":0,"gold_gain":0,"player_choice":"Forge","damage_taken":0,"max_hp_gain":0,"max_hp_loss":0,"event_name":"Accursed Blacksmith","floor":25,"gold_loss":0,"cards_upgraded":["Metallicize"]},{"damage_healed":0,"gold_gain":99,"player_choice":"Stole From Cult","damage_taken":0,"max_hp_gain":0,"max_hp_loss":0,"event_name":"Nest","floor":29,"gold_loss":0}],"is_beta":true,"boss_relics":[{"not_picked":["White Beast Statue","Ectoplasm"],"picked":"Coffee Dripper"}],"items_purged_floors":[3],"is_endless":false,"potions_floor_spawned":[5,6,11,19,20,21],"killed_by":"Collector","ascension_level":14}