{"path_per_floor":["M","M","M","$","M","R","E","R","T","M","E","R","?","M","R","B",null,"M","?","$","M","T"],"character_chosen":"IRONCLAD","items_purchased":["Flex","Inflame+1","Dropkick"],"gold_per_floor":[118,135,146,19,35,35,65,65,65,82,117,117,67,87,87,188,188,206,239,28,47,47,47],"floor_reached":23,"campfire_rested":0,"playtime":1184,"item_purchase_floors":[],"current_hp_per_floor":[59,60,64,64,67,67,67,67,67,58,39,39,39,45,45,18,72,65,21,21,27,27,0],"items_purged":["Defend_R","Strike_R"],"gold":47,"score":241,"play_id":"6717d322-46c2-4901-9c18-a688dbdae815","local_time":"20180531000126","is_prod":false,"is_daily":false,"chose_seed":false,"is_ascension_mode":true,"campfire_upgraded":4,"win_rate":0,"timestamp":1527721286,"campfire_choices":[{"data":"True Grit","floor":6.0,"key":"SMITH"},{"data":"Barricade","floor":8.0,"key":"SMITH"},{"data":"Spot Weakness","floor":12.0,"key":"SMITH"},{"data":"Bash","floor":15.0,"key":"SMITH"}],"path_taken":["M","M","M","$","M","R","E","R","T","M","E","R","?","M","R","BOSS","M","?","$","M","?","E"],"build_version":"2018-05-30","seed_source_timestamp":0,"purchased_purges":2,"victory":false,"master_deck":["Strike_R","Strike_R","Strike_R","Defend_R","Defend_R","Defend_R","Bash+1","Barricade+1","Clash","Cleave","Spot Weakness+1","Flex","True Grit+1","Power Through","Warcry","Thunderclap","Warcry","Impervious","True Grit","Pummel","Inflame+1","Dropkick","Havoc"],"max_hp_per_floor":[72,72,72,72,72,72,72,72,72,72,72,72,72,72,72,72,72,72,72,72,72,72,72],"relics":["Burning Blood","Omamori","Frozen Egg 2","Thread and Needle","Cursed Key","Red Mask","Dodecahedron"],"card_choices":[{"not_picked":["Impervious","Reaper"],"picked":"Barricade","floor":0.0},{"not_picked":["Reckless Charge","Hemokinesis"],"picked":"Clash","floor":1.0},{"not_picked":["Sword Boomerang","Searing Blow"],"picked":"Cleave","floor":2.0},{"not_picked":["Anger","Rampage"],"picked":"Spot Weakness","floor":3.0},{"not_picked":["Pommel Strike","Body Slam"],"picked":"True Grit","floor":5.0},{"not_picked":["Perfected Strike","Clothesline"],"picked":"Power Through","floor":7.0},{"not_picked":["Ghostly Armor","Heavy Blade"],"picked":"Warcry","floor":10.0},{"not_picked":["Carnage","Anger"],"picked":"Thunderclap","floor":11.0},{"not_picked":["Body Slam","Armaments"],"picked":"Warcry","floor":14.0},{"not_picked":["Juggernaut+1","Brutality+1"],"picked":"Impervious","floor":16.0},{"not_picked":["Body Slam","Armaments"],"picked":"True Grit","floor":18.0},{"not_picked":["Searing Blow","Disarm"],"picked":"Pummel","floor":19},{"not_picked":["Clash","Thunderclap+1"],"picked":"Havoc","floor":21}],"player_experience":215829,"potions_floor_usage":[23],"damage_taken":[{"damage":19.0,"enemies":"Small Slimes","floor":1.0,"turns":6.0},{"damage":5.0,"enemies":"2 Louse","floor":2.0,"turns":3.0},{"damage":2.0,"enemies":"Jaw Worm","floor":3.0,"turns":4.0},{"damage":3.0,"enemies":"3 Louse","floor":5.0,"turns":3.0},{"damage":6.0,"enemies":"Lagavulin","floor":7.0,"turns":4.0},{"damage":15.0,"enemies":"Large Slime","floor":10.0,"turns":7.0},{"damage":25.0,"enemies":"3 Sentries","floor":11.0,"turns":9.0},{"damage":0.0,"enemies":"2 Fungi Beasts","floor":14.0,"turns":4.0},{"damage":33.0,"enemies":"Slime Boss","floor":16.0,"turns":16.0},{"damage":13.0,"enemies":"Shell Parasite","floor":18.0,"turns":5.0},{"damage":50,"enemies":"Masked Bandits","floor":19,"turns":7},{"damage":0,"enemies":"Spheric Guardian","floor":21,"turns":5},{"damage":29,"enemies":"Slavers","floor":23,"turns":3}],"relics_obtained":[{"floor":7.0,"key":"Omamori"},{"floor":9.0,"key":"Frozen Egg 2"},{"floor":11.0,"key":"Thread and Needle"},{"floor":19,"key":"Red Mask"},{"floor":22,"key":"Dodecahedron"}],"event_choices":[{"event_name":"The Cleric","player_choice":"Card Removal","floor":13.0,"damage_taken":0.0},{"event_name":"Masked Bandits","player_choice":"Fought over 206 gold","floor":19,"damage_taken":0}],"boss_relics":[],"items_purged_floors":[],"potions_floor_spawned":[1,5,11,14,21],"seed_played":"2054264867856686560","killed_by":"Slavers","ascension_level":4,"potions_obtained":[{"floor":1.0,"key":"SteroidPotion"},{"floor":5.0,"key":"FearPotion"},{"floor":11.0,"key":"Swift Potion"},{"floor":14.0,"key":"SpeedPotion"},{"floor":21,"key":"Energy Potion"}],"is_trial":false}