{"gold_per_floor":[118,118,118,134,59,59,59,59,59,83,83,33,33,49,49,172,172,197,197,21,40,40,40,0,0,71,95,116,26,26],"floor_reached":30,"playtime":950,"items_purged":["Strike_B","Defend_B"],"score":266,"play_id":"0a31ffd1-90ee-4116-bdba-30b4735b2a03","local_time":"20181210030116","is_ascension_mode":false,"campfire_choices":[{"data":"Zap","floor":6,"key":"SMITH"},{"data":"Dualcast","floor":8,"key":"SMITH"},{"data":"Auto Shields","floor":13,"key":"SMITH"},{"data":"Seek","floor":15,"key":"SMITH"},{"data":"Fusion","floor":23,"key":"SMITH"},{"data":"Double Energy","floor":25,"key":"SMITH"}],"neow_cost":"NONE","seed_source_timestamp":1928035297613383,"circlet_count":0,"master_deck":["Strike_B","Strike_B+1","Defend_B+1","Defend_B","Dualcast+1","Auto Shields+1","Rip and Tear","Rebound+1","Seek+1","Meteor Strike","Recycle","Fusion+1","Double Energy+1"],"relics":["FrozenCore","Golden Idol","Pocketwatch","Dodecahedron","Shuriken"],"potions_floor_usage":[16,27],"damage_taken":[{"damage":4,"enemies":"Small Slimes","floor":1,"turns":4},{"damage":1,"enemies":"2 Louse","floor":4,"turns":2},{"damage":0,"enemies":"Cultist","floor":10,"turns":2},{"damage":0,"enemies":"3 Louse","floor":14,"turns":2},{"damage":0,"enemies":"Slime Boss","floor":16,"turns":5},{"damage":8,"enemies":"Spheric Guardian","floor":18,"turns":4},{"damage":26,"enemies":"2 Thieves","floor":21,"turns":4},{"damage":24,"enemies":"Centurion and Healer","floor":27,"turns":8},{"damage":20,"enemies":"Cultist and Chosen","floor":28,"turns":6},{"damage":6,"enemies":"Snake Plant","floor":30,"turns":2}],"seed_played":"-3992259322176854995","potions_obtained":[{"floor":4,"key":"GamblersBrew"},{"floor":21,"key":"Energy Potion"},{"floor":27,"key":"Fire Potion"},{"floor":28,"key":"Ancient Potion"}],"is_trial":false,"path_per_floor":["M","?","?","M","$","R","?","R","T","M","$","?","R","M","R","B",null,"M","?","$","M","?","R","?","R","T","M","M","?","M"],"character_chosen":"DEFECT","items_purchased":["Double Energy"],"campfire_rested":0,"item_purchase_floors":[20],"current_hp_per_floor":[78,58,42,41,41,41,41,41,41,41,41,41,41,41,41,41,82,74,74,74,48,48,48,48,48,48,24,4,4,0],"gold":26,"neow_bonus":"TEN_PERCENT_HP_BONUS","is_prod":false,"is_daily":false,"chose_seed":false,"campfire_upgraded":6,"win_rate":0,"timestamp":1544410876,"path_taken":["M","?","?","M","$","R","?","R","T","?","$","?","R","M","R","BOSS","M","?","$","M","?","R","?","R","T","M","?","?","M"],"build_version":"2018-12-06","purchased_purges":2,"victory":false,"max_hp_per_floor":[82,82,82,82,82,82,82,82,82,82,82,82,82,82,82,82,82,82,82,82,82,82,82,82,82,82,82,82,82,82],"card_choices":[{"not_picked":["Ball Lightning","Gash","Turbo"],"picked":"SKIP","floor":1},{"not_picked":["Go for the Eyes","Heatsinks"],"picked":"Auto Shields","floor":4},{"not_picked":["Barrage","Leap"],"picked":"Rebound","floor":10},{"not_picked":["Streamline","Compile Driver"],"picked":"Seek","floor":14},{"not_picked":["Electrodynamics","Amplify"],"picked":"Meteor Strike","floor":16},{"not_picked":["Gash","Stack"],"picked":"Recycle","floor":18},{"not_picked":["Ball Lightning+1","Static Discharge+1","Undo"],"picked":"SKIP","floor":21},{"not_picked":["Steam","Ball Lightning","Hello World"],"picked":"SKIP","floor":27},{"not_picked":["Chill","Force Field+1","Conserve Battery"],"picked":"SKIP","floor":28}],"player_experience":338067,"relics_obtained":[{"floor":9,"key":"Pocketwatch"},{"floor":26,"key":"Shuriken"}],"event_choices":[{"damage_healed":0,"gold_gain":0,"player_choice":"Take Damage","damage_taken":20,"relics_obtained":["Golden Idol"],"max_hp_gain":0,"max_hp_loss":0,"event_name":"Golden Idol","floor":2,"gold_loss":0},{"damage_healed":0,"gold_gain":0,"player_choice":"Entered Light","damage_taken":16,"max_hp_gain":0,"max_hp_loss":0,"event_name":"Shining Light","floor":3,"gold_loss":0,"cards_upgraded":["Defend_B","Strike_B"]},{"damage_healed":0,"gold_gain":0,"cards_transformed":["Strike_B"],"player_choice":"Transformed","damage_taken":0,"max_hp_gain":0,"max_hp_loss":0,"event_name":"Transmorgrifier","floor":7,"gold_loss":0,"cards_obtained":["Rip and Tear"]},{"cards_removed":["Defend_B"],"damage_healed":0,"gold_gain":0,"player_choice":"Card Removal","damage_taken":0,"max_hp_gain":0,"max_hp_loss":0,"event_name":"The Cleric","floor":12,"gold_loss":50},{"damage_healed":0,"gold_gain":0,"player_choice":"Read","damage_taken":0,"max_hp_gain":0,"max_hp_loss":0,"event_name":"The Library","floor":19,"gold_loss":0,"cards_obtained":["Fusion"]},{"damage_healed":0,"gold_gain":0,"player_choice":"Opened","damage_taken":0,"relics_obtained":["Dodecahedron"],"max_hp_gain":0,"max_hp_loss":0,"event_name":"The Mausoleum","floor":22,"gold_loss":0},{"damage_healed":0,"gold_gain":0,"player_choice":"Paid Fearfully","damage_taken":0,"max_hp_gain":0,"max_hp_loss":0,"event_name":"Masked Bandits","floor":24,"gold_loss":40},{"cards_removed":["Zap"],"damage_healed":0,"gold_gain":0,"player_choice":"Upgrade and Remove","damage_taken":0,"max_hp_gain":0,"max_hp_loss":0,"event_name":"Designer","floor":29,"gold_loss":90,"cards_upgraded":["Rebound"]}],"is_beta":true,"boss_relics":[{"not_picked":["Ectoplasm","Inserter"],"picked":"FrozenCore"}],"items_purged_floors":[5,20],"is_endless":false,"potions_floor_spawned":[4,21,27,28],"killed_by":"Snake Plant","ascension_level":0}