{"gold_per_floor":[110,58,58,74,91,91,101,176,176,189,201,201,232,251,251,349,349,367,34,34,46,46,46,56,56,56,71,171,182,213,36,36,137,137,149,160,123,133,57,57,69,95,95,114,114,147,196,296,296,296],"floor_reached":51,"playtime":3204,"items_purged":["Strike_B","Defend_B"],"score":1001,"play_id":"4ec128f6-9a22-4eee-990a-9604e030ccf6","local_time":"20190130175114","is_ascension_mode":true,"campfire_choices":[{"data":"Coolheaded","floor":6.0,"key":"SMITH"},{"floor":12.0,"key":"REST"},{"floor":15.0,"key":"REST"},{"floor":23.0,"key":"REST"},{"data":"Electrodynamics","floor":25.0,"key":"SMITH"},{"floor":32.0,"key":"REST"},{"data":"Defragment","floor":40.0,"key":"SMITH"},{"data":"Defragment","floor":45,"key":"SMITH"},{"floor":49,"key":"REST"}],"neow_cost":"NONE","seed_source_timestamp":0,"circlet_count":0,"master_deck":["Strike_B+1","Defend_B","Defend_B","Defend_B","Zap","Dualcast","Genetic Algorithm+1","Coolheaded+1","Leap","BootSequence","Core Surge+1","Go for the Eyes+1","Electrodynamics+1","Glacier","FTL+1","Conserve Battery+1","Self Repair+1","Sweeping Beam+1","Defragment+1","Rainbow","Cold Snap+1","Defragment+1","Loop"],"special_seed":0,"relics":["Cracked Core","NeowsBlessing","Molten Egg 2","FossilizedHelix","Empty Cage","Regal Pillow","Nilry\u0027s Codex","Singing Bowl","Girya","Question Card","Whetstone","Runic Dome","Mercury Hourglass","Lantern","Mummified Hand","Torii","Dead Branch"],"potions_floor_usage":[50,50,50],"damage_taken":[{"damage":0.0,"enemies":"2 Louse","floor":1.0,"turns":1.0},{"damage":0.0,"enemies":"Cultist","floor":4.0,"turns":1.0},{"damage":0.0,"enemies":"Small Slimes","floor":5.0,"turns":1.0},{"damage":7.0,"enemies":"Blue Slaver","floor":7.0,"turns":6.0},{"damage":2.0,"enemies":"Looter","floor":10.0,"turns":4.0},{"damage":14.0,"enemies":"3 Louse","floor":11.0,"turns":5.0},{"damage":31.0,"enemies":"Gremlin Nob","floor":13.0,"turns":5.0},{"damage":0.0,"enemies":"Lots of Slimes","floor":14.0,"turns":4.0},{"damage":15.0,"enemies":"The Guardian","floor":16.0,"turns":18.0},{"damage":11.0,"enemies":"Spheric Guardian","floor":18.0,"turns":5.0},{"damage":0.0,"enemies":"Shell Parasite","floor":21.0,"turns":9.0},{"damage":0.0,"enemies":"Chosen and Byrds","floor":24.0,"turns":9.0},{"damage":0.0,"enemies":"Shelled Parasite and Fungi","floor":27.0,"turns":13.0},{"damage":9.0,"enemies":"Colosseum Slavers","floor":28.0,"turns":5.0},{"damage":3.0,"enemies":"Colosseum Nobs","floor":28.0,"turns":7.0},{"damage":5.0,"enemies":"Snake Plant","floor":29.0,"turns":7.0},{"damage":48.0,"enemies":"Book of Stabbing","floor":30.0,"turns":13.0},{"damage":39.0,"enemies":"Automaton","floor":33.0,"turns":12.0},{"damage":0.0,"enemies":"3 Shapes","floor":35.0,"turns":4.0},{"damage":0.0,"enemies":"3 Darklings","floor":36.0,"turns":4.0},{"damage":18.0,"enemies":"Writhing Mass","floor":38.0,"turns":10.0},{"damage":15.0,"enemies":"Jaw Worm Horde","floor":41.0,"turns":4.0},{"damage":21,"enemies":"Giant Head","floor":42,"turns":16},{"damage":20,"enemies":"Maw","floor":44,"turns":10},{"damage":14,"enemies":"Nemesis","floor":46,"turns":13},{"damage":0,"enemies":"2 Orb Walkers","floor":47,"turns":4},{"damage":0,"enemies":"Mind Bloom Boss Battle","floor":48,"turns":8},{"damage":2,"enemies":"Awakened One","floor":50,"turns":14}],"seed_played":"3575340176829919157","potions_obtained":[{"floor":5.0,"key":"Strength Potion"},{"floor":10.0,"key":"Dexterity Potion"},{"floor":11.0,"key":"Weak Potion"},{"floor":13.0,"key":"PowerPotion"},{"floor":30.0,"key":"Ancient Potion"},{"floor":35.0,"key":"PowerPotion"},{"floor":42,"key":"SpeedPotion"},{"floor":47,"key":"Weak Potion"}],"is_trial":false,"path_per_floor":["M","$","?","M","M","R","M","?","T","M","M","R","E","M","R","B",null,"M","$","?","M","$","R","M","R","T","M","?","M","E","$","R","B",null,"M","M","$","M","$","R","M","E","T","M","R","E","?","?","R","B",null],"character_chosen":"DEFECT","items_purchased":["Coolheaded","Regal Pillow","Glacier","FTL+1","Defragment","Defragment","Loop"],"campfire_rested":5,"item_purchase_floors":[2,19,19,19,31,37,39],"current_hp_per_floor":[68,68,68,68,68,68,61,50,50,48,34,56,25,25,47,32,64,53,53,37,37,37,74,74,74,74,76,66,61,23,23,61,32,67,77,81,81,75,75,75,62,53,53,45,45,43,45,57,95,95],"gold":296,"neow_bonus":"THREE_ENEMY_KILL","is_prod":false,"is_daily":false,"chose_seed":false,"campfire_upgraded":4,"win_rate":0,"timestamp":1548888674,"path_taken":["M","$","?","?","M","R","M","?","T","M","M","R","E","M","R","BOSS","M","$","?","M","$","R","M","R","T","M","?","M","E","$","R","BOSS","M","M","$","M","$","R","M","E","T","M","R","E","?","?","R","BOSS"],"build_version":"2019-01-23","purchased_purges":2,"victory":true,"max_hp_per_floor":[75,75,75,75,75,75,75,75,75,75,75,75,75,75,75,75,75,75,75,75,75,75,75,75,75,75,77,79,79,79,79,79,79,79,79,81,81,83,83,83,85,87,87,89,89,91,93,95,95,95],"card_choices":[{"not_picked":["Redo","Scrape"],"picked":"Genetic Algorithm","floor":1.0},{"not_picked":["Barrage","Heatsinks","Genetic Algorithm"],"picked":"SKIP","floor":4.0},{"not_picked":["Force Field","Fusion","Gash"],"picked":"SKIP","floor":5.0},{"not_picked":["Scrape","Gash"],"picked":"Leap","floor":7.0},{"not_picked":["Gash+1","Rebound+1"],"picked":"BootSequence","floor":10.0},{"not_picked":["Coolheaded","Redo","Sweeping Beam+1"],"picked":"SKIP","floor":11.0},{"not_picked":["Turbo","Coolheaded"],"picked":"Core Surge+1","floor":13.0},{"not_picked":["Turbo","White Noise"],"picked":"Go for the Eyes+1","floor":14.0},{"not_picked":["Thunder Strike+1","Seek"],"picked":"Electrodynamics","floor":16.0},{"not_picked":["Compile Driver+1","Rebound+1","Melter+1"],"picked":"SKIP","floor":18.0},{"not_picked":["Turbo","Gash+1","Streamline+1"],"picked":"SKIP","floor":21.0},{"not_picked":["Compile Driver+1","Steam"],"picked":"Conserve Battery+1","floor":24.0},{"not_picked":["Stack","Barrage+1","Beam Cell+1"],"picked":"Singing Bowl","floor":27.0},{"not_picked":["Barrage+1","Heatsinks","Hologram"],"picked":"Singing Bowl","floor":28.0},{"not_picked":["Chaos","FTL+1","Darkness"],"picked":"Self Repair+1","floor":29.0},{"not_picked":["Tempest","Rebound+1","Redo"],"picked":"Sweeping Beam+1","floor":30.0},{"not_picked":["Machine Learning","Reboot","Meteor Strike+1"],"picked":"Rainbow","floor":33.0},{"not_picked":["Hologram","Beam Cell+1","Go for the Eyes+1"],"picked":"Cold Snap+1","floor":35.0},{"not_picked":["Skim","Hello World+1","Chaos+1","Conserve Battery+1"],"picked":"Singing Bowl","floor":36.0},{"not_picked":["Double Energy","Reprogram","Meteor Strike+1","Auto Shields+1"],"picked":"Singing Bowl","floor":38.0},{"not_picked":["Redo","Barrage+1","Fusion+1","Storm"],"picked":"Singing Bowl","floor":41.0},{"not_picked":["Leap+1","Go for the Eyes+1","Self Repair+1","Steam+1"],"picked":"Singing Bowl","floor":42},{"not_picked":["Hello World+1","Streamline+1","Fusion+1","Heatsinks"],"picked":"Singing Bowl","floor":44},{"not_picked":["Sweeping Beam+1","Hello World+1","Barrage+1","Streamline+1"],"picked":"Singing Bowl","floor":46},{"not_picked":["Conserve Battery+1","Hello World+1","Rainbow","Ball Lightning+1"],"picked":"Singing Bowl","floor":47},{"not_picked":["Ball Lightning+1","Reinforced Body","Sweeping Beam+1","Recycle"],"picked":"Singing Bowl","floor":48}],"player_experience":178440,"relics_obtained":[{"floor":9.0,"key":"Molten Egg 2"},{"floor":13.0,"key":"FossilizedHelix"},{"floor":20.0,"key":"Nilry\u0027s Codex"},{"floor":26.0,"key":"Singing Bowl"},{"floor":28.0,"key":"Girya"},{"floor":28.0,"key":"Question Card"},{"floor":30.0,"key":"Whetstone"},{"floor":42,"key":"Mercury Hourglass"},{"floor":43,"key":"Lantern"},{"floor":46,"key":"Mummified Hand"},{"floor":47,"key":"Torii"},{"floor":48,"key":"Dead Branch"}],"event_choices":[{"damage_healed":0.0,"max_hp_gain":0.0,"max_hp_loss":0.0,"gold_gain":0.0,"event_name":"Upgrade Shrine","player_choice":"Upgraded","floor":3.0,"gold_loss":0.0,"damage_taken":0.0,"cards_upgraded":["Genetic Algorithm"]},{"damage_healed":0.0,"max_hp_gain":0.0,"max_hp_loss":0.0,"gold_gain":75.0,"event_name":"World of Goop","player_choice":"Gather Gold","floor":8.0,"gold_loss":0.0,"damage_taken":11.0},{"damage_healed":0.0,"max_hp_gain":0.0,"max_hp_loss":0.0,"gold_gain":0.0,"event_name":"Cursed Tome","player_choice":"Obtained Book","floor":20.0,"gold_loss":0.0,"damage_taken":16.0},{"damage_healed":0.0,"max_hp_gain":0.0,"max_hp_loss":0.0,"gold_gain":0.0,"event_name":"Colosseum","player_choice":"Fight","floor":28.0,"gold_loss":0.0,"damage_taken":0.0},{"damage_healed":0.0,"max_hp_gain":0.0,"max_hp_loss":0.0,"gold_gain":0.0,"event_name":"Colosseum","player_choice":"Fought Nobs","floor":28.0,"gold_loss":0.0,"damage_taken":0.0},{"damage_healed":0,"gold_gain":0,"player_choice":"Fight","damage_taken":0,"max_hp_gain":0,"max_hp_loss":0,"event_name":"Mysterious Sphere","floor":47,"gold_loss":0},{"damage_healed":0,"gold_gain":0,"player_choice":"Fight","damage_taken":0,"max_hp_gain":0,"max_hp_loss":0,"event_name":"MindBloom","floor":48,"gold_loss":0}],"is_beta":false,"boss_relics":[{"not_picked":["Fusion Hammer","Busted Crown"],"picked":"Empty Cage"},{"not_picked":["Coffee Dripper","Velvet Choker"],"picked":"Runic Dome"}],"items_purged_floors":[19,31],"is_endless":false,"potions_floor_spawned":[5,10,11,13,14,28,28,30,35,38,42,47],"ascension_level":8}