{"path_per_floor":["M","?","M","?","?","R","?","E","T","$","R","E","$","M","R"],"character_chosen":"THE_SILENT","items_purchased":["Gremlin Horn","Warcry","Clash","Calculated Gamble"],"gold_per_floor":[144,144,189,364,364,364,364,462,462,62,62,160,82,131,131,131],"floor_reached":16,"campfire_rested":3,"playtime":797,"current_hp_per_floor":[67,67,65,65,58,70,70,14,14,14,35,17,17,17,38,0],"items_purged":["Injury"],"gold":131,"score":106,"play_id":"6a25f841-401a-4ea6-afe9-664b9f95e642","local_time":"20180410225258","daily_mods":["Diverse","Midas","Elite Swarm"],"is_prod":false,"is_daily":true,"chose_seed":false,"is_ascension_mode":false,"campfire_upgraded":0,"timestamp":1523397178,"path_taken":["M","?","M","?","?","R","?","E","T","$","R","E","?","M","R","BOSS"],"build_version":"2018-04-10","seed_source_timestamp":0,"purchased_purges":1,"victory":false,"master_deck":["Defend_G","Defend_G","Defend_G","Defend_G","Strike_G","Strike_G","Strike_G","Strike_G","Strike_G","Survivor","Neutralize","Twin Strike","Searing Blow","Flex","Tools of the Trade","Warcry","Clash","Storm of Steel","Calculated Gamble"],"max_hp_per_floor":[70,70,70,70,70,70,70,70,70,70,70,70,70,70,70,70],"relics":["Ring of the Snake","Golden Idol","Ice Cream","Kunai","Gremlin Horn","Unceasing Top"],"card_choices":[{"not_picked":["Second Wind","Concentrate"],"picked":"Twin Strike","floor":1},{"not_picked":["Setup","Anger"],"picked":"Flex","floor":3},{"not_picked":["Juggernaut","Wraith Form"],"picked":"Tools of the Trade","floor":8},{"not_picked":["Immolate","Wraith Form"],"picked":"Storm of Steel","floor":12}],"player_experience":55129,"potions_floor_usage":[12,16,16],"damage_taken":[{"damage":3,"enemies":"Jaw Worm","floor":1,"turns":6},{"damage":2,"enemies":"Small Slimes","floor":3,"turns":3},{"damage":56,"enemies":"Lagavulin","floor":8,"turns":8},{"damage":18,"enemies":"Gremlin Nob","floor":12,"turns":4},{"damage":0,"enemies":"2 Louse","floor":14,"turns":2},{"damage":38,"enemies":"Slime Boss","floor":16,"turns":9}],"event_choices":[{"event_name":"Living Wall","player_choice":"Change","floor":2,"damage_taken":0},{"event_name":"Liars Game","player_choice":"agreed","floor":4,"damage_taken":0},{"event_name":"Golden Wing","player_choice":"Card Removal","floor":5,"damage_taken":0},{"event_name":"Golden Idol","player_choice":"Take Wound","floor":7,"damage_taken":0}],"boss_relics":[],"potions_floor_spawned":[8,12,14],"seed_played":"-3035247883718955550","killed_by":"Slime Boss","ascension_level":0,"is_trial":false}