{"gold_per_floor":[119,119,119,133,201,229,229,257,280,290,322,322,60,94,94,193,193,204,304,152,162,174,199,213,213],"floor_reached":25,"playtime":1637,"items_purged":[],"score":286,"play_id":"afae4787-2ad5-4dd6-8a4a-cd0010568945","local_time":"20190131152238","is_ascension_mode":true,"campfire_choices":[{"data":"Metallicize","floor":7,"key":"SMITH"},{"floor":12,"key":"REST"},{"floor":15,"key":"REST"}],"neow_cost":"TEN_PERCENT_HP_LOSS","seed_source_timestamp":2491975176133,"circlet_count":0,"master_deck":["Strike_R","Strike_R","Strike_R","Defend_R","Defend_R","Defend_R","Defend_R","Bash","Metallicize+1","Dropkick+1","Heavy Blade","Pommel Strike","Anger","Twin Strike","Twin Strike+1","Metallicize","Anger+1","Uppercut+1","Barricade","Ghostly Armor","Entrench","Body Slam+1"],"relics":["Burning Blood","Strawberry","Turnip","Dream Catcher","Molten Egg 2","Singing Bowl","The Courier","Runic Cube","Blood Vial","Champion Belt"],"potions_floor_usage":[16,22,23,24,24],"damage_taken":[{"damage":0,"enemies":"2 Louse","floor":1,"turns":5},{"damage":0,"enemies":"Jaw Worm","floor":4,"turns":3},{"damage":30,"enemies":"3 Sentries","floor":6,"turns":10},{"damage":30,"enemies":"Lagavulin","floor":8,"turns":6},{"damage":0,"enemies":"Cultist","floor":10,"turns":2},{"damage":24,"enemies":"Gremlin Nob","floor":11,"turns":4},{"damage":26,"enemies":"3 Sentries","floor":14,"turns":8},{"damage":13,"enemies":"Slime Boss","floor":16,"turns":7},{"damage":13,"enemies":"Chosen","floor":18,"turns":5},{"damage":16,"enemies":"Spheric Guardian","floor":21,"turns":5},{"damage":18,"enemies":"Snake Plant","floor":22,"turns":6},{"damage":39,"enemies":"Slavers","floor":23,"turns":58},{"damage":14,"enemies":"Snecko","floor":24,"turns":6},{"damage":46,"enemies":"3 Cultists","floor":25,"turns":4}],"seed_played":"7155479672807444095","potions_obtained":[{"floor":10,"key":"SkillPotion"},{"floor":14,"key":"Ancient Potion"},{"floor":16,"key":"EssenceOfSteel"},{"floor":21,"key":"Weak Potion"},{"floor":23,"key":"BloodPotion"}],"is_trial":false,"path_per_floor":["M","?","?","M","?","E","R","E","T","M","E","R","$","E","R","B",null,"M","?","$","M","M","E","M","M"],"character_chosen":"IRONCLAD","items_purchased":["Singing Bowl","Blood Vial","Ghostly Armor"],"campfire_rested":2,"item_purchase_floors":[13,20,20],"current_hp_per_floor":[72,72,72,72,72,55,55,31,31,37,19,42,42,22,45,38,79,74,74,74,68,58,27,31,0],"gold":213,"neow_bonus":"TRANSFORM_TWO_CARDS","is_prod":false,"is_daily":false,"chose_seed":false,"campfire_upgraded":1,"win_rate":0,"timestamp":1548944558,"path_taken":["M","?","?","?","?","E","R","E","T","M","E","R","$","E","R","BOSS","M","?","?","M","?","E","M","M"],"build_version":"2019-01-23","purchased_purges":0,"victory":false,"max_hp_per_floor":[72,72,72,72,72,79,79,79,79,79,79,79,79,79,79,79,79,81,81,81,83,83,83,85,85],"card_choices":[{"not_picked":["Flex","Intimidate"],"picked":"Heavy Blade","floor":1},{"not_picked":["Bloodletting","Body Slam"],"picked":"Pommel Strike","floor":4},{"not_picked":["Shockwave","Intimidate"],"picked":"Anger","floor":6},{"not_picked":["Feel No Pain","Hemokinesis","Perfected Strike"],"picked":"SKIP","floor":8},{"not_picked":["Bloodletting","Combust"],"picked":"Twin Strike","floor":10},{"not_picked":["Pummel","Hemokinesis"],"picked":"Twin Strike","floor":11},{"not_picked":["Juggernaut","Sword Boomerang+1"],"picked":"Metallicize","floor":12},{"not_picked":["Sword Boomerang+1","Evolve"],"picked":"Anger+1","floor":14},{"not_picked":["Battle Trance","Bloodletting"],"picked":"Uppercut+1","floor":15},{"not_picked":["Reaper+1","Fiend Fire+1"],"picked":"Barricade","floor":16},{"not_picked":["Clothesline+1","Flex","Intimidate"],"picked":"Singing Bowl","floor":18},{"not_picked":["Pommel Strike+1","Sentinel","Perfected Strike+1"],"picked":"Singing Bowl","floor":21},{"not_picked":["Shrug It Off","Uppercut+1"],"picked":"Entrench","floor":22},{"not_picked":["Twin Strike+1","Hemokinesis+1"],"picked":"Body Slam+1","floor":23},{"not_picked":["Anger+1","Heavy Blade+1","Cleave+1"],"picked":"Singing Bowl","floor":24}],"player_experience":122136,"relics_obtained":[{"floor":6,"key":"Strawberry"},{"floor":8,"key":"Turnip"},{"floor":9,"key":"Dream Catcher"},{"floor":11,"key":"Molten Egg 2"},{"floor":14,"key":"The Courier"},{"floor":23,"key":"Champion Belt"}],"event_choices":[{"damage_healed":0,"gold_gain":0,"player_choice":"Grow","damage_taken":0,"max_hp_gain":0,"max_hp_loss":0,"event_name":"Living Wall","floor":2,"gold_loss":0,"cards_upgraded":["Dropkick"]},{"damage_healed":0,"gold_gain":0,"player_choice":"Full Heal","damage_taken":0,"max_hp_gain":0,"max_hp_loss":0,"event_name":"Wheel of Change","floor":3,"gold_loss":0},{"damage_healed":0,"gold_gain":68,"player_choice":"Gained Gold","damage_taken":0,"max_hp_gain":0,"max_hp_loss":0,"event_name":"Golden Wing","floor":5,"gold_loss":0},{"damage_healed":0,"gold_gain":100,"player_choice":"Pray","damage_taken":0,"max_hp_gain":0,"max_hp_loss":0,"event_name":"Golden Shrine","floor":19,"gold_loss":0}],"is_beta":false,"boss_relics":[{"not_picked":["Empty Cage","Pandora\u0027s Box"],"picked":"Runic Cube"}],"items_purged_floors":[],"is_endless":false,"potions_floor_spawned":[10,14,16,21,23],"killed_by":"3 Cultists","ascension_level":3}