{"path_per_floor":["M","$","?","?","M","E","R","?","T","E","M","?","R","M","R","B",null,"M","M","$","M","M","$"],"character_chosen":"DEFECT","items_purchased":["Defragment","Go for the Eyes","Ball Lightning","Impulse","Toxic Egg 2"],"gold_per_floor":[119,3,3,3,17,42,42,42,91,125,140,315,315,336,336,467,467,480,503,325,341,357,14,14],"floor_reached":24,"campfire_rested":1,"playtime":1055,"current_hp_per_floor":[75,75,60,60,60,41,41,41,41,17,16,16,36,35,35,3,69,57,42,42,33,5,5,0],"items_purged":["Normality","Doubt"],"gold":14,"score":216,"play_id":"f3ab3454-b828-4832-8078-080430103d88","local_time":"20180506210425","is_prod":false,"is_daily":false,"chose_seed":false,"is_ascension_mode":true,"campfire_upgraded":2,"timestamp":1525637065,"path_taken":["M","$","?","?","?","E","R","?","T","E","M","?","R","M","R","BOSS","M","M","$","M","M","$","E"],"build_version":"2018-05-03","seed_source_timestamp":691514497162874,"purchased_purges":2,"victory":false,"master_deck":["Strike_B","Strike_B","Strike_B","Strike_B","Defend_B","Defend_B","Defend_B","Defend_B+1","Zap","Dualcast","Clumsy","FTL","Defragment+1","Go for the Eyes","Capacitor+1","FTL","Sweeping Beam","Aggregate","Barrage","Defragment+1","Thunder Strike","Pain","Regret","Regret","Tempest","Ball Lightning","Impulse","Go for the Eyes+1"],"max_hp_per_floor":[75,75,75,75,75,75,75,69,69,69,69,69,69,69,69,69,69,69,69,69,69,69,69,69],"relics":["Cracked Core","Thread and Needle","Prayer Wheel","Blue Candle","Golden Idol","Oddly Smooth Stone","Mercury Hourglass","Calling Bell","Omamori","Mummified Hand","Bird Faced Urn","Toxic Egg 2"],"card_choices":[{"not_picked":["Leap","Barrage"],"picked":"FTL","floor":1},{"not_picked":["Streamline","Leap"],"picked":"Capacitor","floor":5},{"not_picked":["Leap","Ball Lightning"],"picked":"FTL","floor":6},{"not_picked":["Rebound","Streamline"],"picked":"Sweeping Beam","floor":9},{"not_picked":["Heatsinks","Genetic Algorithm"],"picked":"Aggregate","floor":10},{"not_picked":["Doom and Gloom","Cold Snap"],"picked":"Barrage","floor":11},{"not_picked":["Leap","Impulse"],"picked":"Defragment","floor":14},{"not_picked":["Redo","Biased Cognition"],"picked":"Thunder Strike","floor":16},{"not_picked":["Rip and Tear","Lockon"],"picked":"Tempest","floor":19},{"not_picked":["Streamline","Scrape"],"picked":"Go for the Eyes","floor":22}],"player_experience":117167,"potions_floor_usage":[24,24,24],"damage_taken":[{"damage":0,"enemies":"Cultist","floor":1,"turns":3},{"damage":0,"enemies":"2 Louse","floor":5,"turns":2},{"damage":19,"enemies":"Lagavulin","floor":6,"turns":6},{"damage":24,"enemies":"Gremlin Nob","floor":10,"turns":4},{"damage":1,"enemies":"Jaw Worm","floor":11,"turns":2},{"damage":1,"enemies":"Large Slime","floor":14,"turns":4},{"damage":32,"enemies":"The Guardian","floor":16,"turns":9},{"damage":14,"enemies":"3 Byrds","floor":18,"turns":4},{"damage":19,"enemies":"Spheric Guardian","floor":19,"turns":4},{"damage":13,"enemies":"Snecko","floor":21,"turns":4},{"damage":34,"enemies":"Slaver and Parasite","floor":22,"turns":3},{"damage":15,"enemies":"Slavers","floor":24,"turns":1}],"event_choices":[{"event_name":"Shining Light","player_choice":"Entered Light","floor":3,"damage_taken":0},{"event_name":"Accursed Blacksmith","player_choice":"Rummage","floor":4,"damage_taken":0},{"event_name":"Golden Idol","player_choice":"Lose Max HP","floor":8,"damage_taken":0},{"event_name":"Liars Game","player_choice":"agreed","floor":12,"damage_taken":0}],"boss_relics":[{"not_picked":["Astrolabe","Nuclear Battery"],"picked":"Calling Bell"}],"potions_floor_spawned":[5,11,16,18,21,22],"seed_played":"1967988741873906774","killed_by":"Slavers","ascension_level":1,"is_trial":false}