{"gold_per_floor":[112,130,142,155,167,167,167,200,200,215,254,429,454,493,493,493],"floor_reached":16,"playtime":784,"items_purged":[],"score":136,"play_id":"444ce0d7-b0ba-4374-b592-c7d787252d17","local_time":"20190131224151","is_ascension_mode":true,"campfire_choices":[{"data":"Dodge and Roll","floor":6,"key":"SMITH"},{"floor":15,"key":"REST"}],"neow_cost":"NONE","seed_source_timestamp":29700644201998,"circlet_count":0,"master_deck":["Defend_G","Defend_G","Defend_G","Defend_G","Defend_G","Strike_G","Strike_G","Strike_G","Strike_G","Strike_G","Survivor","Neutralize","Flying Knee","All Out Attack","Venomology","Dodge and Roll+1","Cloak And Dagger","Blade Dance","Slice","Doubt","Sucker Punch","Envenom"],"relics":["Ring of the Snake","Golden Idol","Art of War","Singing Bowl","PreservedInsect","Prayer Wheel"],"potions_floor_usage":[4,8,8,8,11,11,11,14,14,16],"damage_taken":[{"damage":0,"enemies":"Cultist","floor":1,"turns":5},{"damage":0,"enemies":"Small Slimes","floor":2,"turns":3},{"damage":0,"enemies":"2 Louse","floor":3,"turns":2},{"damage":15,"enemies":"Exordium Wildlife","floor":4,"turns":4},{"damage":0,"enemies":"Looter","floor":5,"turns":4},{"damage":11,"enemies":"Lagavulin","floor":8,"turns":10},{"damage":3,"enemies":"2 Fungi Beasts","floor":10,"turns":4},{"damage":14,"enemies":"Gremlin Nob","floor":11,"turns":5},{"damage":2,"enemies":"3 Louse","floor":13,"turns":3},{"damage":17,"enemies":"Lagavulin","floor":14,"turns":5},{"damage":51,"enemies":"The Guardian","floor":16,"turns":13}],"seed_played":"3930181116128557966","potions_obtained":[{"floor":2,"key":"GhostInAJar"},{"floor":3,"key":"Weak Potion"},{"floor":10,"key":"Regen Potion"},{"floor":13,"key":"SteroidPotion"}],"is_trial":false,"path_per_floor":["M","M","M","M","M","R","?","E","T","M","E","?","M","E","R","B"],"character_chosen":"THE_SILENT","items_purchased":[],"campfire_rested":1,"item_purchase_floors":[],"current_hp_per_floor":[77,77,77,62,62,62,43,32,32,29,31,31,29,12,35,0],"gold":493,"neow_bonus":"TEN_PERCENT_HP_BONUS","is_prod":false,"is_daily":false,"chose_seed":false,"campfire_upgraded":1,"win_rate":0,"timestamp":1548970911,"path_taken":["M","?","M","M","M","R","?","E","T","M","E","?","M","E","R","BOSS"],"build_version":"2019-01-23","purchased_purges":0,"victory":false,"max_hp_per_floor":[77,77,77,77,77,77,77,77,77,77,79,79,79,79,79,79],"card_choices":[{"not_picked":["Dagger Spray","Quick Slash"],"picked":"Flying Knee","floor":1},{"not_picked":["Dodge and Roll","Quick Slash"],"picked":"All Out Attack","floor":2},{"not_picked":["Deflect","Cloak And Dagger"],"picked":"Venomology","floor":3},{"not_picked":["Bane","Underhanded Strike"],"picked":"Dodge and Roll","floor":4},{"not_picked":["Escape Plan","Backflip"],"picked":"Cloak And Dagger","floor":5},{"not_picked":["Well Laid Plans","Burst"],"picked":"Blade Dance","floor":8},{"not_picked":["Eviscerate","Calculated Gamble"],"picked":"Slice","floor":10},{"not_picked":["Bane","Concentrate","Dagger Spray"],"picked":"Singing Bowl","floor":11},{"not_picked":["Riddle With Holes","Phantasmal Killer"],"picked":"Sucker Punch","floor":13},{"not_picked":["Finisher","Prepared"],"picked":"Envenom","floor":14}],"player_experience":145641,"relics_obtained":[{"floor":8,"key":"Art of War"},{"floor":9,"key":"Singing Bowl"},{"floor":11,"key":"PreservedInsect"},{"floor":14,"key":"Prayer Wheel"}],"event_choices":[{"damage_healed":0,"gold_gain":0,"player_choice":"Take Damage","damage_taken":19,"relics_obtained":["Golden Idol"],"max_hp_gain":0,"max_hp_loss":0,"event_name":"Golden Idol","floor":7,"gold_loss":0},{"damage_healed":0,"gold_gain":175,"player_choice":"AGREE","damage_taken":0,"max_hp_gain":0,"max_hp_loss":0,"event_name":"Liars Game","floor":12,"gold_loss":0,"cards_obtained":["Doubt"]}],"is_beta":false,"boss_relics":[],"items_purged_floors":[],"is_endless":false,"potions_floor_spawned":[2,3,10,13],"killed_by":"The Guardian","ascension_level":2}