{"gold_per_floor":[119,133,133,150,325,325,340,340,340,126,155,155,155,166,166,265,265,280,300,215,165,182,182,214,214,268,287,35,53,53,79,91,103],"floor_reached":33,"playtime":1307,"items_purged":["Doubt"],"score":384,"play_id":"5eafe153-63d5-4d63-8006-b66e4affc254","local_time":"20190123193920","is_ascension_mode":true,"campfire_choices":[{"data":"Armaments","floor":6,"key":"SMITH"},{"data":"Juggernaut","floor":12,"key":"SMITH"},{"data":"Warcry","floor":15,"key":"SMITH"},{"data":"Dark Embrace","floor":23,"key":"SMITH"},{"floor":32,"key":"REST"}],"neow_cost":"PERCENT_DAMAGE","seed_source_timestamp":1134884562091632,"circlet_count":0,"master_deck":["Strike_R","Strike_R","Strike_R","Strike_R","Strike_R","Defend_R","Defend_R","Defend_R","Defend_R","Bash","Warcry+1","Armaments+1","Metallicize","Bandage Up","Warcry+1","Juggernaut+1","Dark Embrace+1","Normality","Parasite","Injury","True Grit+1","Feel No Pain+1","Shrug It Off","Infernal Blade+1","Intimidate","True Grit+1","Warcry+1","Magnetism","Trip","Feel No Pain","Power Through"],"relics":["Burning Blood","Charon\u0027s Ashes","Self Forming Clay","Mercury Hourglass","Calling Bell","Pen Nib","Dodecahedron","Prayer Wheel","Matryoshka","Ancient Tea Set","Bag of Preparation","Bronze Scales","MawBank","Smiling Mask"],"potions_floor_usage":[19,22,24],"damage_taken":[{"damage":13,"enemies":"Jaw Worm","floor":1,"turns":4},{"damage":5,"enemies":"Cultist","floor":2,"turns":4},{"damage":8,"enemies":"2 Louse","floor":4,"turns":3},{"damage":7,"enemies":"2 Fungi Beasts","floor":7,"turns":5},{"damage":19,"enemies":"3 Sentries","floor":11,"turns":7},{"damage":7,"enemies":"Exordium Thugs","floor":14,"turns":5},{"damage":42,"enemies":"The Guardian","floor":16,"turns":10},{"damage":20,"enemies":"Shell Parasite","floor":18,"turns":5},{"damage":17,"enemies":"Chosen","floor":19,"turns":5},{"damage":11,"enemies":"Sentry and Sphere","floor":22,"turns":5},{"damage":46,"enemies":"Slavers","floor":24,"turns":7},{"damage":5,"enemies":"3 Cultists","floor":27,"turns":4},{"damage":8,"enemies":"Chosen and Byrds","floor":29,"turns":4},{"damage":71,"enemies":"Champ","floor":33,"turns":10}],"seed_played":"-7445314008183528145","potions_obtained":[{"floor":4,"key":"BloodPotion"},{"floor":11,"key":"Weak Potion"},{"floor":18,"key":"GamblersBrew"},{"floor":29,"key":"GamblersBrew"}],"is_trial":false,"path_per_floor":["M","M","?","M","?","R","M","?","T","$","E","R","?","M","R","B",null,"M","M","?","?","M","R","E","?","T","M","$","M","?","T","R","B"],"character_chosen":"IRONCLAD","items_purchased":["Bandage Up","Warcry","Magnetism","Trip"],"campfire_rested":1,"item_purchase_floors":[10,10,28,28],"current_hp_per_floor":[44,45,80,78,78,78,77,82,82,82,73,73,73,76,76,46,75,65,58,58,58,67,67,31,31,31,36,36,40,24,24,51,0],"gold":103,"neow_bonus":"ONE_RARE_RELIC","is_prod":false,"is_daily":false,"chose_seed":false,"campfire_upgraded":4,"win_rate":0,"timestamp":1548272360,"path_taken":["M","M","?","?","?","R","M","?","T","$","E","R","?","M","R","BOSS","M","M","?","?","?","R","E","?","T","?","$","M","?","?","R","BOSS"],"build_version":"2019-01-23","purchased_purges":1,"victory":false,"max_hp_per_floor":[80,80,80,80,80,80,80,85,85,85,85,85,85,85,85,85,85,85,85,85,85,85,85,85,85,85,85,85,85,90,90,90,90],"card_choices":[{"not_picked":["Sentinel","Pommel Strike"],"picked":"Warcry","floor":1},{"not_picked":["Anger","Cleave"],"picked":"Power Through","floor":2},{"not_picked":["Inflame","Rupture"],"picked":"Armaments","floor":4},{"not_picked":["Shrug It Off","Cleave"],"picked":"Metallicize","floor":7},{"not_picked":["Armaments","Exhume"],"picked":"Juggernaut","floor":11},{"not_picked":["Body Slam","Sword Boomerang","Sentinel"],"picked":"SKIP","floor":14},{"not_picked":["Juggernaut","Reaper"],"picked":"Dark Embrace","floor":16},{"not_picked":["Iron Wave","Searing Blow"],"picked":"True Grit+1","floor":18},{"not_picked":["Clothesline","Cleave","Rampage+1"],"picked":"SKIP","floor":18},{"not_picked":["Clash","True Grit"],"picked":"Feel No Pain+1","floor":19},{"not_picked":["Bloodletting","Spot Weakness"],"picked":"Shrug It Off","floor":19},{"not_picked":["Armaments","Perfected Strike+1"],"picked":"Infernal Blade","floor":22},{"not_picked":["Armaments+1","Carnage+1","Clash"],"picked":"SKIP","floor":22},{"not_picked":["Exhume","Flex+1"],"picked":"Intimidate","floor":24},{"not_picked":["Fire Breathing","Anger+1"],"picked":"True Grit+1","floor":27},{"not_picked":["Armaments","Headbutt"],"picked":"Warcry+1","floor":27},{"not_picked":["Clothesline","Power Through"],"picked":"Feel No Pain","floor":29},{"not_picked":["Flex+1","Sword Boomerang"],"picked":"Power Through","floor":29}],"player_experience":462970,"relics_obtained":[{"floor":9,"key":"Self Forming Clay"},{"floor":11,"key":"Mercury Hourglass"},{"floor":17,"key":"Pen Nib"},{"floor":17,"key":"Dodecahedron"},{"floor":17,"key":"Prayer Wheel"},{"floor":24,"key":"Ancient Tea Set"},{"floor":26,"key":"Bag of Preparation"},{"floor":26,"key":"Bronze Scales"},{"floor":31,"key":"MawBank"},{"floor":31,"key":"Smiling Mask"}],"event_choices":[{"cards_removed":["Power Through"],"damage_healed":35,"gold_gain":0,"player_choice":"Offered Uncommon","damage_taken":0,"max_hp_gain":0,"max_hp_loss":0,"event_name":"Bonfire Elementals","floor":3,"gold_loss":0},{"damage_healed":0,"gold_gain":175,"player_choice":"AGREE","damage_taken":0,"max_hp_gain":0,"max_hp_loss":0,"event_name":"Liars Game","floor":5,"gold_loss":0,"cards_obtained":["Doubt"]},{"damage_healed":0,"gold_gain":0,"player_choice":"Donut","damage_taken":0,"max_hp_gain":5,"max_hp_loss":0,"event_name":"Big Fish","floor":8,"gold_loss":0},{"damage_healed":0,"gold_gain":0,"player_choice":"Upgraded","damage_taken":0,"max_hp_gain":0,"max_hp_loss":0,"event_name":"Upgrade Shrine","floor":13,"gold_loss":0,"cards_upgraded":["Warcry"]},{"damage_healed":0,"gold_gain":0,"player_choice":"Obtained Relic","damage_taken":0,"relics_obtained":["Matryoshka"],"max_hp_gain":0,"max_hp_loss":0,"event_name":"Addict","floor":20,"gold_loss":85},{"damage_healed":0,"gold_gain":0,"player_choice":"Bet on Murderer","damage_taken":0,"max_hp_gain":0,"max_hp_loss":0,"event_name":"The Joust","floor":21,"gold_loss":50},{"damage_healed":0,"gold_gain":0,"player_choice":"Upgraded","damage_taken":0,"max_hp_gain":0,"max_hp_loss":0,"event_name":"Upgrade Shrine","floor":25,"gold_loss":0,"cards_upgraded":["Infernal Blade"]},{"damage_healed":0,"gold_gain":0,"player_choice":"Shed Blood","damage_taken":21,"max_hp_gain":5,"max_hp_loss":0,"event_name":"Forgotten Altar","floor":30,"gold_loss":0}],"is_beta":true,"boss_relics":[{"not_picked":["Philosopher\u0027s Stone","Cursed Key"],"picked":"Calling Bell"}],"items_purged_floors":[10],"is_endless":false,"potions_floor_spawned":[4,11,18,29],"killed_by":"Champ","ascension_level":9}