{"gold_per_floor":[115,115,135,6,17,51,68,88,140,140,140,158,33,48,48,146,146,161,86,103,103,23,23],"floor_reached":23,"playtime":941,"items_purged":["Regret","Writhe"],"score":270,"play_id":"16808773-0a1d-4117-bed7-504376f90d67","local_time":"20190110031730","is_ascension_mode":true,"campfire_choices":[{"data":"Hologram","floor":11,"key":"SMITH"},{"floor":15,"key":"REST"}],"neow_cost":"NONE","seed_source_timestamp":625948839150791,"circlet_count":0,"master_deck":["Strike_B","Strike_B","Strike_B+1","Defend_B","Defend_B","Defend_B","Defend_B","Zap","Dualcast","Clumsy","Writhe","Ball Lightning+1","Hologram+1","Redo","Coolheaded","Cold Snap","Darkness","Core Surge","Loop","BootSequence","Capacitor","Fusion","Electrodynamics","Loop+1","White Noise"],"relics":["Calling Bell","DataDisk","Dodecahedron","Prayer Wheel","Question Card","Whetstone","Calipers","Runic Pyramid","The Courier"],"potions_floor_usage":[6,6,16,23],"damage_taken":[{"damage":6,"enemies":"Small Slimes","floor":1,"turns":4},{"damage":3,"enemies":"Cultist","floor":3,"turns":3},{"damage":10,"enemies":"Jaw Worm","floor":5,"turns":4},{"damage":4,"enemies":"Lagavulin","floor":6,"turns":7},{"damage":9,"enemies":"2 Fungi Beasts","floor":7,"turns":3},{"damage":4,"enemies":"Blue Slaver","floor":8,"turns":4},{"damage":8,"enemies":"Exordium Wildlife","floor":12,"turns":3},{"damage":9,"enemies":"Lots of Slimes","floor":14,"turns":6},{"damage":15,"enemies":"Slime Boss","floor":16,"turns":6},{"damage":34,"enemies":"2 Thieves","floor":18,"turns":4},{"damage":8,"enemies":"Chosen","floor":20,"turns":6},{"damage":28,"enemies":"Slavers","floor":23,"turns":2}],"seed_played":"-1483188924613964419","potions_obtained":[{"floor":1,"key":"FairyPotion"},{"floor":2,"key":"FocusPotion"},{"floor":2,"key":"Dexterity Potion"},{"floor":8,"key":"Energy Potion"}],"is_trial":false,"path_per_floor":["M","?","M","$","M","E","M","M","T","T","R","M","$","M","R","B",null,"M","?","M","?","$","E"],"character_chosen":"DEFECT","items_purchased":["Redo","Capacitor","PowerPotion"],"campfire_rested":1,"item_purchase_floors":[4,13,13],"current_hp_per_floor":[62,62,59,59,49,45,36,32,32,32,32,24,24,15,37,22,62,28,28,20,20,20,0],"gold":23,"neow_bonus":"BOSS_RELIC","is_prod":false,"is_daily":false,"chose_seed":false,"campfire_upgraded":1,"win_rate":0,"timestamp":1547090250,"path_taken":["M","?","M","?","M","E","M","M","T","?","R","M","$","M","R","BOSS","M","?","M","?","?","E"],"build_version":"2019-01-08","purchased_purges":2,"victory":false,"max_hp_per_floor":[75,75,75,75,75,75,75,75,75,75,75,75,75,75,75,75,75,75,75,75,75,75,75],"card_choices":[{"not_picked":["Sweeping Beam","Heatsinks"],"picked":"Ball Lightning","floor":1},{"not_picked":["Turbo","Compile Driver","Barrage"],"picked":"SKIP","floor":1},{"not_picked":["Rebound","BootSequence"],"picked":"Hologram","floor":3},{"not_picked":["Reinforced Body","Genetic Algorithm","Conserve Battery"],"picked":"SKIP","floor":3},{"not_picked":["Turbo","Tempest"],"picked":"Coolheaded","floor":5},{"not_picked":["Multi-Cast","Hologram"],"picked":"Cold Snap","floor":5},{"not_picked":["Leap","Skim"],"picked":"Darkness","floor":6},{"not_picked":["Go for the Eyes","Cold Snap","Doom and Gloom"],"picked":"Core Surge","floor":7},{"not_picked":["Genetic Algorithm","Go for the Eyes","Steam"],"picked":"Loop","floor":7},{"not_picked":["Cold Snap","Amplify","Double Energy","Leap"],"picked":"SKIP","floor":8},{"not_picked":["Conserve Battery","Gash","Ball Lightning","Scrape"],"picked":"SKIP","floor":8},{"not_picked":["Blizzard","Cold Snap","Rip and Tear"],"picked":"BootSequence","floor":12},{"not_picked":["Gash","Leap","Redo","Turbo"],"picked":"SKIP","floor":12},{"not_picked":["Aggregate","Scrape","Melter"],"picked":"Fusion","floor":14},{"not_picked":["Stack","Recycle","Turbo","Barrage"],"picked":"SKIP","floor":14},{"not_picked":["Buffer","Meteor Strike","Reboot"],"picked":"Electrodynamics","floor":16},{"not_picked":["Beam Cell","Go for the Eyes","Steam"],"picked":"Loop+1","floor":18},{"not_picked":["Steam","Hello World","Beam Cell","Rip and Tear"],"picked":"SKIP","floor":18},{"not_picked":["Steam","Redo","Scrape"],"picked":"White Noise","floor":20},{"not_picked":["Sweeping Beam","Ball Lightning+1","Double Energy","Steam"],"picked":"SKIP","floor":20}],"player_experience":391309,"relics_obtained":[{"floor":0,"key":"DataDisk"},{"floor":0,"key":"Dodecahedron"},{"floor":0,"key":"Prayer Wheel"},{"floor":6,"key":"Question Card"},{"floor":9,"key":"Whetstone"},{"floor":10,"key":"Calipers"}],"event_choices":[{"damage_healed":0,"gold_gain":0,"player_choice":"Got Potions","damage_taken":0,"max_hp_gain":0,"max_hp_loss":0,"event_name":"Lab","floor":2,"gold_loss":0},{"cards_removed":["Strike_B"],"damage_healed":0,"gold_gain":0,"player_choice":"Gave Gold","damage_taken":0,"max_hp_gain":0,"max_hp_loss":0,"event_name":"Beggar","floor":19,"gold_loss":75},{"damage_healed":0,"gold_gain":0,"player_choice":"Opened","damage_taken":0,"relics_obtained":["The Courier"],"max_hp_gain":0,"max_hp_loss":0,"event_name":"The Mausoleum","floor":21,"gold_loss":0,"cards_obtained":["Writhe"]}],"is_beta":true,"boss_relics":[{"not_picked":["Eternal Feather","White Beast Statue"],"picked":"Runic Pyramid"}],"items_purged_floors":[4,22],"is_endless":false,"potions_floor_spawned":[1,8],"killed_by":"Slavers","ascension_level":8}