{"path_per_floor":["M","?","?","M","M","E","M","$","T","M","R","E","M","M","R","B",null,"M","?","$","M","?","E","$","?","T","?","M","M","T","M","R","B",null,"M","?","$","M","?","R","E","$","T","E","?","T","R","M","R","B"],"character_chosen":"IRONCLAD","items_purchased":["Rupture","Rupture","Combust","Rupture","Headbutt+1","Ice Cream","Sword Boomerang+1","Pummel+1"],"gold_per_floor":[114,64,64,79,94,124,139,27,27,42,42,72,117,132,132,232,232,247,247,81,96,96,126,66,66,116,116,131,146,171,186,186,286,286,301,301,18,33,83,83,113,53,53,83,83,83,83,98,98,98],"floor_reached":51,"campfire_rested":0,"playtime":2744,"item_purchase_floors":[8,8,20,20,20,37,37,42],"current_hp_per_floor":[78,77,76,78,80,79,84,83,82,81,80,74,79,83,82,58,84,83,82,81,80,64,51,51,51,51,37,56,72,72,83,82,82,84,83,75,75,86,87,86,95,94,93,97,85,85,85,93,92,80],"items_purged":["Disarm"],"gold":98,"score":860,"play_id":"c98db5ea-913e-484d-bd37-584c6e994818","local_time":"20180612223240","daily_mods":["Shiny","Terminal","Vintage"],"is_prod":false,"is_daily":true,"chose_seed":false,"is_ascension_mode":false,"campfire_upgraded":6,"win_rate":0,"timestamp":1528839160,"campfire_choices":[{"data":"Rupture","floor":11,"key":"SMITH"},{"data":"Feed","floor":15,"key":"SMITH"},{"data":"Offering","floor":32,"key":"SMITH"},{"data":"Secret Technique","floor":40,"key":"SMITH"},{"data":"Offering","floor":47,"key":"SMITH"},{"data":"Limit Break","floor":49,"key":"SMITH"}],"path_taken":["M","?","?","M","M","E","M","?","T","M","R","E","M","M","R","BOSS","M","?","$","M","?","E","$","?","T","?","M","?","?","?","R","BOSS","M","?","$","M","?","R","E","$","T","E","?","?","R","M","R","BOSS"],"build_version":"2018-06-11","seed_source_timestamp":0,"purchased_purges":1,"victory":true,"master_deck":["Double Tap","Demon Form","Bludgeon","Feed+1","Limit Break+1","Barricade","Fiend Fire","Berserk","Impervious","Juggernaut","Brutality","Reaper","Exhume","Offering+1","Immolate","Rupture+1","Rupture","Impervious","Combust","Rupture","Headbutt+1","Ghostly Armor+1","Offering+1","Dramatic Entrance+1","Secret Technique+1","Sword Boomerang+1","Pummel+1","Seeing Red+1","Madness","Madness"],"max_hp_per_floor":[78,77,76,78,80,79,84,83,82,81,80,79,81,83,82,85,84,83,82,81,80,79,78,77,76,75,79,82,81,80,83,82,85,84,83,84,83,86,87,86,95,94,93,97,96,95,94,93,92,91],"special_seed":17694,"relics":["Black Blood","Omamori","The Courier","Unceasing Top","Question Card","Champion Belt","Molten Egg 2","Mercury Hourglass","Paper Frog","Bird Faced Urn","Tiny Chest","Singing Bowl","Shuriken","Black Star","Happy Flower","Blood Vial","Nilry\u0027s Codex","Ornamental Fan","Bottled Flame","Bronze Scales","Kunai","Regal Pillow","Boot","Turnip","Potion Belt","Centennial Puzzle","Ice Cream","Bag of Marbles","Charon\u0027s Ashes","Bag of Preparation","Pen Nib","Du-Vu Doll","Frozen Egg 2","Bottled Lightning","Red Skull","Smiling Mask"],"card_choices":[{"not_picked":["Warcry","Cleave","Iron Wave"],"picked":"Disarm","floor":6},{"not_picked":["Heavy Blade+1","Havoc","Flex"],"picked":"Intimidate","floor":12},{"not_picked":["Fiend Fire+1","Dark Embrace","Demon Form"],"picked":"Impervious","floor":16},{"not_picked":["Immolate+1","Flex","Wild Strike+1"],"picked":"Ghostly Armor+1","floor":23},{"not_picked":["Dark Embrace","Feed+1","Barricade"],"picked":"Offering","floor":33},{"not_picked":["Dark Shackles","Purity","Madness"],"picked":"Dramatic Entrance+1","floor":36},{"not_picked":["Sadistic Nature","Swift Strike+1","Mind Blast+1","Deep Breath"],"picked":"Singing Bowl","floor":36},{"not_picked":["Dark Shackles","Thinking Ahead","Jack Of All Trades"],"picked":"Secret Technique","floor":36},{"not_picked":["Flame Barrier","Evolve+1","Havoc","Anger+1"],"picked":"Singing Bowl","floor":39},{"not_picked":["Wild Strike+1","Clothesline+1","Sword Boomerang+1","Double Tap"],"picked":"Singing Bowl","floor":41},{"not_picked":["Shockwave","Spot Weakness","Rage+1"],"picked":"Seeing Red+1","floor":44}],"player_experience":253018,"potions_floor_usage":[6,23,23,33,41,44,50,50],"damage_taken":[{"damage":0,"enemies":"2 Louse","floor":1,"turns":1},{"damage":4,"enemies":"Small Slimes","floor":4,"turns":2},{"damage":1,"enemies":"Cultist","floor":5,"turns":2},{"damage":7,"enemies":"3 Sentries","floor":6,"turns":2},{"damage":4,"enemies":"Exordium Wildlife","floor":7,"turns":2},{"damage":2,"enemies":"Blue Slaver","floor":10,"turns":2},{"damage":12,"enemies":"Lagavulin","floor":12,"turns":6},{"damage":9,"enemies":"3 Louse","floor":13,"turns":2},{"damage":11,"enemies":"Exordium Thugs","floor":14,"turns":4},{"damage":61,"enemies":"The Guardian","floor":16,"turns":8},{"damage":6,"enemies":"Spheric Guardian","floor":18,"turns":4},{"damage":25,"enemies":"2 Thieves","floor":21,"turns":3},{"damage":52,"enemies":"Book of Stabbing","floor":23,"turns":6},{"damage":13,"enemies":"Centurion and Healer","floor":28,"turns":5},{"damage":4,"enemies":"3 Cultists","floor":29,"turns":2},{"damage":8,"enemies":"Snecko","floor":31,"turns":5},{"damage":34,"enemies":"Champ","floor":33,"turns":11},{"damage":23,"enemies":"3 Darklings","floor":35,"turns":4},{"damage":14,"enemies":"Flame Bruiser 1 Orb","floor":38,"turns":5},{"damage":8,"floor":39,"turns":3},{"damage":4,"enemies":"2 Orb Walkers","floor":41,"turns":2},{"damage":12,"enemies":"Nemesis","floor":44,"turns":1},{"damage":21,"enemies":"Transient","floor":48,"turns":5},{"damage":36,"enemies":"Awakened One","floor":50,"turns":6}],"relics_obtained":[{"floor":1,"key":"Omamori"},{"floor":4,"key":"Unceasing Top"},{"floor":5,"key":"Question Card"},{"floor":6,"key":"Champion Belt"},{"floor":7,"key":"Molten Egg 2"},{"floor":9,"key":"Mercury Hourglass"},{"floor":10,"key":"Paper Frog"},{"floor":12,"key":"Bird Faced Urn"},{"floor":13,"key":"Tiny Chest"},{"floor":14,"key":"Singing Bowl"},{"floor":16,"key":"Shuriken"},{"floor":18,"key":"Happy Flower"},{"floor":21,"key":"Blood Vial"},{"floor":22,"key":"Nilry\u0027s Codex"},{"floor":23,"key":"Ornamental Fan"},{"floor":23,"key":"Bottled Flame"},{"floor":26,"key":"Bronze Scales"},{"floor":28,"key":"Kunai"},{"floor":29,"key":"Regal Pillow"},{"floor":30,"key":"Boot"},{"floor":31,"key":"Turnip"},{"floor":33,"key":"Potion Belt"},{"floor":35,"key":"Centennial Puzzle"},{"floor":38,"key":"Bag of Marbles"},{"floor":39,"key":"Charon\u0027s Ashes"},{"floor":41,"key":"Bag of Preparation"},{"floor":41,"key":"Pen Nib"},{"floor":43,"key":"Du-Vu Doll"},{"floor":44,"key":"Frozen Egg 2"},{"floor":44,"key":"Bottled Lightning"},{"floor":46,"key":"Red Skull"},{"floor":48,"key":"Smiling Mask"}],"event_choices":[{"event_name":"The Cleric","player_choice":"Card Removal","floor":2,"damage_taken":0},{"event_name":"Accursed Blacksmith","player_choice":"Rummage","floor":3,"damage_taken":0},{"event_name":"Ghosts","player_choice":"Ignored","floor":19,"damage_taken":0},{"event_name":"Cursed Tome","player_choice":"Obtained Book","floor":22,"damage_taken":0},{"event_name":"Back to Basics","player_choice":"Elegance","floor":25,"damage_taken":0},{"event_name":"Forgotten Altar","player_choice":"Shed Blood","floor":27,"damage_taken":0},{"event_name":"SensoryStone","player_choice":"Memory 3","floor":36,"damage_taken":0},{"event_name":"Mysterious Sphere","player_choice":"Fight","floor":39,"damage_taken":0},{"event_name":"Winding Halls","player_choice":"Embrace Madness","floor":45,"damage_taken":0}],"boss_relics":[{"not_picked":["Tiny House","Eternal Feather"],"picked":"Black Star"},{"not_picked":["Philosopher\u0027s Stone","Orrery"],"picked":"Black Blood"}],"items_purged_floors":[24],"potions_floor_spawned":[1,12,14,16,21,23,33,35,41],"seed_played":"1328188015315742708","ascension_level":0,"potions_obtained":[{"floor":1,"key":"GamblersBrew"},{"floor":12,"key":"BloodPotion"},{"floor":14,"key":"SpeedPotion"},{"floor":16,"key":"Poison Potion"},{"floor":23,"key":"SteroidPotion"},{"floor":33,"key":"Weak Potion"},{"floor":35,"key":"AttackPotion"},{"floor":41,"key":"Fruit Juice"}],"is_trial":false}