{"gold_per_floor":[112,112,125,145,145,145,164,182,182,182,215,215,226,252,252,349,349,369,369,247,260,86,86,100,100,148,158,158,258,273,41,41,41],"floor_reached":33,"playtime":1226,"items_purged":["Strike_R","Strike_R"],"score":333,"play_id":"5cd896dc-f476-4699-b800-6e06b727a412","local_time":"20190208144807","is_ascension_mode":true,"campfire_choices":[{"data":"Uppercut","floor":6,"key":"SMITH"},{"data":"Armaments","floor":10,"key":"SMITH"},{"data":"Searing Blow","floor":12,"key":"SMITH"},{"data":"Searing Blow+1","floor":15,"key":"SMITH"},{"data":"Searing Blow+2","floor":23,"key":"SMITH"},{"floor":25,"key":"REST"},{"data":"Searing Blow+3","floor":28,"key":"SMITH"},{"data":"Searing Blow+4","floor":32,"key":"SMITH"}],"neow_cost":"PERCENT_DAMAGE","seed_source_timestamp":83785721915285,"circlet_count":0,"master_deck":["Strike_R","Strike_R","Defend_R","Defend_R","Defend_R","Defend_R","Bash","Uppercut+1","Armaments+1","Metallicize","Twin Strike","Searing Blow+5","Shrug It Off","Shrug It Off+1","Metallicize","Flame Barrier","Inflame"],"relics":["Burning Blood","Kunai","Juzu Bracelet","Bottled Lightning","Runic Cube","Strawberry","Oddly Smooth Stone"],"potions_floor_usage":[11,11,16,16,27,33],"damage_taken":[{"damage":0,"enemies":"2 Louse","floor":1,"turns":4},{"damage":6,"enemies":"Cultist","floor":3,"turns":4},{"damage":5,"enemies":"Jaw Worm","floor":4,"turns":4},{"damage":9,"enemies":"Looter","floor":7,"turns":3},{"damage":1,"enemies":"Large Slime","floor":8,"turns":7},{"damage":6,"enemies":"Gremlin Nob","floor":11,"turns":3},{"damage":0,"enemies":"Blue Slaver","floor":13,"turns":4},{"damage":14,"enemies":"Lagavulin","floor":14,"turns":6},{"damage":54,"enemies":"Hexaghost","floor":16,"turns":11},{"damage":34,"enemies":"Spheric Guardian","floor":18,"turns":6},{"damage":15,"enemies":"Shell Parasite","floor":21,"turns":12},{"damage":31,"enemies":"Centurion and Healer","floor":24,"turns":5},{"damage":21,"enemies":"Sentry and Sphere","floor":27,"turns":13},{"damage":8,"enemies":"Snecko","floor":30,"turns":5},{"damage":67,"enemies":"Automaton","floor":33,"turns":8}],"seed_played":"5912599793886249237","potions_obtained":[{"floor":3,"key":"AttackPotion"},{"floor":4,"key":"Regen Potion"},{"floor":7,"key":"PowerPotion"},{"floor":11,"key":"Strength Potion"},{"floor":13,"key":"Weak Potion"},{"floor":24,"key":"Regen Potion"}],"is_trial":false,"path_per_floor":["M","?","M","M","$","R","M","M","T","R","E","R","M","E","R","B",null,"M","?","$","M","$","R","M","R","T","M","R","?","M","$","R","B"],"character_chosen":"IRONCLAD","items_purchased":["Shrug It Off","Metallicize","Oddly Smooth Stone","Inflame"],"campfire_rested":1,"item_purchase_floors":[20,22,31,31],"current_hp_per_floor":[78,78,78,79,79,79,76,81,81,81,81,81,87,79,79,40,96,68,68,68,59,59,59,34,62,69,69,69,69,67,67,67,0],"gold":41,"neow_bonus":"TWENTY_PERCENT_HP_BONUS","is_prod":false,"is_daily":false,"chose_seed":false,"campfire_upgraded":7,"win_rate":0,"timestamp":1549633687,"path_taken":["M","?","?","M","$","R","?","M","T","R","E","R","M","E","R","BOSS","M","?","$","M","$","R","M","R","T","M","R","?","M","?","R","BOSS"],"build_version":"2019-01-23","purchased_purges":2,"victory":false,"max_hp_per_floor":[96,96,96,96,96,96,96,96,96,96,96,96,96,96,96,96,96,96,96,96,96,96,96,96,96,103,103,103,103,103,103,103,103],"card_choices":[{"not_picked":["Perfected Strike","Sentinel"],"picked":"Uppercut","floor":1},{"not_picked":["Rage","Cleave"],"picked":"Armaments","floor":3},{"not_picked":["Bloodletting","True Grit","Rage"],"picked":"SKIP","floor":4},{"not_picked":["Seeing Red","Twin Strike"],"picked":"Metallicize","floor":7},{"not_picked":["Sword Boomerang","Cleave"],"picked":"Twin Strike","floor":8},{"not_picked":["Twin Strike","Headbutt"],"picked":"Searing Blow","floor":11},{"not_picked":["Clothesline","Perfected Strike","Blood for Blood"],"picked":"SKIP","floor":13},{"not_picked":["Bludgeon","Perfected Strike","Power Through"],"picked":"SKIP","floor":14},{"not_picked":["Anger","Pommel Strike","Body Slam"],"picked":"SKIP","floor":18},{"not_picked":["Cleave+1","Power Through"],"picked":"Shrug It Off+1","floor":21},{"not_picked":["Sword Boomerang","Second Wind"],"picked":"Flame Barrier","floor":24},{"not_picked":["Sword Boomerang+1","Body Slam","Anger"],"picked":"SKIP","floor":27},{"not_picked":["Clothesline","Reaper","Thunderclap"],"picked":"SKIP","floor":30}],"player_experience":250569,"relics_obtained":[{"floor":9,"key":"Kunai"},{"floor":11,"key":"Juzu Bracelet"},{"floor":14,"key":"Bottled Lightning"},{"floor":26,"key":"Strawberry"}],"event_choices":[{"damage_healed":0,"gold_gain":0,"player_choice":"Bought 0 Potions","damage_taken":0,"max_hp_gain":0,"max_hp_loss":0,"event_name":"The Woman in Blue","floor":2,"gold_loss":0},{"cards_removed":["Strike_R"],"damage_healed":0,"gold_gain":0,"player_choice":"Purged","damage_taken":0,"max_hp_gain":0,"max_hp_loss":0,"event_name":"Purifier","floor":19,"gold_loss":0},{"damage_healed":0,"gold_gain":100,"player_choice":"Pray","damage_taken":0,"max_hp_gain":0,"max_hp_loss":0,"event_name":"Golden Shrine","floor":29,"gold_loss":0}],"is_beta":false,"boss_relics":[{"not_picked":["Lizard Tail","Mark of Pain"],"picked":"Runic Cube"}],"items_purged_floors":[20,22],"is_endless":false,"potions_floor_spawned":[3,4,7,11,13,14,24],"killed_by":"Automaton","ascension_level":4}