{"gold_per_floor":[111,12,61,61,11,42,42,73,100,112,122,151,151,165,165,265,265,278,139,139,239,239,239,253,253,276,302,577,331,347,47,47,144,144,163,78,78,78,94,94,120,120,144,144,162,18,28,28,28,28],"floor_reached":51,"playtime":2548,"items_purged":["Strike_R","Defend_R","Defend_R","Regret","Writhe","Strike_R","Defend_R"],"score":1198,"play_id":"56b0662c-cb77-4282-b918-1ac1f1ca52ff","local_time":"20190124230532","is_ascension_mode":true,"campfire_choices":[{"data":"Entrench","floor":7,"key":"SMITH"},{"data":"Bash","floor":13,"key":"SMITH"},{"data":"Rage","floor":15,"key":"SMITH"},{"data":"Discovery","floor":23,"key":"SMITH"},{"data":"Feel No Pain","floor":25,"key":"SMITH"},{"data":"True Grit","floor":32,"key":"SMITH"},{"data":"Fire Breathing","floor":40,"key":"SMITH"},{"data":"Exhume","floor":42,"key":"SMITH"},{"data":"Rage","floor":49,"key":"SMITH"}],"neow_cost":"NONE","seed_source_timestamp":1232386836999716,"circlet_count":0,"master_deck":["AscendersBane","Strike_R","Strike_R","Defend_R","Bash+1","Infernal Blade","Shrug It Off","Entrench+1","Carnage","Evolve","Rage+1","Impervious","Battle Trance","Discovery+1","Feel No Pain+1","Clumsy","Exhume+1","Rage+1","Discovery+1","True Grit+1","Intimidate","Fire Breathing+1","Clumsy","Discovery+1","Flash of Steel","Pummel"],"relics":["Burning Blood","NeowsBlessing","Smiling Mask","Magic Flower","PreservedInsect","Happy Flower","Bag of Marbles","Paper Frog","Cursed Key","Bird Faced Urn","Gremlin Horn","Question Card","Potion Belt","Kunai","ClockworkSouvenir","DollysMirror","Sozu","Boot","Centennial Puzzle"],"potions_floor_usage":[14,18,21,21,27,33],"damage_taken":[{"damage":0,"enemies":"Cultist","floor":1,"turns":1},{"damage":0,"enemies":"3 Sentries","floor":6,"turns":2},{"damage":0,"enemies":"Gremlin Nob","floor":8,"turns":1},{"damage":1,"enemies":"2 Louse","floor":10,"turns":2},{"damage":0,"enemies":"Jaw Worm","floor":11,"turns":1},{"damage":30,"enemies":"3 Sentries","floor":12,"turns":8},{"damage":8,"enemies":"Lots of Slimes","floor":14,"turns":4},{"damage":19,"enemies":"Slime Boss","floor":16,"turns":12},{"damage":7,"enemies":"2 Thieves","floor":18,"turns":5},{"damage":20,"enemies":"Colosseum Slavers","floor":21,"turns":6},{"damage":14,"enemies":"Colosseum Nobs","floor":21,"turns":4},{"damage":4,"enemies":"Chosen","floor":24,"turns":4},{"damage":0,"enemies":"Gremlin Leader","floor":27,"turns":5},{"damage":24,"enemies":"Shelled Parasite and Fungi","floor":30,"turns":4},{"damage":28,"enemies":"Automaton","floor":33,"turns":14},{"damage":3,"enemies":"3 Shapes","floor":35,"turns":5},{"damage":0,"enemies":"Orb Walker","floor":39,"turns":4},{"damage":21,"enemies":"Nemesis","floor":41,"turns":9},{"damage":9,"enemies":"Maw","floor":45,"turns":6},{"damage":9,"enemies":"Spire Growth","floor":47,"turns":4},{"damage":64,"enemies":"Donu and Deca","floor":50,"turns":12}],"seed_played":"5840558620489162150","potions_obtained":[{"floor":6,"key":"Swift Potion"},{"floor":8,"key":"LiquidBronze"},{"floor":12,"key":"EssenceOfSteel"},{"floor":16,"key":"Explosive Potion"},{"floor":21,"key":"SkillPotion"},{"floor":30,"key":"LiquidBronze"},{"floor":33,"key":"EssenceOfSteel"}],"is_trial":false,"path_per_floor":["M","$","T","?","$","E","R","E","T","M","M","E","R","M","R","B",null,"M","$","?","?","T","R","M","R","T","E","?","$","M","$","R","B",null,"M","$","?","?","M","R","E","R","T","?","M","$","M","?","R","B",null],"character_chosen":"IRONCLAD","items_purchased":["Shrug It Off","Discovery","ClockworkSouvenir","DollysMirror","True Grit","Intimidate","Flash of Steel"],"campfire_rested":0,"item_purchase_floors":[2,19,29,31,31,36,46],"current_hp_per_floor":[78,78,78,75,75,80,80,80,80,80,80,59,59,60,60,50,73,75,75,60,44,44,44,55,55,55,70,70,70,61,61,61,57,78,85,85,85,85,85,85,75,75,75,75,85,85,85,85,85,48],"gold":28,"neow_bonus":"THREE_ENEMY_KILL","is_prod":false,"is_daily":false,"chose_seed":false,"campfire_upgraded":9,"win_rate":0,"timestamp":1548371132,"path_taken":["M","?","?","?","?","E","R","E","T","?","M","E","R","M","R","BOSS","M","$","?","?","?","R","M","R","T","E","?","$","?","$","R","BOSS","M","$","?","?","?","R","E","R","T","?","M","?","M","?","R","BOSS"],"build_version":"2019-01-23","purchased_purges":7,"victory":true,"max_hp_per_floor":[80,80,80,80,80,80,80,80,80,80,80,80,80,80,80,80,80,80,80,85,85,85,85,85,85,85,85,85,85,85,85,85,85,85,85,85,85,85,85,85,85,85,85,85,85,85,85,85,85,85],"card_choices":[{"not_picked":["Clash","Whirlwind"],"picked":"Infernal Blade","floor":1},{"not_picked":["Armaments","Bloodletting"],"picked":"Entrench","floor":6},{"not_picked":["Combust","Spot Weakness"],"picked":"Carnage","floor":8},{"not_picked":["Blood for Blood","Armaments"],"picked":"Evolve","floor":10},{"not_picked":["Combust","Thunderclap","Shockwave"],"picked":"SKIP","floor":11},{"not_picked":["Anger","Shockwave","Warcry"],"picked":"SKIP","floor":12},{"not_picked":["Fiend Fire","Sword Boomerang"],"picked":"Rage","floor":14},{"not_picked":["Bludgeon","Brutality"],"picked":"Impervious","floor":16},{"not_picked":["Blood for Blood+1","Perfected Strike"],"picked":"Battle Trance","floor":18},{"not_picked":["Anger+1","Heavy Blade+1"],"picked":"Feel No Pain","floor":21},{"not_picked":["Flex","Brutality","Perfected Strike","Pommel Strike"],"picked":"SKIP","floor":24},{"not_picked":["Heavy Blade","Armaments","Flex"],"picked":"Exhume","floor":27},{"not_picked":["Flex","Armaments+1","Warcry"],"picked":"Rage","floor":30},{"not_picked":["Iron Wave+1","Thunderclap","Cleave+1"],"picked":"Wild Strike+1","floor":35},{"not_picked":["Cleave","Flex","Dropkick"],"picked":"Fire Breathing","floor":39},{"not_picked":["Uppercut+1","Armaments+1","Evolve","Spot Weakness"],"picked":"SKIP","floor":41},{"not_picked":["Hemokinesis+1","Thunderclap+1","Burning Pact+1","Clothesline+1"],"picked":"SKIP","floor":45},{"not_picked":["Anger+1","Warcry","Twin Strike"],"picked":"Pummel","floor":47}],"player_experience":474584,"relics_obtained":[{"floor":3,"key":"Smiling Mask"},{"floor":6,"key":"PreservedInsect"},{"floor":8,"key":"Happy Flower"},{"floor":9,"key":"Bag of Marbles"},{"floor":12,"key":"Paper Frog"},{"floor":21,"key":"Bird Faced Urn"},{"floor":21,"key":"Gremlin Horn"},{"floor":22,"key":"Question Card"},{"floor":26,"key":"Potion Belt"},{"floor":27,"key":"Kunai"},{"floor":41,"key":"Boot"},{"floor":43,"key":"Centennial Puzzle"}],"event_choices":[{"damage_healed":0,"gold_gain":0,"player_choice":"Success","damage_taken":3,"relics_obtained":["Magic Flower"],"max_hp_gain":0,"max_hp_loss":0,"event_name":"Scrap Ooze","floor":4,"gold_loss":0},{"damage_healed":0,"gold_gain":0,"player_choice":"Shed Blood","damage_taken":20,"max_hp_gain":5,"max_hp_loss":0,"event_name":"Forgotten Altar","floor":20,"gold_loss":0},{"damage_healed":0,"gold_gain":0,"player_choice":"Fight","damage_taken":0,"max_hp_gain":0,"max_hp_loss":0,"event_name":"Colosseum","floor":21,"gold_loss":0},{"damage_healed":0,"gold_gain":0,"player_choice":"Fought Nobs","damage_taken":0,"max_hp_gain":0,"max_hp_loss":0,"event_name":"Colosseum","floor":21,"gold_loss":0},{"damage_healed":0,"gold_gain":275,"player_choice":"Desecrate","damage_taken":0,"max_hp_gain":0,"max_hp_loss":0,"event_name":"Golden Shrine","floor":28,"gold_loss":0,"cards_obtained":["Regret"]},{"cards_removed":["Wild Strike"],"damage_healed":0,"gold_gain":0,"player_choice":"Removed Attack","damage_taken":0,"max_hp_gain":0,"max_hp_loss":0,"event_name":"Falling","floor":37,"gold_loss":0},{"cards_removed":["Strike_R"],"damage_healed":0,"gold_gain":0,"player_choice":"Offered Basic","damage_taken":0,"max_hp_gain":0,"max_hp_loss":0,"event_name":"Bonfire Elementals","floor":38,"gold_loss":0},{"damage_healed":0,"gold_gain":0,"player_choice":"Copied","damage_taken":0,"max_hp_gain":0,"max_hp_loss":0,"event_name":"Duplicator","floor":44,"gold_loss":0,"cards_obtained":["Discovery"]},{"damage_healed":0,"gold_gain":0,"player_choice":"Ignored","damage_taken":0,"max_hp_gain":0,"max_hp_loss":0,"event_name":"Mysterious Sphere","floor":48,"gold_loss":0}],"is_beta":true,"boss_relics":[{"not_picked":["Velvet Choker","Tiny House"],"picked":"Cursed Key"},{"not_picked":["Snecko Eye","Philosopher\u0027s Stone"],"picked":"Sozu"}],"items_purged_floors":[2,5,19,29,31,36,46],"is_endless":false,"potions_floor_spawned":[6,8,12,16,21,21,30,33,39,45],"ascension_level":10}