{"path_per_floor":["M","?","M","M","M","E","R","M","T","M","$","?","R","?","R","B",null,"M","?","?","M","$","R","M","R","T","R","M","?","R","E","R","B",null,"M","$","M","?","M","R","?","M","T","M","R","E","R","M","R"],"character_chosen":"DEFECT","items_purchased":["Pantograph","Lantern"],"gold_per_floor":[117,117,136,153,172,203,203,221,221,239,164,164,164,164,164,259,259,269,269,269,286,45,45,59,59,59,59,73,73,73,104,104,207,207,226,77,90,90,102,102,0,10,61,74,74,100,100,111,111,111],"floor_reached":50,"campfire_rested":6,"playtime":1514,"current_hp_per_floor":[75,75,75,75,64,46,46,46,46,39,39,39,61,61,61,38,66,66,52,52,52,52,52,43,43,43,43,43,43,67,33,57,10,63,63,63,42,42,20,44,44,44,44,44,44,17,41,30,54,0],"items_purged":["Defend_B"],"gold":111,"score":640,"play_id":"30a5c84b-5101-417a-9c0c-57afb48d734d","local_time":"20180511234807","is_prod":false,"is_daily":false,"chose_seed":false,"is_ascension_mode":true,"campfire_upgraded":6,"timestamp":1526107687,"path_taken":["M","?","M","?","?","E","R","M","T","M","$","?","R","?","R","BOSS","M","?","?","M","$","R","M","R","T","R","?","?","R","E","R","BOSS","M","$","?","?","?","R","?","M","T","M","R","E","R","M","R","BOSS"],"build_version":"2018-05-10","seed_source_timestamp":173690719725800,"purchased_purges":1,"victory":false,"master_deck":["Defend_B","Defend_B","Defend_B","Zap+1","Leap","Sweeping Beam+1","Sweeping Beam+1","FTL","Sweeping Beam+1","Sweeping Beam+1","Axe Kick+1","Melter+1","Reprogram+1","Redo+1","Sweeping Beam+1","Turbo+1","Reboot","Steam Power+1"],"max_hp_per_floor":[75,75,75,75,75,75,75,75,75,75,75,75,75,75,75,75,75,75,80,80,80,80,80,80,80,80,80,80,80,80,80,80,80,80,80,80,80,80,80,80,80,80,80,80,80,80,80,80,80,80],"relics":["Cracked Core","NeowsBlessing","Torii","Ornamental Fan","Astrolabe","Pantograph","Matryoshka","DataDisk","Nuclear Battery","Lantern","Red Mask","Art of War","Juzu Bracelet","Blood Vial"],"card_choices":[{"not_picked":["Go for the Eyes","Double Energy"],"picked":"Leap","floor":1},{"not_picked":["Barrage","Streamline"],"picked":"Sweeping Beam","floor":3},{"not_picked":["Hologram","Turbo"],"picked":"Sweeping Beam","floor":4},{"not_picked":["Reprogram","Reinforced Body"],"picked":"FTL","floor":5},{"not_picked":["Coolheaded","All For One"],"picked":"Sweeping Beam","floor":6},{"not_picked":["Coolheaded","Stack"],"picked":"Sweeping Beam","floor":8},{"not_picked":["Turbo","Streamline"],"picked":"Axe Kick","floor":10},{"not_picked":["Rip and Tear","Loop"],"picked":"Sweeping Beam","floor":21},{"not_picked":["Cold Snap","Sweeping Beam"],"picked":"Turbo","floor":24},{"not_picked":["Echo Form","All For One"],"picked":"Reboot","floor":33},{"not_picked":["Conserve Battery","Consume"],"picked":"Steam Power","floor":46}],"player_experience":223030,"potions_floor_usage":[5,16,18,31,31,33,37,46,50,50],"damage_taken":[{"damage":0,"enemies":"Jaw Worm","floor":1,"turns":1},{"damage":0,"enemies":"Cultist","floor":3,"turns":1},{"damage":0,"enemies":"Small Slimes","floor":4,"turns":1},{"damage":11,"enemies":"Exordium Thugs","floor":5,"turns":2},{"damage":18,"enemies":"3 Sentries","floor":6,"turns":5},{"damage":0,"enemies":"Large Slime","floor":8,"turns":3},{"damage":7,"enemies":"Looter","floor":10,"turns":3},{"damage":23,"enemies":"Hexaghost","floor":16,"turns":9},{"damage":0,"enemies":"Chosen","floor":18,"turns":3},{"damage":0,"enemies":"3 Byrds","floor":21,"turns":3},{"damage":9,"enemies":"Snake Plant","floor":24,"turns":3},{"damage":0,"enemies":"Sentry and Sphere","floor":28,"turns":2},{"damage":34,"enemies":"Book of Stabbing","floor":31,"turns":4},{"damage":70,"enemies":"Automaton","floor":33,"turns":8},{"damage":0,"enemies":"Orb Walker","floor":35,"turns":2},{"damage":21,"enemies":"3 Darklings","floor":37,"turns":3},{"damage":22,"enemies":"Flame Bruiser 2 Orb","floor":39,"turns":3},{"damage":0,"enemies":"Sphere and 2 Shapes","floor":42,"turns":1},{"damage":0,"enemies":"3 Darklings","floor":44,"turns":1},{"damage":27,"enemies":"2 Orb Walkers","floor":46,"turns":4},{"damage":13,"enemies":"Spire Growth","floor":48,"turns":3},{"damage":89,"enemies":"Donu and Deca","floor":50,"turns":4}],"event_choices":[{"event_name":"The Woman in Blue","player_choice":"Bought 0 Potions","floor":2,"damage_taken":0},{"event_name":"Bonfire Elementals","player_choice":"BASIC","floor":12,"damage_taken":0},{"event_name":"Living Wall","player_choice":"Grow","floor":14,"damage_taken":0},{"event_name":"Forgotten Altar","player_choice":"Shed Blood","floor":19,"damage_taken":0},{"event_name":"Ghosts","player_choice":"Ignored","floor":20,"damage_taken":0},{"event_name":"Cursed Tome","player_choice":"Ignored","floor":29,"damage_taken":0},{"event_name":"Purifier","player_choice":"One Purge","floor":38,"damage_taken":0},{"event_name":"Tomb of Lord Red Mask","player_choice":"Paid","floor":41,"damage_taken":0}],"boss_relics":[{"not_picked":["Calling Bell","Inserter"],"picked":"Astrolabe"},{"not_picked":["Velvet Choker","Tiny House"],"picked":"Nuclear Battery"}],"potions_floor_spawned":[4,6,10,18,21,28,35,42,46,48],"seed_played":"9065908117577327923","killed_by":"Donu and Deca","ascension_level":5,"is_trial":false}