{"gold_per_floor":[109,125,85,98,111,111,167,92,119,129,159,159,193,210,210,311,311,323,231,242,7,7,7,36,36,36,36,47,47,77,90,90,90],"floor_reached":33,"playtime":1657,"items_purged":["Strike_R"],"score":384,"play_id":"e9e7be5d-27e9-49ac-9c6c-17e104e9fa99","local_time":"20181115195503","is_ascension_mode":true,"campfire_choices":[{"data":"Uppercut","floor":6.0,"key":"SMITH"},{"data":"Whirlwind","floor":15.0,"key":"SMITH"},{"floor":23.0,"key":"REST"},{"data":"Warcry","floor":29.0,"key":"SMITH"},{"data":"Flame Barrier","floor":32.0,"key":"SMITH"}],"neow_cost":"PERCENT_DAMAGE","seed_source_timestamp":0,"circlet_count":0,"master_deck":["Strike_R","Strike_R","Strike_R","Strike_R","Defend_R","Defend_R","Defend_R","Defend_R","Bash","Reaper","Warcry+1","Whirlwind+1","Uppercut+1","Cleave","Flame Barrier+1","Armaments+1","Shockwave+1","Reaper","Jack Of All Trades+1","Seeing Red+1","Rage+1","Writhe","Intimidate+1","Decay"],"special_seed":0,"relics":["Burning Blood","Potion Belt","Blood Vial","Charon\u0027s Ashes","Toxic Egg 2","Black Star","Toy Ornithopter","Turnip","Gambling Chip","Du-Vu Doll","Enchiridion","Orichalcum","Dodecahedron","Self Forming Clay"],"potions_floor_usage":[33],"damage_taken":[{"damage":7.0,"enemies":"Small Slimes","floor":1.0,"turns":4.0},{"damage":6.0,"enemies":"Cultist","floor":2.0,"turns":4.0},{"damage":13.0,"enemies":"Jaw Worm","floor":4.0,"turns":5.0},{"damage":7.0,"enemies":"Looter","floor":5.0,"turns":4.0},{"damage":20.0,"enemies":"3 Sentries","floor":7.0,"turns":3.0},{"damage":15.0,"enemies":"Red Slaver","floor":10.0,"turns":4.0},{"damage":23.0,"enemies":"3 Sentries","floor":11.0,"turns":5.0},{"damage":6.0,"enemies":"Gremlin Nob","floor":13.0,"turns":3.0},{"damage":5.0,"enemies":"2 Fungi Beasts","floor":14.0,"turns":3.0},{"damage":35.0,"enemies":"The Guardian","floor":16.0,"turns":12.0},{"damage":62.0,"enemies":"Shell Parasite","floor":18.0,"turns":10.0},{"damage":17.0,"enemies":"Chosen","floor":20.0,"turns":5.0},{"damage":0.0,"enemies":"Gremlin Leader","floor":24.0,"turns":4.0},{"damage":23.0,"enemies":"Centurion and Healer","floor":28.0,"turns":7.0},{"damage":17.0,"enemies":"Book of Stabbing","floor":30.0,"turns":6.0},{"damage":3.0,"enemies":"Cultist and Chosen","floor":31.0,"turns":4.0},{"damage":121,"enemies":"Champ","floor":33,"turns":14}],"seed_played":"-5160934328587092807","potions_obtained":[{"floor":3.0,"key":"Block Potion"},{"floor":3.0,"key":"Strength Potion"},{"floor":3.0,"key":"SmokeBomb"},{"floor":4.0,"key":"FairyPotion"},{"floor":5.0,"key":"Fire Potion"},{"floor":12.0,"key":"Fruit Juice"},{"floor":12.0,"key":"Ancient Potion"},{"floor":12.0,"key":"PowerPotion"},{"floor":13.0,"key":"SteroidPotion"},{"floor":14.0,"key":"Energy Potion"},{"floor":16.0,"key":"Swift Potion"},{"floor":20.0,"key":"Block Potion"},{"floor":28.0,"key":"Dexterity Potion"}],"is_trial":false,"path_per_floor":["M","M","?","M","M","R","?","$","T","M","E","?","E","M","R","B",null,"M","$","M","$","?","R","E","?","T","?","M","R","E","M","R","B"],"character_chosen":"IRONCLAD","items_purchased":["Jack Of All Trades+1","Toy Ornithopter","Rage+1"],"campfire_rested":1,"item_purchase_floors":[19,21,21],"current_hp_per_floor":[62,66,66,65,64,64,68,68,68,67,64,64,71,78,78,56,85,36,36,33,33,33,58,85,69,69,69,77,77,85,85,85,0],"gold":90,"neow_bonus":"THREE_RARE_CARDS","is_prod":false,"is_daily":false,"chose_seed":false,"campfire_upgraded":4,"win_rate":0,"timestamp":1542311703,"path_taken":["M","M","?","M","?","R","?","$","T","M","E","?","E","M","R","BOSS","M","$","M","$","?","R","E","?","T","?","M","R","E","M","R","BOSS"],"build_version":"2018-11-14","purchased_purges":1,"victory":false,"max_hp_per_floor":[80,80,80,80,80,80,80,80,80,80,80,80,85,85,85,85,85,85,85,85,85,85,85,85,85,85,85,85,85,85,85,85,85],"card_choices":[{"not_picked":["Offering","Double Tap"],"picked":"Reaper","floor":0.0},{"not_picked":["Rupture","Burning Pact"],"picked":"Warcry","floor":1.0},{"not_picked":["Heavy Blade","Twin Strike","Body Slam"],"picked":"SKIP","floor":2.0},{"not_picked":["Thunderclap","Carnage"],"picked":"Whirlwind","floor":4.0},{"not_picked":["Shrug It Off","Cleave"],"picked":"Uppercut","floor":5.0},{"not_picked":["Burning Pact","Anger"],"picked":"Cleave","floor":7.0},{"not_picked":["Anger","Intimidate"],"picked":"Flame Barrier","floor":10.0},{"not_picked":["Sentinel","Body Slam","Dark Embrace"],"picked":"SKIP","floor":11.0},{"not_picked":["Infernal Blade","Clothesline"],"picked":"Armaments","floor":13.0},{"not_picked":["Power Through+1","Clothesline"],"picked":"Shockwave+1","floor":14.0},{"not_picked":["Immolate","Juggernaut"],"picked":"Reaper","floor":16.0},{"not_picked":["Carnage","Havoc+1","Bloodletting+1"],"picked":"SKIP","floor":18.0},{"not_picked":["Cleave+1","Clash"],"picked":"Seeing Red+1","floor":20.0},{"not_picked":["Burning Pact+1","Body Slam+1"],"picked":"Intimidate+1","floor":24.0},{"not_picked":["Rampage","Hemokinesis+1","Uppercut"],"picked":"SKIP","floor":28.0},{"not_picked":["Headbutt","Fiend Fire","Pommel Strike+1"],"picked":"SKIP","floor":30.0},{"not_picked":["Clothesline","Rupture","Sever Soul"],"picked":"SKIP","floor":31.0}],"player_experience":304319,"relics_obtained":[{"floor":9.0,"key":"Blood Vial"},{"floor":11.0,"key":"Charon\u0027s Ashes"},{"floor":13.0,"key":"Toxic Egg 2"},{"floor":24.0,"key":"Gambling Chip"},{"floor":24.0,"key":"Du-Vu Doll"},{"floor":25.0,"key":"Enchiridion"},{"floor":26.0,"key":"Orichalcum"},{"floor":30.0,"key":"Dodecahedron"},{"floor":30.0,"key":"Self Forming Clay"}],"event_choices":[{"damage_healed":0.0,"max_hp_gain":0.0,"max_hp_loss":0.0,"gold_gain":0.0,"event_name":"The Woman in Blue","player_choice":"Bought 3 Potions","floor":3.0,"gold_loss":0.0,"damage_taken":0.0},{"damage_healed":0.0,"max_hp_gain":0.0,"max_hp_loss":0.0,"gold_gain":30.0,"event_name":"Dead Adventurer","player_choice":"Searched \u00273\u0027 times","floor":7.0,"gold_loss":0.0,"damage_taken":0.0,"relics_obtained":["Potion Belt"]},{"damage_healed":0.0,"max_hp_gain":0.0,"max_hp_loss":0.0,"gold_gain":0.0,"event_name":"Lab","player_choice":"Got Potions","floor":12.0,"gold_loss":0.0,"damage_taken":0.0},{"damage_healed":0.0,"max_hp_gain":0.0,"max_hp_loss":0.0,"gold_gain":0.0,"event_name":"The Mausoleum","player_choice":"Opened","floor":22.0,"gold_loss":0.0,"damage_taken":0.0,"relics_obtained":["Turnip"],"cards_obtained":["Writhe"]},{"damage_healed":0.0,"max_hp_gain":0.0,"max_hp_loss":0.0,"gold_gain":0.0,"event_name":"Cursed Tome","player_choice":"Obtained Book","floor":25.0,"gold_loss":0.0,"damage_taken":16.0},{"damage_healed":0.0,"max_hp_gain":0.0,"max_hp_loss":0.0,"gold_gain":0.0,"event_name":"Forgotten Altar","player_choice":"Smashed Altar","floor":27.0,"gold_loss":0.0,"damage_taken":0.0,"cards_obtained":["Decay"]}],"is_beta":true,"boss_relics":[{"not_picked":["Astrolabe","Empty Cage"],"picked":"Black Star"}],"items_purged_floors":[8],"is_endless":false,"potions_floor_spawned":[4,5,13,14,16,20,28],"killed_by":"Champ","ascension_level":4}