{"path_per_floor":["M","$","M","?","M","R","?","M","T","M","E","M","R","M","R","B",null,"M","M","?","$","?","R","?","R","T","$","M","M","E","M","R","B",null,"M","M","M","?","$","R","?","R","T","M","E","$","M","M","R","B"],"character_chosen":"DEFECT","items_purchased":["Skim","Dark Shackles","Bottled Flame","Finesse"],"gold_per_floor":[112,11,28,28,43,43,43,58,58,70,96,111,111,128,128,229,229,242,253,253,62,62,62,62,62,62,62,74,88,122,133,133,236,236,250,266,285,285,42,42,42,42,67,83,111,21,33,45,45,45],"floor_reached":51,"campfire_rested":4,"playtime":1910,"current_hp_per_floor":[74,74,73,73,73,73,73,36,36,30,21,15,40,38,63,19,85,80,65,65,65,49,49,49,49,49,49,49,49,45,34,61,70,90,90,90,90,79,79,79,79,90,90,90,90,90,90,90,90,64],"items_purged":["Strike_B","Zap"],"gold":45,"score":826,"play_id":"fe4d521f-33f1-41dc-ae14-74f973fb1c3f","local_time":"20180503202518","is_prod":false,"is_daily":false,"chose_seed":false,"is_ascension_mode":false,"campfire_upgraded":5,"timestamp":1525404318,"path_taken":["M","?","M","?","M","R","?","?","T","M","E","M","R","M","R","BOSS","M","M","?","$","?","R","?","R","T","?","?","?","E","M","R","BOSS","M","M","?","?","$","R","?","R","T","?","E","$","M","M","R","BOSS"],"build_version":"2018-05-02","seed_source_timestamp":1388094309632553,"purchased_purges":2,"victory":true,"master_deck":["Strike_B+1","Strike_B","Strike_B","Defend_B","Defend_B","Defend_B","Defend_B","Recycle+1","Skim+1","Skim+1","Hyperbeam+1","Seek+1","BootSequence+1","Dark Shackles+1","Hyperbeam+1","Double Energy+1","Reboot+1","Skim+1","Madness+1","Madness+1","Finesse+1"],"max_hp_per_floor":[75,75,75,75,75,75,75,75,75,75,85,85,85,85,85,85,85,85,85,85,85,90,90,90,90,90,90,90,90,90,90,90,90,90,90,90,90,90,90,90,90,90,90,90,90,90,90,90,90,90],"relics":["Cracked Core","Toxic Egg 2","Gremlin Horn","Pear","Runic Dome","Prayer Wheel","Bottled Lightning","Orrery","Bottled Flame","Oddly Smooth Stone","Smiling Mask"],"card_choices":[{"not_picked":["Sweeping Beam","Cold Snap"],"picked":"Recycle","floor":0},{"not_picked":["Stack","Rebound"],"picked":"Skim","floor":5},{"not_picked":["Coolheaded","Rebound"],"picked":"Hyperbeam","floor":8},{"not_picked":["Echo Form","Meteor Strike"],"picked":"Seek","floor":16},{"not_picked":["Barrage","Rebound"],"picked":"BootSequence","floor":18},{"not_picked":["Cold Snap","Sweeping Beam"],"picked":"Double Energy","floor":29},{"not_picked":["Redo","Rainbow"],"picked":"Reboot","floor":33},{"not_picked":["Leap","Axe Kick"],"picked":"Skim","floor":34}],"player_experience":147821,"potions_floor_usage":[11,16,33,33,36,47,50,50],"damage_taken":[{"damage":1,"enemies":"Cultist","floor":1,"turns":4},{"damage":1,"enemies":"Jaw Worm","floor":3,"turns":3},{"damage":0,"enemies":"2 Louse","floor":5,"turns":2},{"damage":37,"enemies":"Exordium Wildlife","floor":8,"turns":7},{"damage":6,"enemies":"3 Louse","floor":10,"turns":2},{"damage":19,"enemies":"Lagavulin","floor":11,"turns":5},{"damage":6,"enemies":"Red Slaver","floor":12,"turns":4},{"damage":2,"enemies":"Looter","floor":14,"turns":4},{"damage":44,"enemies":"Slime Boss","floor":16,"turns":10},{"damage":5,"enemies":"Spheric Guardian","floor":18,"turns":3},{"damage":15,"enemies":"2 Thieves","floor":19,"turns":3},{"damage":0,"enemies":"Chosen and Byrds","floor":28,"turns":3},{"damage":0,"enemies":"Centurion and Healer","floor":29,"turns":2},{"damage":4,"enemies":"Slavers","floor":30,"turns":2},{"damage":11,"enemies":"Slaver and Parasite","floor":31,"turns":2},{"damage":0,"enemies":"Collector","floor":33,"turns":4},{"damage":0,"enemies":"3 Shapes","floor":35,"turns":1},{"damage":0,"enemies":"Flame Bruiser 1 Orb","floor":36,"turns":2},{"damage":0,"enemies":"3 Darklings","floor":37,"turns":1},{"damage":0,"enemies":"Spire Growth","floor":44,"turns":3},{"damage":0,"enemies":"2 Orb Walkers","floor":45,"turns":2},{"damage":0,"enemies":"Maw","floor":47,"turns":2},{"damage":0,"enemies":"Flame Bruiser 2 Orb","floor":48,"turns":1},{"damage":26,"enemies":"Awakened One","floor":50,"turns":3}],"event_choices":[{"event_name":"The Cleric","player_choice":"Leave","floor":4,"damage_taken":0},{"event_name":"Wheel of Change","player_choice":"Relic","floor":7,"damage_taken":0},{"event_name":"Back to Basics","player_choice":"Elegance","floor":20,"damage_taken":0},{"event_name":"Forgotten Altar","player_choice":"Shed Blood","floor":22,"damage_taken":0},{"event_name":"Duplicator","player_choice":"One dupe","floor":24,"damage_taken":0},{"event_name":"Winding Halls","player_choice":"Embrace Madness","floor":38,"damage_taken":0},{"event_name":"Mysterious Sphere","player_choice":"Ignore","floor":41,"damage_taken":0}],"boss_relics":[{"not_picked":["Cursed Key","Eternal Feather"],"picked":"Runic Dome"},{"not_picked":["Inserter","Velvet Choker"],"picked":"Orrery"}],"potions_floor_spawned":[8,14,16,28,31,33,36,47],"seed_played":"13221763973925837","ascension_level":0,"is_trial":false}