{"gold_per_floor":[111,125,145,145,159,159,178,178,178,212,212,212,212,48,48,124,124,137,137,157,107,117,117,127,152,152,171,171,171],"floor_reached":29,"playtime":1172,"items_purged":[],"score":569,"play_id":"02d2d389-74d0-4718-8fb4-df593607b71d","local_time":"20190210130722","is_ascension_mode":true,"campfire_choices":[{"floor":6.0,"key":"REST"},{"data":"Defragment","floor":15.0,"key":"SMITH"},{"floor":23.0,"key":"REST"}],"neow_cost":"NONE","seed_source_timestamp":1356959382595,"circlet_count":0,"master_deck":["AscendersBane","Zap","Dualcast","Creative AI","Defragment+1","Creative AI","Defragment","Storm","Echo Form","Tempest","Chaos","Cold Snap","Auto Shields","Cold Snap","Static Discharge","Conserve Battery","Self Repair","Fission+1","Leap","Echo Form","Leap+1","Defragment+1","Electrodynamics","Writhe","Conserve Battery","Bite+1","Bite+1","Bite+1","Bite+1","Bite+1"],"special_seed":0,"relics":["Pandora\u0027s Box","Shuriken","Ornamental Fan","Happy Flower","Cursed Key","Molten Egg 2","Mummified Hand"],"potions_floor_usage":[29],"damage_taken":[{"damage":6.0,"enemies":"Cultist","floor":1.0,"turns":3.0},{"damage":1.0,"enemies":"2 Louse","floor":2.0,"turns":3.0},{"damage":11.0,"enemies":"Small Slimes","floor":3.0,"turns":3.0},{"damage":37.0,"enemies":"Exordium Thugs","floor":5.0,"turns":6.0},{"damage":20.0,"enemies":"Large Slime","floor":7.0,"turns":5.0},{"damage":0.0,"enemies":"Lagavulin","floor":10.0,"turns":6.0},{"damage":0.0,"enemies":"3 Louse","floor":11.0,"turns":2.0},{"damage":9.0,"enemies":"Hexaghost","floor":16.0,"turns":8.0},{"damage":11.0,"enemies":"Spheric Guardian","floor":18.0,"turns":3.0},{"damage":8.0,"enemies":"Shell Parasite","floor":20.0,"turns":6.0},{"damage":34.0,"enemies":"Shelled Parasite and Fungi","floor":22.0,"turns":5.0},{"damage":18.0,"enemies":"3 Cultists","floor":24.0,"turns":4.0},{"damage":44.0,"enemies":"Book of Stabbing","floor":25.0,"turns":6.0},{"damage":6.0,"enemies":"Snecko","floor":27.0,"turns":3.0},{"damage":13,"enemies":"Snake Plant","floor":29,"turns":1}],"seed_played":"-6725039498818309324","potions_obtained":[{"floor":1.0,"key":"SkillPotion"},{"floor":8.0,"key":"SkillPotion"},{"floor":8.0,"key":"SmokeBomb"},{"floor":16.0,"key":"EssenceOfSteel"},{"floor":18.0,"key":"Ancient Potion"},{"floor":22.0,"key":"Explosive Potion"},{"floor":25.0,"key":"Dexterity Potion"}],"is_trial":false,"path_per_floor":["M","M","M","?","M","R","M","?","T","E","M","?","?","$","R","B",null,"M","?","M","?","M","R","M","E","T","M","?","M"],"character_chosen":"DEFECT","items_purchased":["Happy Flower"],"campfire_rested":2,"item_purchase_floors":[14],"current_hp_per_floor":[58,57,46,51,14,36,16,16,16,16,23,23,23,23,23,28,64,60,60,59,59,39,61,50,13,13,7,7,0],"gold":171,"neow_bonus":"BOSS_RELIC","is_prod":false,"is_daily":false,"chose_seed":false,"campfire_upgraded":1,"win_rate":0,"timestamp":1549832842,"path_taken":["M","?","M","?","M","R","M","?","T","E","?","?","?","$","R","BOSS","M","?","M","?","M","R","M","E","T","?","?","M"],"build_version":"2019-02-06","purchased_purges":0,"victory":false,"max_hp_per_floor":[71,71,71,76,76,76,76,76,76,76,76,76,76,76,76,76,76,76,76,76,76,76,76,76,76,76,76,53,53],"card_choices":[{"not_picked":["Scrape","Coolheaded"],"picked":"Cold Snap","floor":1.0},{"not_picked":["Tempest","Melter"],"picked":"Auto Shields","floor":2.0},{"not_picked":["White Noise","Compile Driver"],"picked":"Cold Snap","floor":3.0},{"not_picked":["Compile Driver","Melter"],"picked":"Static Discharge","floor":5.0},{"not_picked":["Rebound","Biased Cognition"],"picked":"Conserve Battery","floor":7.0},{"not_picked":["Coolheaded","Darkness"],"picked":"Self Repair","floor":10.0},{"not_picked":["Creative AI","Rainbow"],"picked":"Fission","floor":16.0},{"not_picked":["Go for the Eyes","Gash"],"picked":"Leap","floor":18.0},{"not_picked":["Rebound","Chaos"],"picked":"Echo Form","floor":20.0},{"not_picked":["Gash","Heatsinks+1"],"picked":"Leap+1","floor":22.0},{"not_picked":["Hologram+1","Steam"],"picked":"Defragment+1","floor":24.0},{"not_picked":["Darkness","Steam+1"],"picked":"Electrodynamics","floor":25.0},{"not_picked":["Rebound+1","Leap"],"picked":"Conserve Battery","floor":27.0}],"player_experience":1139950,"relics_obtained":[{"floor":9.0,"key":"Shuriken"},{"floor":10.0,"key":"Ornamental Fan"},{"floor":25.0,"key":"Molten Egg 2"},{"floor":26.0,"key":"Mummified Hand"}],"event_choices":[{"damage_healed":0.0,"max_hp_gain":5.0,"max_hp_loss":0.0,"gold_gain":0.0,"event_name":"Big Fish","player_choice":"Donut","floor":4.0,"gold_loss":0.0,"damage_taken":0.0},{"damage_healed":0.0,"max_hp_gain":0.0,"max_hp_loss":0.0,"gold_gain":0.0,"event_name":"Lab","player_choice":"Got Potions","floor":8.0,"gold_loss":0.0,"damage_taken":0.0},{"damage_healed":0.0,"max_hp_gain":0.0,"max_hp_loss":0.0,"gold_gain":0.0,"event_name":"Shining Light","player_choice":"Ignored","floor":12.0,"gold_loss":0.0,"damage_taken":0.0},{"damage_healed":0.0,"max_hp_gain":0.0,"max_hp_loss":0.0,"gold_gain":0.0,"event_name":"The Cleric","player_choice":"Leave","floor":13.0,"gold_loss":0.0,"damage_taken":0.0},{"damage_healed":0.0,"max_hp_gain":0.0,"max_hp_loss":0.0,"gold_gain":0.0,"event_name":"The Mausoleum","player_choice":"Ignored","floor":19.0,"gold_loss":0.0,"damage_taken":0.0},{"damage_healed":0.0,"max_hp_gain":0.0,"max_hp_loss":0.0,"gold_gain":0.0,"event_name":"Designer","player_choice":"Upgrade","floor":21.0,"gold_loss":50.0,"damage_taken":0.0,"cards_upgraded":["Fission"]},{"damage_healed":0.0,"max_hp_gain":0.0,"max_hp_loss":23.0,"gold_gain":0.0,"event_name":"Vampires","player_choice":"Became a vampire","floor":28.0,"gold_loss":0.0,"damage_taken":0.0,"cards_obtained":["Bite","Bite","Bite","Bite","Bite"]}],"is_beta":true,"boss_relics":[{"not_picked":["Black Star","Ectoplasm"],"picked":"Cursed Key"}],"items_purged_floors":[],"is_endless":false,"potions_floor_spawned":[1,10,11,16,18,22,25],"killed_by":"Snake Plant","ascension_level":20}