{"gold_per_floor":[364,376,74,74,85,110,110,144,144,144,7,26,38,67,67,171,171,184,197,212,212,228,261,276,276,303,337,349,349,363,388,388,485,485,495,508,523,539,24,56,56,89,89,105,123,223,223,254,254,254,254,254,50,76,76],"floor_reached":55,"playtime":3731,"items_purged":["Decay","Pain","Strike_G"],"score":1151,"play_id":"3817e78f-a88d-4cef-ac18-79b635fe979d","local_time":"20190210020954","is_ascension_mode":true,"campfire_choices":[{"floor":7,"key":"REST"},{"data":"Noxious Fumes","floor":10,"key":"SMITH"},{"data":"Footwork","floor":15,"key":"SMITH"},{"floor":29,"key":"REST"},{"floor":32,"key":"RECALL"},{"floor":41,"key":"REST"},{"floor":49,"key":"REST"},{"floor":52,"key":"REST"}],"neow_cost":"CURSE","seed_source_timestamp":34160122740058,"circlet_count":0,"master_deck":["Defend_G","Defend_G","Defend_G","Defend_G","Defend_G","Strike_G","Strike_G","Survivor","Neutralize","Prepared","Dagger Spray","Noxious Fumes+1","Backstab","Bouncing Flask","Setup","Cloak And Dagger","Footwork","Leg Sweep","Corpse Explosion","Footwork+1","Malaise","Backflip+1","Neutralize","Predator+1","Terror","Venomology","Cloak And Dagger","After Image","PiercingWail+1","Cloak And Dagger+1","Escape Plan","Parasite","Venomology","Skewer+1"],"relics":["Ring of the Snake","Dream Catcher","WarpedTongs","Vajra","Bird Faced Urn","Pear","Snake Skull","Fusion Hammer","Ice Cream","Oddly Smooth Stone","Lantern","StoneCalendar","Busted Crown","Bag of Marbles","Ninja Scroll","Centennial Puzzle","Prayer Wheel","Thread and Needle","Darkstone Periapt","Toolbox","Bag of Preparation"],"potions_floor_usage":[6,8,8,24,24,33,33,36,37,38,38,40,40,42,42,45,46,48,50,50,54,54,55,55],"damage_taken":[{"damage":0,"enemies":"2 Louse","floor":1,"turns":4},{"damage":3,"enemies":"Cultist","floor":2,"turns":4},{"damage":6,"enemies":"Jaw Worm","floor":5,"turns":4},{"damage":35,"enemies":"Lagavulin","floor":6,"turns":8},{"damage":6,"enemies":"3 Sentries","floor":8,"turns":6},{"damage":0,"enemies":"Gremlin Gang","floor":12,"turns":3},{"damage":7,"enemies":"Exordium Thugs","floor":13,"turns":4},{"damage":11,"enemies":"Lagavulin","floor":14,"turns":5},{"damage":10,"enemies":"Slime Boss","floor":16,"turns":8},{"damage":0,"enemies":"3 Byrds","floor":18,"turns":4},{"damage":6,"enemies":"Spheric Guardian","floor":19,"turns":5},{"damage":0,"enemies":"Snecko","floor":20,"turns":4},{"damage":6,"enemies":"3 Cultists","floor":22,"turns":3},{"damage":30,"enemies":"Slavers","floor":23,"turns":4},{"damage":6,"enemies":"Snake Plant","floor":24,"turns":5},{"damage":3,"enemies":"Gremlin Leader","floor":27,"turns":5},{"damage":3,"enemies":"Cultist and Chosen","floor":28,"turns":5},{"damage":0,"enemies":"Centurion and Healer","floor":30,"turns":7},{"damage":1,"enemies":"Slavers","floor":31,"turns":2},{"damage":47,"enemies":"Collector","floor":33,"turns":8},{"damage":0,"enemies":"3 Shapes","floor":35,"turns":1},{"damage":13,"enemies":"3 Darklings","floor":36,"turns":3},{"damage":15,"enemies":"Jaw Worm Horde","floor":37,"turns":4},{"damage":38,"enemies":"Spire Growth","floor":38,"turns":4},{"damage":5,"enemies":"Nemesis","floor":40,"turns":7},{"damage":3,"enemies":"Giant Head","floor":42,"turns":8},{"damage":0,"enemies":"Writhing Mass","floor":44,"turns":6},{"damage":9,"enemies":"Maw","floor":45,"turns":6},{"damage":3,"enemies":"Mind Bloom Boss Battle","floor":46,"turns":7},{"damage":15,"enemies":"Nemesis","floor":48,"turns":7},{"damage":0,"enemies":"Donu and Deca","floor":50,"turns":8},{"damage":51,"enemies":"Shield and Spear","floor":54,"turns":7},{"damage":65,"enemies":"The Heart","floor":55,"turns":9}],"seed_played":"-1676792981796748026","potions_obtained":[{"floor":1,"key":"Dexterity Potion"},{"floor":5,"key":"Regen Potion"},{"floor":6,"key":"Regen Potion"},{"floor":19,"key":"SkillPotion"},{"floor":22,"key":"PowerPotion"},{"floor":27,"key":"Strength Potion"},{"floor":33,"key":"PowerPotion"},{"floor":37,"key":"GamblersBrew"},{"floor":38,"key":"Weak Potion"},{"floor":40,"key":"Regen Potion"},{"floor":44,"key":"FearPotion"}],"is_trial":false,"path_per_floor":["M","M","$","?","M","E","R","E","T","R","$","M","M","E","R","B",null,"M","M","M","?","M","E","M","?","T","E","M","R","M","E","R","B",null,"M","M","M","M","$","E","R","E","T","M","M","?","?","E","R","B",null,"R","$","E","B"],"character_chosen":"THE_SILENT","items_purchased":["Noxious Fumes","Dream Catcher","Footwork","Bag of Marbles","Ninja Scroll","Toolbox"],"campfire_rested":5,"item_purchase_floors":[3,3,11,39,39,53],"current_hp_per_floor":[63,60,60,60,54,33,54,63,73,73,73,77,74,67,67,61,75,80,76,80,80,76,52,54,54,54,57,58,80,80,79,79,37,69,69,62,55,21,21,24,48,68,68,76,71,76,76,69,80,80,80,80,80,33,0],"gold":76,"neow_bonus":"TWO_FIFTY_GOLD","is_prod":false,"is_daily":false,"chose_seed":false,"campfire_upgraded":2,"win_rate":0,"timestamp":1549760994,"path_taken":["M","M","$","?","M","E","R","E","T","R","?","?","M","E","R","BOSS","M","?","M","?","M","E","?","?","T","E","M","R","M","E","R","BOSS","M","M","M","M","$","E","R","E","T","M","M","?","?","E","R","BOSS","R","$","E","BOSS"],"build_version":"2019-01-23","purchased_purges":3,"victory":false,"max_hp_per_floor":[70,70,70,70,70,70,70,70,80,80,80,80,80,80,80,80,80,80,80,80,80,80,80,80,80,80,80,80,80,80,80,80,80,80,80,80,80,80,80,80,80,80,80,80,80,80,80,80,80,80,80,80,80,80,80],"card_choices":[{"not_picked":["Calculated Gamble","Sucker Punch"],"picked":"Prepared","floor":1},{"not_picked":["Backflip","Masterful Stab"],"picked":"Dagger Spray","floor":2},{"not_picked":["Underhanded Strike","Dodge and Roll"],"picked":"Backstab","floor":5},{"not_picked":["Acrobatics","Die Die Die"],"picked":"Bouncing Flask","floor":6},{"not_picked":["Slice","Sucker Punch"],"picked":"Setup","floor":7},{"not_picked":["Heel Hook","Prepared"],"picked":"Cloak And Dagger","floor":8},{"not_picked":["Dagger Throw","Deflect"],"picked":"Leg Sweep","floor":12},{"not_picked":["Dagger Throw","Slice"],"picked":"Corpse Explosion","floor":13},{"not_picked":["Calculated Gamble","Blade Dance"],"picked":"Footwork","floor":14},{"not_picked":["Wraith Form v2","Doppelganger"],"picked":"Malaise","floor":16},{"not_picked":["Flechettes","Quick Slash","Masterful Stab"],"picked":"SKIP","floor":18},{"not_picked":["Flechettes","Predator"],"picked":"Backflip+1","floor":19},{"not_picked":["PiercingWail","Distraction","Dagger Spray+1"],"picked":"SKIP","floor":20},{"not_picked":["Flying Knee","Well Laid Plans"],"picked":"Predator+1","floor":22},{"not_picked":["Distraction","Infinite Blades"],"picked":"Terror","floor":23},{"not_picked":["Poisoned Stab","Eviscerate","All Out Attack+1"],"picked":"SKIP","floor":24},{"not_picked":["Crippling Poison","Reflex"],"picked":"Venomology","floor":27},{"not_picked":["Poisoned Stab+1","Finisher+1","Tactician"],"picked":"SKIP","floor":28},{"not_picked":["Poisoned Stab+1","Finisher+1","Tactician"],"picked":"SKIP","floor":28},{"not_picked":["Acrobatics","Underhanded Strike"],"picked":"Cloak And Dagger","floor":29},{"not_picked":["Poisoned Stab","Acrobatics+1","Deflect"],"picked":"SKIP","floor":30},{"not_picked":["Dodge and Roll","Deflect","Underhanded Strike"],"picked":"SKIP","floor":31},{"not_picked":["Burst","Venomology"],"picked":"After Image","floor":33},{"not_picked":["Deflect+1"],"picked":"SKIP","floor":35},{"not_picked":[],"picked":"PiercingWail+1","floor":36},{"not_picked":[],"picked":"Cloak And Dagger+1","floor":37},{"not_picked":["Backflip"],"picked":"SKIP","floor":38},{"not_picked":["Quick Slash"],"picked":"SKIP","floor":40},{"not_picked":[],"picked":"Escape Plan","floor":41},{"not_picked":["Calculated Gamble+1"],"picked":"SKIP","floor":42},{"not_picked":["All Out Attack+1"],"picked":"SKIP","floor":44},{"not_picked":["Expertise"],"picked":"SKIP","floor":44},{"not_picked":["Outmaneuver"],"picked":"SKIP","floor":45},{"not_picked":["Deflect+1"],"picked":"SKIP","floor":45},{"not_picked":["Crippling Poison"],"picked":"SKIP","floor":48},{"not_picked":[],"picked":"Venomology","floor":49},{"not_picked":[],"picked":"Skewer+1","floor":54}],"player_experience":277078,"relics_obtained":[{"floor":6,"key":"Vajra"},{"floor":8,"key":"Bird Faced Urn"},{"floor":9,"key":"Pear"},{"floor":14,"key":"Snake Skull"},{"floor":23,"key":"Ice Cream"},{"floor":26,"key":"Oddly Smooth Stone"},{"floor":27,"key":"Lantern"},{"floor":31,"key":"StoneCalendar"},{"floor":40,"key":"Centennial Puzzle"},{"floor":42,"key":"Prayer Wheel"},{"floor":46,"key":"Thread and Needle"},{"floor":48,"key":"Darkstone Periapt"},{"floor":54,"key":"Bag of Preparation"}],"event_choices":[{"damage_healed":0,"gold_gain":0,"player_choice":"Rummage","damage_taken":0,"relics_obtained":["WarpedTongs"],"max_hp_gain":0,"max_hp_loss":0,"event_name":"Accursed Blacksmith","floor":4,"gold_loss":0,"cards_obtained":["Pain"]},{"damage_healed":0,"gold_gain":0,"player_choice":"1 cards matched","damage_taken":0,"max_hp_gain":0,"max_hp_loss":0,"event_name":"Match and Keep!","floor":21,"gold_loss":0,"cards_obtained":["Neutralize"]},{"cards_removed":["Strike_G"],"damage_healed":0,"gold_gain":0,"player_choice":"Elegance","damage_taken":0,"max_hp_gain":0,"max_hp_loss":0,"event_name":"Back to Basics","floor":25,"gold_loss":0},{"damage_healed":0,"gold_gain":0,"player_choice":"Fight","damage_taken":0,"max_hp_gain":0,"max_hp_loss":0,"event_name":"MindBloom","floor":46,"gold_loss":0},{"cards_removed":["Strike_G"],"damage_healed":0,"gold_gain":0,"player_choice":"Removed Attack","damage_taken":0,"max_hp_gain":0,"max_hp_loss":0,"event_name":"Falling","floor":47,"gold_loss":0}],"is_beta":false,"boss_relics":[{"not_picked":["White Beast Statue","Velvet Choker"],"picked":"Fusion Hammer"},{"not_picked":["Tiny House","Black Star"],"picked":"Busted Crown"}],"items_purged_floors":[3,11,39],"is_endless":false,"potions_floor_spawned":[1,5,6,19,22,27,33,37,38,40,44],"killed_by":"The Heart","ascension_level":6}