{"path_per_floor":["M","?","?","$","M","R","M","R","T","R","?","M","M","E","R","B",null,"M","M","?","T","$","R","M","E","T","M","R","?","M","?","R","B",null,"M","?","$","M","M","E","M","$","T","E","T","R","?","M","R","B"],"character_chosen":"DEFECT","items_purchased":["Recycle","Seek","Master of Strategy","Seek","Swift Potion"],"gold_per_floor":[114,114,114,74,89,89,99,99,150,150,150,161,178,206,206,305,305,322,340,340,340,117,117,127,156,238,255,255,305,322,322,322,421,421,441,441,138,152,164,196,207,15,39,73,73,73,73,84,84,84],"floor_reached":51,"campfire_rested":1,"playtime":2466,"current_hp_per_floor":[65,75,80,80,79,79,79,79,79,79,79,79,79,72,72,40,80,70,56,56,56,56,60,59,64,64,61,65,65,65,9,39,36,80,74,64,64,68,68,72,76,76,76,80,80,80,80,80,80,80],"items_purged":["Stack","Auto Shields"],"gold":84,"score":930,"play_id":"da623466-9226-415b-9ee6-86f6417986f1","local_time":"20180506234756","is_prod":false,"is_daily":false,"chose_seed":false,"is_ascension_mode":true,"campfire_upgraded":8,"timestamp":1525675676,"path_taken":["M","?","?","$","M","R","M","R","T","R","?","?","M","E","R","BOSS","M","M","?","?","$","R","M","E","T","?","R","?","M","?","R","BOSS","M","?","$","M","M","E","M","$","T","E","?","R","?","M","R","BOSS"],"build_version":"2018-05-03","seed_source_timestamp":1660516203467631,"purchased_purges":2,"victory":true,"master_deck":["Zap+1","Dualcast+1","Sweeping Beam+1","Cold Snap","Sweeping Beam+1","Go for the Eyes","Coolheaded+1","Recycle+1","Reboot","Reboot","Seek","Bandage Up","Good Instincts","Trip","Jack Of All Trades","Finesse","Madness+1","All For One+1","Madness+1","Madness","Master of Strategy","Seek","Reboot"],"max_hp_per_floor":[75,75,80,80,80,80,80,80,80,80,80,80,80,80,80,80,80,80,80,80,80,80,80,80,80,80,80,80,80,80,80,80,80,80,80,80,80,80,80,80,80,80,80,80,80,80,80,80,80,80],"relics":["Pandora\u0027s Box","Dream Catcher","Art of War","Eternal Feather","DataDisk","Molten Egg 2","Tiny Chest","Philosopher\u0027s Stone","Happy Flower","Juzu Bracelet","Omamori","Mercury Hourglass"],"card_choices":[{"not_picked":["Multi-Cast","Seek"],"picked":"Reboot","floor":16},{"not_picked":["Hologram","BootSequence"],"picked":"All For One","floor":32},{"not_picked":["Sweeping Beam","Meteor Strike"],"picked":"Reboot","floor":44}],"player_experience":172203,"potions_floor_usage":[12,14,18,25,35,44,44],"damage_taken":[{"damage":10,"enemies":"Small Slimes","floor":1,"turns":2},{"damage":1,"enemies":"Cultist","floor":5,"turns":4},{"damage":0,"enemies":"2 Louse","floor":7,"turns":2},{"damage":0,"enemies":"Large Slime","floor":12,"turns":3},{"damage":0,"enemies":"Blue Slaver","floor":13,"turns":4},{"damage":7,"enemies":"3 Sentries","floor":14,"turns":5},{"damage":32,"enemies":"Hexaghost","floor":16,"turns":11},{"damage":10,"enemies":"2 Thieves","floor":18,"turns":3},{"damage":14,"enemies":"Chosen","floor":19,"turns":6},{"damage":1,"enemies":"Snake Plant","floor":24,"turns":3},{"damage":4,"enemies":"Book of Stabbing","floor":25,"turns":5},{"damage":3,"enemies":"Centurion and Healer","floor":27,"turns":5},{"damage":0,"enemies":"3 Cultists","floor":30,"turns":3},{"damage":7,"enemies":"Champ","floor":33,"turns":6},{"damage":7,"enemies":"3 Darklings","floor":35,"turns":3},{"damage":0,"enemies":"Flame Bruiser 1 Orb","floor":38,"turns":2},{"damage":4,"enemies":"4 Shapes","floor":39,"turns":1},{"damage":0,"enemies":"2 Orb Walkers","floor":40,"turns":2},{"damage":0,"enemies":"Flame Bruiser 2 Orb","floor":41,"turns":1},{"damage":0,"enemies":"Nemesis","floor":44,"turns":1},{"damage":0,"enemies":"Spire Growth","floor":48,"turns":1},{"damage":0,"enemies":"Donu and Deca","floor":50,"turns":1}],"event_choices":[{"event_name":"Bonfire Elementals","player_choice":"UNCOMMON","floor":2,"damage_taken":0},{"event_name":"Big Fish","player_choice":"Donut","floor":3,"damage_taken":0},{"event_name":"Dead Adventurer","player_choice":"Searched \u00271\u0027 times","floor":11,"damage_taken":0},{"event_name":"Duplicator","player_choice":"One dupe","floor":20,"damage_taken":0},{"event_name":"The Joust","player_choice":"Bet on Murderer","floor":29,"damage_taken":0},{"event_name":"Knowing Skull","player_choice":"CARD CARD CARD CARD CARD CARD ","floor":31,"damage_taken":0},{"event_name":"Winding Halls","player_choice":"Embrace Madness","floor":36,"damage_taken":0},{"event_name":"Transmorgrifier","player_choice":"Skipped","floor":47,"damage_taken":0}],"boss_relics":[{"not_picked":["Velvet Choker","Cursed Key"],"picked":"Eternal Feather"},{"not_picked":["Inserter","Runic Pyramid"],"picked":"Philosopher\u0027s Stone"}],"potions_floor_spawned":[5,12,14,24,25,38,39,40],"seed_played":"6606693638732490982","ascension_level":2,"is_trial":false}