{"gold_per_floor":[15,290,310,485,496,496,529,8,8,8,8,24,54,64,64,163,163,176,188,113,128,35,35,50,50,50,50,62,76,76,93,93,93],"floor_reached":33,"playtime":1400,"items_purged":["Doubt"],"score":350,"play_id":"24f123f7-4056-403b-bf64-86bbdab2cb8b","local_time":"20190120213600","is_ascension_mode":true,"campfire_choices":[{"data":"Spot Weakness","floor":6,"key":"SMITH"},{"data":"Dark Embrace","floor":10,"key":"SMITH"},{"data":"Feel No Pain","floor":15,"key":"SMITH"},{"data":"Juggernaut","floor":23,"key":"SMITH"},{"data":"Strike_R","floor":27,"key":"PURGE"},{"data":"Shame","floor":32,"key":"PURGE"}],"neow_cost":"NO_GOLD","seed_source_timestamp":882577633543603,"circlet_count":0,"master_deck":["Strike_R","Defend_R","Defend_R","Defend_R","Bash","Inflame","Spot Weakness+1","Infernal Blade","Twin Strike","Reckless Charge","Dark Embrace+1","Pummel","Feel No Pain+1","Juggernaut+1","Warcry","Rage","Flash of Steel","Seeing Red","True Grit+1","Sentinel","Metallicize+1"],"relics":["Burning Blood","Shuriken","Ice Cream","Ornamental Fan","Meat on the Bone","Eternal Feather","Peace Pipe","Boot"],"potions_floor_usage":[7,24,24,24,29,31],"damage_taken":[{"damage":7,"enemies":"Jaw Worm","floor":1,"turns":5},{"damage":3,"enemies":"Cultist","floor":3,"turns":3},{"damage":12,"enemies":"Small Slimes","floor":5,"turns":3},{"damage":14,"enemies":"Gremlin Nob","floor":7,"turns":3},{"damage":13,"enemies":"Looter","floor":12,"turns":4},{"damage":20,"enemies":"3 Sentries","floor":13,"turns":4},{"damage":14,"enemies":"Exordium Thugs","floor":14,"turns":3},{"damage":25,"enemies":"Hexaghost","floor":16,"turns":6},{"damage":20,"enemies":"Spheric Guardian","floor":18,"turns":4},{"damage":17,"enemies":"3 Byrds","floor":19,"turns":5},{"damage":12,"enemies":"Cultist and Chosen","floor":21,"turns":5},{"damage":7,"enemies":"3 Cultists","floor":24,"turns":4},{"damage":29,"enemies":"Snake Plant","floor":28,"turns":4},{"damage":19,"enemies":"Centurion and Healer","floor":29,"turns":4},{"damage":47,"enemies":"Shelled Parasite and Fungi","floor":31,"turns":6},{"damage":39,"enemies":"Collector","floor":33,"turns":6}],"seed_played":"-2602817220586704395","potions_obtained":[{"floor":1,"key":"SkillPotion"},{"floor":14,"key":"Explosive Potion"},{"floor":16,"key":"Explosive Potion"},{"floor":21,"key":"EntropicBrew"}],"is_trial":false,"path_per_floor":["M","?","M","?","M","R","E","$","T","R","?","M","E","M","R","B",null,"M","M","?","M","$","R","M","?","T","R","M","M","?","M","R","B"],"character_chosen":"IRONCLAD","items_purchased":["Dark Embrace","Ice Cream","Pummel","Flash of Steel"],"campfire_rested":0,"item_purchase_floors":[8,8,8,22],"current_hp_per_floor":[71,71,74,74,68,68,60,60,60,60,60,53,39,43,43,36,69,55,56,56,50,50,59,58,58,58,67,56,55,55,26,38,0],"gold":93,"neow_bonus":"TRANSFORM_TWO_CARDS","is_prod":false,"is_daily":false,"chose_seed":false,"campfire_upgraded":4,"win_rate":0,"timestamp":1548020160,"path_taken":["M","?","?","?","M","R","E","$","T","R","?","M","E","M","R","BOSS","M","M","?","M","$","R","M","?","T","R","M","M","?","M","R","BOSS"],"build_version":"2019-01-19","purchased_purges":1,"victory":false,"max_hp_per_floor":[80,80,80,80,80,80,80,80,80,80,80,80,80,80,80,80,80,80,80,80,80,80,80,80,80,80,80,80,80,80,80,80,80],"card_choices":[{"not_picked":["Rupture","Warcry"],"picked":"Infernal Blade","floor":1},{"not_picked":["Clothesline","Havoc"],"picked":"Twin Strike","floor":3},{"not_picked":["Anger","Fiend Fire","Armaments"],"picked":"SKIP","floor":5},{"not_picked":["Heavy Blade","Perfected Strike"],"picked":"Reckless Charge","floor":7},{"not_picked":["Twin Strike","Sever Soul","Bloodletting"],"picked":"SKIP","floor":12},{"not_picked":["Heavy Blade","Iron Wave","Headbutt"],"picked":"SKIP","floor":13},{"not_picked":["Fire Breathing","Searing Blow"],"picked":"Feel No Pain","floor":14},{"not_picked":["Feed","Immolate"],"picked":"Juggernaut","floor":16},{"not_picked":["Dropkick","Iron Wave+1"],"picked":"Warcry","floor":18},{"not_picked":["Bloodletting","Blood for Blood","Headbutt"],"picked":"SKIP","floor":19},{"not_picked":["Headbutt","Perfected Strike"],"picked":"Rage","floor":21},{"not_picked":["Twin Strike","Ghostly Armor"],"picked":"Seeing Red","floor":24},{"not_picked":["Uppercut","Pommel Strike"],"picked":"True Grit+1","floor":28},{"not_picked":["Clothesline","Sword Boomerang+1"],"picked":"Sentinel","floor":29},{"not_picked":["Iron Wave","Burning Pact+1"],"picked":"Metallicize+1","floor":31}],"player_experience":439235,"relics_obtained":[{"floor":7,"key":"Shuriken"},{"floor":9,"key":"Ornamental Fan"},{"floor":13,"key":"Meat on the Bone"},{"floor":26,"key":"Peace Pipe"}],"event_choices":[{"damage_healed":0,"gold_gain":275,"player_choice":"Desecrate","damage_taken":0,"max_hp_gain":0,"max_hp_loss":0,"event_name":"Golden Shrine","floor":2,"gold_loss":0,"cards_obtained":["Regret"]},{"damage_healed":0,"gold_gain":175,"player_choice":"AGREE","damage_taken":0,"max_hp_gain":0,"max_hp_loss":0,"event_name":"Liars Game","floor":4,"gold_loss":0,"cards_obtained":["Doubt"]},{"cards_removed":["Regret"],"damage_healed":0,"gold_gain":0,"player_choice":"Removed Curses","damage_taken":0,"max_hp_gain":0,"max_hp_loss":0,"event_name":"Fountain of Cleansing","floor":11,"gold_loss":0},{"cards_removed":["Strike_R"],"damage_healed":0,"gold_gain":0,"player_choice":"Gave Gold","damage_taken":0,"max_hp_gain":0,"max_hp_loss":0,"event_name":"Beggar","floor":20,"gold_loss":75},{"cards_removed":["Strike_R"],"damage_healed":0,"gold_gain":0,"player_choice":"Elegance","damage_taken":0,"max_hp_gain":0,"max_hp_loss":0,"event_name":"Back to Basics","floor":25,"gold_loss":0},{"damage_healed":0,"gold_gain":0,"player_choice":"Stole Relic","damage_taken":0,"relics_obtained":["Boot"],"max_hp_gain":0,"max_hp_loss":0,"event_name":"Addict","floor":30,"gold_loss":0,"cards_obtained":["Shame"]}],"is_beta":true,"boss_relics":[{"not_picked":["Coffee Dripper","Pandora\u0027s Box"],"picked":"Eternal Feather"}],"items_purged_floors":[8],"is_endless":false,"potions_floor_spawned":[1,14,16,21,24],"killed_by":"Collector","ascension_level":7}