{"gold_per_floor":[109,120,120,131,131,131,56,56,107,107,133,133,44,55,55,131,131,51,51,51,51,51,51,51,51,51,51,51,51,51,51,51,51],"floor_reached":33,"playtime":861,"items_purged":[],"score":583,"play_id":"82eaea4e-4049-4088-aaf1-712a518d3be5","local_time":"20190203002638","is_ascension_mode":true,"campfire_choices":[{"data":"Neutralize","floor":6,"key":"SMITH"},{"data":"Predator","floor":8,"key":"SMITH"},{"data":"Deadly Poison","floor":10,"key":"SMITH"},{"data":"Footwork","floor":12,"key":"SMITH"},{"data":"Adrenaline","floor":15,"key":"SMITH"},{"data":"Catalyst","floor":23,"key":"SMITH"},{"floor":25,"key":"REST"},{"data":"Die Die Die","floor":28,"key":"SMITH"},{"data":"Poisoned Stab","floor":32,"key":"SMITH"}],"neow_cost":"NONE","seed_source_timestamp":78516198829534,"circlet_count":0,"master_deck":["AscendersBane","Defend_G+1","Defend_G+1","Defend_G+1","Defend_G+1","Survivor","Neutralize+1","Leg Sweep","Deadly Poison+1","Quick Slash","Predator+1","Footwork+1","Adrenaline+1","Poisoned Stab+1","Die Die Die+1","Catalyst+1","RitualDagger","PiercingWail","Bite","Bite","Bite","Bite","Bite","Escape Plan"],"relics":["Ring of the Snake","NeowsBlessing","Centennial Puzzle","Orichalcum","Ectoplasm","The Courier","Singing Bowl","Pen Nib"],"potions_floor_usage":[11,11,18,24,30,33],"damage_taken":[{"damage":0,"enemies":"Small Slimes","floor":1,"turns":1},{"damage":0,"enemies":"Cultist","floor":2,"turns":1},{"damage":0,"enemies":"2 Louse","floor":4,"turns":1},{"damage":3,"enemies":"Lagavulin","floor":11,"turns":5},{"damage":7,"enemies":"Blue Slaver","floor":14,"turns":3},{"damage":8,"enemies":"Hexaghost","floor":16,"turns":10},{"damage":0,"enemies":"2 Thieves","floor":18,"turns":4},{"damage":11,"enemies":"Spheric Guardian","floor":21,"turns":4},{"damage":45,"enemies":"Slavers","floor":24,"turns":9},{"damage":4,"enemies":"Book of Stabbing","floor":30,"turns":5},{"damage":12,"enemies":"Shelled Parasite and Fungi","floor":31,"turns":4},{"damage":75,"enemies":"Champ","floor":33,"turns":15}],"seed_played":"7709707388074192579","potions_obtained":[{"floor":2,"key":"EssenceOfSteel"},{"floor":4,"key":"Dexterity Potion"},{"floor":5,"key":"AttackPotion"},{"floor":16,"key":"PowerPotion"},{"floor":18,"key":"Regen Potion"},{"floor":24,"key":"FearPotion"},{"floor":31,"key":"GamblersBrew"}],"is_trial":false,"path_per_floor":["M","M","?","M","?","R","$","R","T","R","E","R","$","M","R","B",null,"M","?","?","M","?","R","E","R","T","?","R","$","E","M","R","B"],"character_chosen":"THE_SILENT","items_purchased":["Predator","Adrenaline"],"campfire_rested":1,"item_purchase_floors":[7,13],"current_hp_per_floor":[59,59,59,59,59,59,59,59,59,59,56,56,56,49,49,41,60,60,60,54,43,43,43,33,46,46,46,46,46,46,42,42,0],"gold":51,"neow_bonus":"THREE_ENEMY_KILL","is_prod":false,"is_daily":false,"chose_seed":false,"campfire_upgraded":8,"win_rate":0,"timestamp":1549182398,"path_taken":["M","M","?","?","?","R","$","R","T","R","E","R","?","?","R","BOSS","M","?","?","?","?","R","E","R","T","?","R","$","E","M","R","BOSS"],"build_version":"2019-01-23","purchased_purges":0,"victory":false,"max_hp_per_floor":[66,66,66,66,66,66,66,66,66,66,66,66,66,66,66,66,66,66,66,66,66,46,46,46,46,46,46,46,46,46,48,48,48],"card_choices":[{"not_picked":["Deflect","Blade Dance"],"picked":"Leg Sweep","floor":1},{"not_picked":["Deflect","Setup"],"picked":"Deadly Poison","floor":2},{"not_picked":["Prepared","Choke"],"picked":"Quick Slash","floor":4},{"not_picked":["Unload","Concentrate"],"picked":"Footwork","floor":11},{"not_picked":["Riddle With Holes","PiercingWail"],"picked":"Poisoned Stab","floor":14},{"not_picked":["Tools of the Trade","Glass Knife"],"picked":"Die Die Die","floor":16},{"not_picked":["Accuracy","Backflip"],"picked":"Catalyst","floor":18},{"not_picked":["Flying Knee","Deflect"],"picked":"PiercingWail","floor":21},{"not_picked":["Acrobatics","Masterful Stab","Skewer"],"picked":"SKIP","floor":24},{"not_picked":["Unload","Poisoned Stab+1"],"picked":"Escape Plan","floor":30},{"not_picked":["Underhanded Strike","PiercingWail","All Out Attack+1"],"picked":"Singing Bowl","floor":31}],"player_experience":1117340,"relics_obtained":[{"floor":9,"key":"Centennial Puzzle"},{"floor":11,"key":"Orichalcum"},{"floor":24,"key":"The Courier"},{"floor":26,"key":"Singing Bowl"},{"floor":30,"key":"Pen Nib"}],"event_choices":[{"cards_removed":["Defend_G"],"damage_healed":0,"gold_gain":0,"player_choice":"Purged","damage_taken":0,"max_hp_gain":0,"max_hp_loss":0,"event_name":"Purifier","floor":3,"gold_loss":0},{"damage_healed":0,"gold_gain":0,"player_choice":"Got Potions","damage_taken":0,"max_hp_gain":0,"max_hp_loss":0,"event_name":"Lab","floor":5,"gold_loss":0},{"damage_healed":0,"gold_gain":0,"player_choice":"Ignored","damage_taken":0,"max_hp_gain":0,"max_hp_loss":0,"event_name":"Beggar","floor":19,"gold_loss":0},{"damage_healed":0,"gold_gain":0,"player_choice":"Joined the Cult","damage_taken":6,"max_hp_gain":0,"max_hp_loss":0,"event_name":"Nest","floor":20,"gold_loss":0,"cards_obtained":["RitualDagger"]},{"damage_healed":0,"gold_gain":0,"player_choice":"Became a vampire","damage_taken":0,"max_hp_gain":0,"max_hp_loss":20,"event_name":"Vampires","floor":22,"gold_loss":0,"cards_obtained":["Bite","Bite","Bite","Bite","Bite"]},{"damage_healed":0,"gold_gain":0,"player_choice":"Simplicity","damage_taken":0,"max_hp_gain":0,"max_hp_loss":0,"event_name":"Back to Basics","floor":27,"gold_loss":0,"cards_upgraded":["Defend_G","Defend_G","Defend_G","Defend_G"]}],"is_beta":true,"boss_relics":[{"not_picked":["WristBlade","Velvet Choker"],"picked":"Ectoplasm"}],"items_purged_floors":[],"is_endless":false,"potions_floor_spawned":[2,4,16,18,24,31],"killed_by":"Champ","ascension_level":20}