{"gold_per_floor":[118,118,393,413,424,22,22,22,22,22,22,22,56,26],"floor_reached":14,"playtime":288,"items_purged":[],"score":138,"play_id":"a1de2898-e437-45a5-ae58-7f7aff72265d","local_time":"20190131063055","is_ascension_mode":true,"campfire_choices":[{"data":"Cloak And Dagger","floor":7,"key":"SMITH"},{"data":"Cloak And Dagger","floor":10,"key":"SMITH"},{"data":"Blade Dance","floor":12,"key":"SMITH"}],"neow_cost":"NONE","seed_source_timestamp":1779784977360467,"circlet_count":0,"master_deck":["AscendersBane","Defend_G","Defend_G","Defend_G","Defend_G","Defend_G","Strike_G","Strike_G","Strike_G","Strike_G+1","Strike_G","Survivor","Neutralize","Blade Dance+1","Finisher","Blade Dance","Cloak And Dagger+1","Cloak And Dagger+1","Regret","Backstab","Chrysalis","Leg Sweep+1"],"relics":["Orrery","Dream Catcher","Boot","Potion Belt","Bag of Preparation"],"potions_floor_usage":[14],"damage_taken":[{"damage":0,"enemies":"Cultist","floor":1,"turns":4},{"damage":14,"enemies":"Jaw Worm","floor":4,"turns":3},{"damage":4,"enemies":"Small Slimes","floor":5,"turns":4},{"damage":20,"enemies":"Gremlin Nob","floor":13,"turns":3},{"damage":17,"enemies":"Looter","floor":14,"turns":2}],"seed_played":"-4183149127461046469","potions_obtained":[{"floor":13,"key":"Regen Potion"}],"is_trial":false,"path_per_floor":["M","?","?","M","M","$","R","?","T","R","?","R","E","M"],"character_chosen":"THE_SILENT","items_purchased":["Boot","Chrysalis","Leg Sweep"],"campfire_rested":0,"item_purchase_floors":[6,6,6],"current_hp_per_floor":[63,60,60,46,42,42,42,42,42,42,28,28,8,0],"gold":26,"neow_bonus":"BOSS_RELIC","is_prod":false,"is_daily":false,"chose_seed":false,"campfire_upgraded":3,"win_rate":0,"timestamp":1548916255,"path_taken":["M","?","?","?","M","$","R","?","T","R","?","R","E","M"],"build_version":"2019-01-23","purchased_purges":0,"victory":false,"max_hp_per_floor":[70,70,70,70,70,70,70,70,70,70,70,70,70,70],"card_choices":[{"not_picked":["Slice","Deflect"],"picked":"Blade Dance","floor":0},{"not_picked":["Eviscerate","PiercingWail"],"picked":"Finisher","floor":0},{"not_picked":["Calculated Gamble","Setup"],"picked":"Blade Dance","floor":0},{"not_picked":["Distraction","Expertise"],"picked":"Cloak And Dagger","floor":0},{"not_picked":["PiercingWail","Quick Slash"],"picked":"Cloak And Dagger","floor":0},{"not_picked":["Sucker Punch","Crippling Poison","PiercingWail"],"picked":"SKIP","floor":1},{"not_picked":["PiercingWail","Eviscerate"],"picked":"Backstab","floor":4},{"not_picked":["Outmaneuver","Noxious Fumes","Calculated Gamble"],"picked":"SKIP","floor":5},{"not_picked":["Calculated Gamble","Endless Agony","Acrobatics"],"picked":"SKIP","floor":13}],"player_experience":539670,"relics_obtained":[{"floor":9,"key":"Potion Belt"},{"floor":13,"key":"Bag of Preparation"}],"event_choices":[{"damage_healed":0,"gold_gain":0,"player_choice":"Success","damage_taken":3,"relics_obtained":["Dream Catcher"],"max_hp_gain":0,"max_hp_loss":0,"event_name":"Scrap Ooze","floor":2,"gold_loss":0},{"damage_healed":0,"gold_gain":275,"player_choice":"Desecrate","damage_taken":0,"max_hp_gain":0,"max_hp_loss":0,"event_name":"Golden Shrine","floor":3,"gold_loss":0,"cards_obtained":["Regret"]},{"damage_healed":0,"gold_gain":0,"player_choice":"Ignored","damage_taken":0,"max_hp_gain":0,"max_hp_loss":0,"event_name":"Liars Game","floor":8,"gold_loss":0},{"damage_healed":0,"gold_gain":0,"player_choice":"Entered Light","damage_taken":14,"max_hp_gain":0,"max_hp_loss":0,"event_name":"Shining Light","floor":11,"gold_loss":0,"cards_upgraded":["Leg Sweep","Strike_G"]}],"is_beta":true,"boss_relics":[],"items_purged_floors":[],"is_endless":false,"potions_floor_spawned":[13],"killed_by":"Looter","ascension_level":12}