{"gold_per_floor":[117,135,65,15,29,58,113,113],"floor_reached":8,"playtime":235,"items_purged":[],"score":90,"play_id":"fca7eb9c-fc01-4ce6-b8e1-2c86078ccea3","local_time":"20190212204058","is_ascension_mode":true,"campfire_choices":[],"neow_cost":"NONE","seed_source_timestamp":439453115220372,"circlet_count":0,"master_deck":["AscendersBane","Strike_B","Strike_B","Strike_B","Strike_B","Defend_B","Defend_B","Defend_B","Zap","Dualcast","Capacitor","Conserve Battery","Defragment","Conserve Battery","Go for the Eyes","Sweeping Beam"],"relics":["Cracked Core","NeowsBlessing","Bag of Preparation","Vajra"],"potions_floor_usage":[6,7],"damage_taken":[{"damage":0,"enemies":"Jaw Worm","floor":1,"turns":1},{"damage":0,"enemies":"2 Louse","floor":2,"turns":1},{"damage":0,"enemies":"Cultist","floor":5,"turns":1},{"damage":38,"enemies":"Gremlin Nob","floor":6,"turns":5},{"damage":29,"enemies":"3 Sentries","floor":7,"turns":8},{"damage":8,"enemies":"Blue Slaver","floor":8,"turns":1}],"seed_played":"-1265003711320073285","potions_obtained":[{"floor":1,"key":"SteroidPotion"},{"floor":2,"key":"FearPotion"}],"is_trial":false,"path_per_floor":["M","M","$","?","M","E","?","M"],"character_chosen":"DEFECT","items_purchased":["Defragment"],"campfire_rested":0,"item_purchase_floors":[3],"current_hp_per_floor":[68,68,68,68,68,30,1,0],"gold":113,"neow_bonus":"THREE_ENEMY_KILL","is_prod":false,"is_daily":false,"chose_seed":false,"campfire_upgraded":0,"win_rate":0,"timestamp":1550032858,"path_taken":["M","M","$","?","M","E","?","M"],"build_version":"2019-01-23","purchased_purges":0,"victory":false,"max_hp_per_floor":[75,75,75,75,75,75,75,75],"card_choices":[{"not_picked":["Rebound","Stack"],"picked":"Capacitor","floor":1},{"not_picked":["Hologram","Stack"],"picked":"Conserve Battery","floor":2},{"not_picked":["Stack","Turbo"],"picked":"Conserve Battery","floor":5},{"not_picked":["Gash","Ball Lightning"],"picked":"Go for the Eyes","floor":6},{"not_picked":["Beam Cell","Streamline"],"picked":"Sweeping Beam","floor":7}],"player_experience":321375,"relics_obtained":[{"floor":6,"key":"Bag of Preparation"},{"floor":7,"key":"Vajra"}],"event_choices":[{"cards_removed":["Defend_B"],"damage_healed":0,"gold_gain":0,"player_choice":"Card Removal","damage_taken":0,"max_hp_gain":0,"max_hp_loss":0,"event_name":"The Cleric","floor":4,"gold_loss":50},{"damage_healed":0,"gold_gain":0,"player_choice":"Searched \u00271\u0027 times","damage_taken":0,"max_hp_gain":0,"max_hp_loss":0,"event_name":"Dead Adventurer","floor":7,"gold_loss":0}],"is_beta":false,"boss_relics":[],"items_purged_floors":[],"is_endless":false,"potions_floor_spawned":[1,2],"killed_by":"Blue Slaver","ascension_level":12}