{"gold_per_floor":[116,131,206,225,237,237,237,266,320,320,47,67,67,79,79,155,155,166,166,81,129,129,162,162,162,162,173,186,186,186,84,84,159,209,226,226,226,245,12,12,12,23,48,61,61,23,23,53,53,53],"floor_reached":51,"playtime":3146,"items_purged":["Writhe"],"score":1322,"play_id":"59168fb2-ca49-496e-9980-47e7059a5844","local_time":"20190210010429","is_ascension_mode":true,"campfire_choices":[{"data":"Sunder","floor":6.0,"key":"SMITH"},{"data":"Buffer","floor":10.0,"key":"SMITH"},{"data":"Defragment","floor":13,"key":"SMITH"},{"data":"Zap","floor":15,"key":"SMITH"},{"data":"Biased Cognition","floor":24,"key":"SMITH"},{"data":"Hologram","floor":29,"key":"SMITH"},{"data":"Loop","floor":32,"key":"SMITH"},{"data":"Beam Cell","floor":40,"key":"SMITH"},{"data":"Hologram","floor":47,"key":"SMITH"},{"data":"Loop","floor":49,"key":"SMITH"}],"neow_cost":"TEN_PERCENT_HP_LOSS","seed_source_timestamp":1563130423932138,"circlet_count":0,"master_deck":["AscendersBane","Defend_B+1","Defend_B+1","Defend_B+1","Defend_B+1","Zap+1","Dualcast","Buffer+1","Scrape","Steam","Sunder+1","Leap","Defragment+1","Chill","Biased Cognition+1","Beam Cell+1","Gash+1","Machine Learning","Conserve Battery","Hologram+1","Coolheaded","Loop+1","Buffer+1","Cold Snap","Core Surge","Amplify","Hologram+1","Loop+1"],"special_seed":0,"relics":["Cracked Core","Kunai","Centennial Puzzle","ClockworkSouvenir","Velvet Choker","Vajra","Whetstone","Oddly Smooth Stone","The Courier","Tiny House","Smiling Mask","Bag of Preparation"],"potions_floor_usage":[16,16,23,50,50],"damage_taken":[{"damage":8.0,"enemies":"Small Slimes","floor":1.0,"turns":3.0},{"damage":0.0,"enemies":"2 Louse","floor":2.0,"turns":2.0},{"damage":2.0,"enemies":"Jaw Worm","floor":4.0,"turns":3.0},{"damage":0.0,"enemies":"Looter","floor":5.0,"turns":4.0},{"damage":5.0,"enemies":"3 Sentries","floor":8.0,"turns":5.0},{"damage":1,"enemies":"2 Fungi Beasts","floor":12,"turns":2},{"damage":0,"enemies":"Large Slime","floor":14,"turns":5},{"damage":0,"enemies":"Slime Boss","floor":16,"turns":6},{"damage":0,"enemies":"Shell Parasite","floor":18,"turns":6},{"damage":0,"enemies":"Slavers","floor":23,"turns":7},{"damage":12,"enemies":"3 Byrds","floor":27,"turns":3},{"damage":0,"enemies":"Shelled Parasite and Fungi","floor":28,"turns":5},{"damage":7,"enemies":"Automaton","floor":33,"turns":11},{"damage":4,"enemies":"3 Darklings","floor":35,"turns":9},{"damage":4,"enemies":"Orb Walker","floor":38,"turns":4},{"damage":1,"enemies":"Transient","floor":42,"turns":5},{"damage":4,"enemies":"3 Darklings","floor":44,"turns":7},{"damage":0,"enemies":"Giant Head","floor":48,"turns":12},{"damage":45,"enemies":"Awakened One","floor":50,"turns":24}],"seed_played":"-7863968248972823882","potions_obtained":[{"floor":2.0,"key":"GamblersBrew"},{"floor":8.0,"key":"Poison Potion"},{"floor":18,"key":"Weak Potion"},{"floor":33,"key":"Energy Potion"},{"floor":34,"key":"SteroidPotion"},{"floor":35,"key":"SkillPotion"},{"floor":41,"key":"FocusPotion"},{"floor":41,"key":"SpeedPotion"}],"is_trial":false,"path_per_floor":["M","M","?","M","M","R","?","E","T","R","$","M","R","M","R","B",null,"M","?","?","T","$","E","R","?","T","M","M","R","?","$","R","B",null,"M","?","?","M","$","R","?","M","T","M","?","$","R","E","R","B",null],"character_chosen":"DEFECT","items_purchased":["Defragment","ClockworkSouvenir","Coolheaded","Loop","Core Surge","Amplify","Hologram"],"campfire_rested":0,"item_purchase_floors":[11,11,31,31,39,39,46],"current_hp_per_floor":[56,56,45,43,43,43,43,38,38,38,38,37,37,37,37,37,57,57,57,57,57,57,57,57,57,57,45,45,45,45,45,45,38,63,59,59,69,65,65,65,65,64,64,60,60,60,60,60,60,15],"gold":53,"neow_bonus":"TRANSFORM_TWO_CARDS","is_prod":false,"is_daily":false,"chose_seed":false,"campfire_upgraded":10,"win_rate":0,"timestamp":1549728269,"path_taken":["M","M","?","M","M","R","?","E","T","R","$","M","R","M","R","BOSS","M","?","?","?","?","E","R","?","T","M","M","R","?","$","R","BOSS","M","?","?","M","$","R","?","M","T","?","?","?","R","E","R","BOSS"],"build_version":"2019-01-23","purchased_purges":1,"victory":true,"max_hp_per_floor":[64,64,64,64,64,64,64,64,64,64,64,64,64,64,64,64,64,64,64,64,64,64,64,64,64,64,64,64,64,64,64,64,64,69,69,69,69,69,69,69,69,69,69,69,69,69,69,69,69,69],"card_choices":[{"not_picked":["Beam Cell","Stack"],"picked":"Steam","floor":1.0},{"not_picked":["Turbo","Force Field"],"picked":"Rebound","floor":2.0},{"not_picked":["Force Field","Go for the Eyes"],"picked":"Sunder","floor":4.0},{"not_picked":["Streamline","Lockon","Rebound"],"picked":"SKIP","floor":5.0},{"not_picked":["Ball Lightning","Beam Cell"],"picked":"Leap","floor":8.0},{"not_picked":["Sweeping Beam","Streamline","Turbo"],"picked":"SKIP","floor":12},{"not_picked":["Static Discharge","Conserve Battery"],"picked":"Chill","floor":14},{"not_picked":["Reboot","Hyperbeam"],"picked":"Biased Cognition","floor":16},{"not_picked":["Heatsinks","Static Discharge","Rebound"],"picked":"SKIP","floor":18},{"not_picked":["Go for the Eyes","Redo"],"picked":"Machine Learning","floor":23},{"not_picked":["Compile Driver","Rebound"],"picked":"Conserve Battery","floor":27},{"not_picked":["Sweeping Beam","Ball Lightning"],"picked":"Hologram","floor":28},{"not_picked":["Machine Learning","Thunder Strike"],"picked":"Buffer","floor":33},{"not_picked":["Redo","Storm"],"picked":"Cold Snap","floor":35},{"not_picked":["Aggregate","Chill","Fusion+1"],"picked":"SKIP","floor":38},{"not_picked":["Rip and Tear","Auto Shields+1","Steam"],"picked":"SKIP","floor":42},{"not_picked":["Gash","Streamline","Sweeping Beam+1"],"picked":"SKIP","floor":44},{"not_picked":["Skim+1","Electrodynamics"],"picked":"Loop","floor":48}],"player_experience":953138,"relics_obtained":[{"floor":8.0,"key":"Kunai"},{"floor":9.0,"key":"Centennial Puzzle"},{"floor":21,"key":"Whetstone"},{"floor":23,"key":"Oddly Smooth Stone"},{"floor":26,"key":"The Courier"},{"floor":43,"key":"Smiling Mask"},{"floor":48,"key":"Bag of Preparation"}],"event_choices":[{"damage_healed":0.0,"max_hp_gain":0.0,"max_hp_loss":0.0,"gold_gain":75.0,"event_name":"World of Goop","player_choice":"Gather Gold","floor":3.0,"gold_loss":0.0,"damage_taken":11.0},{"damage_healed":0.0,"max_hp_gain":0.0,"max_hp_loss":0.0,"gold_gain":0.0,"event_name":"Liars Game","player_choice":"Ignored","floor":7.0,"gold_loss":0.0,"damage_taken":0.0},{"damage_healed":0,"gold_gain":0,"cards_transformed":["Strike_B","Strike_B"],"player_choice":"Became Test Subject","damage_taken":0,"max_hp_gain":0,"max_hp_loss":0,"event_name":"Drug Dealer","floor":19,"gold_loss":0,"cards_obtained":["Beam Cell","Gash"]},{"damage_healed":0,"gold_gain":0,"player_choice":"Obtained Relic","damage_taken":0,"relics_obtained":["Vajra"],"max_hp_gain":0,"max_hp_loss":0,"event_name":"Addict","floor":20,"gold_loss":85},{"damage_healed":0,"gold_gain":0,"player_choice":"Ignored","damage_taken":0,"max_hp_gain":0,"max_hp_loss":0,"event_name":"Vampires","floor":25,"gold_loss":0},{"damage_healed":0,"gold_gain":0,"player_choice":"Simplicity","damage_taken":0,"max_hp_gain":0,"max_hp_loss":0,"event_name":"Back to Basics","floor":30,"gold_loss":0,"cards_upgraded":["Defend_B","Defend_B","Defend_B","Defend_B"]},{"damage_healed":0,"gold_gain":0,"player_choice":"Ignored","damage_taken":0,"max_hp_gain":0,"max_hp_loss":0,"event_name":"Tomb of Lord Red Mask","floor":36,"gold_loss":0},{"damage_healed":14,"gold_gain":0,"player_choice":"Writhe","damage_taken":0,"max_hp_gain":0,"max_hp_loss":0,"event_name":"Winding Halls","floor":37,"gold_loss":0,"cards_obtained":["Writhe"]},{"damage_healed":0,"gold_gain":0,"player_choice":"Got Potions","damage_taken":0,"max_hp_gain":0,"max_hp_loss":0,"event_name":"Lab","floor":41,"gold_loss":0},{"cards_removed":["Rebound"],"damage_healed":0,"gold_gain":0,"player_choice":"Removed Attack","damage_taken":0,"max_hp_gain":0,"max_hp_loss":0,"event_name":"Falling","floor":45,"gold_loss":0}],"is_beta":false,"boss_relics":[{"not_picked":["Empty Cage","Black Star"],"picked":"Velvet Choker"},{"not_picked":["Philosopher\u0027s Stone","Orrery"],"picked":"Tiny House"}],"items_purged_floors":[39],"is_endless":false,"potions_floor_spawned":[2,8,18,33,35,42],"ascension_level":15}