{"gold_per_floor":[114,129,79,94,94,124,124,31,86,86,86,101,116,131,131,231,231,246,246,261,261,276,276,306,306,331,346,361,376,391,51,51,151,151,166,186,186,201,216,23,23,23,23,53,68,83,98,113,113,113],"floor_reached":51,"playtime":2850,"items_purged":["Writhe","Shame"],"score":955,"play_id":"621987ed-9784-4519-93f3-9c5c5ac507d2","local_time":"20190212213230","daily_mods":["Cursed Run","Uncertain Future","Night Terrors"],"is_ascension_mode":false,"campfire_choices":[{"data":"Heavy Blade","floor":7.0,"key":"SMITH"},{"data":"Inflame","floor":10.0,"key":"SMITH"},{"data":"Barricade","floor":15.0,"key":"SMITH"},{"data":"Limit Break","floor":23.0,"key":"SMITH"},{"floor":25,"key":"REST"},{"data":"Whirlwind","floor":32,"key":"SMITH"},{"data":"Demon Form","floor":42,"key":"SMITH"},{"data":"Whirlwind","floor":49,"key":"SMITH"}],"neow_cost":"","seed_source_timestamp":0,"circlet_count":0,"master_deck":["Defend_R","Defend_R","Defend_R","Bash+1","Heavy Blade+1","Pummel+1","Flame Barrier","Inflame+1","Shrug It Off+1","Doubt","Barricade+1","Seeing Red","Whirlwind+1","Limit Break+1","Sword Boomerang+1","Corruption+1","Impervious+1","Body Slam+1","Reaper","Reckless Charge","Rage","Inflame","Shrug It Off+1","Juggernaut","Injury","Demon Form+1","Whirlwind+1","Seeing Red+1","Discovery","Regret","Parasite","Power Through","Demon Form","Entrench+1","Doubt"],"special_seed":17940,"relics":["Cursed Key","Darkstone Periapt","Du-Vu Doll","Matryoshka","Vajra","Astrolabe","Nloth\u0027s Gift","The Courier","Dream Catcher","Whetstone","Chemical X","Pen Nib","Coffee Dripper","Calipers","Blood Vial","Bag of Marbles","Ancient Tea Set"],"potions_floor_usage":[39,44,50,50,50,50,50],"damage_taken":[{"damage":1.0,"enemies":"Jaw Worm","floor":1.0,"turns":3.0},{"damage":0.0,"enemies":"Small Slimes","floor":2.0,"turns":3.0},{"damage":2.0,"enemies":"2 Louse","floor":4.0,"turns":2.0},{"damage":3.0,"enemies":"Gremlin Nob","floor":6.0,"turns":3.0},{"damage":1.0,"enemies":"Lots of Slimes","floor":12.0,"turns":5.0},{"damage":0.0,"enemies":"2 Fungi Beasts","floor":13.0,"turns":3.0},{"damage":0.0,"enemies":"Blue Slaver","floor":14.0,"turns":3.0},{"damage":0.0,"enemies":"Slime Boss","floor":16.0,"turns":7.0},{"damage":11.0,"enemies":"2 Thieves","floor":18.0,"turns":4.0},{"damage":0.0,"enemies":"Spheric Guardian","floor":20.0,"turns":2.0},{"damage":19.0,"enemies":"Centurion and Healer","floor":22.0,"turns":2.0},{"damage":39.0,"enemies":"Book of Stabbing","floor":24.0,"turns":5.0},{"damage":12,"enemies":"Shelled Parasite and Fungi","floor":27,"turns":2},{"damage":0,"enemies":"Snake Plant","floor":28,"turns":2},{"damage":0,"enemies":"Snecko","floor":29,"turns":2},{"damage":0,"enemies":"3 Cultists","floor":30,"turns":3},{"damage":23,"enemies":"Automaton","floor":33,"turns":8},{"damage":0,"enemies":"3 Darklings","floor":35,"turns":1},{"damage":28,"enemies":"2 Orb Walkers","floor":36,"turns":4},{"damage":23,"enemies":"3 Shapes","floor":38,"turns":3},{"damage":0,"enemies":"Sphere and 2 Shapes","floor":39,"turns":1},{"damage":0,"enemies":"Nemesis","floor":44,"turns":5},{"damage":25,"enemies":"3 Darklings","floor":45,"turns":3},{"damage":0,"enemies":"Maw","floor":46,"turns":3},{"damage":5,"enemies":"Jaw Worm Horde","floor":47,"turns":3},{"damage":19,"enemies":"Writhing Mass","floor":48,"turns":4},{"damage":46,"enemies":"Time Eater","floor":50,"turns":7}],"seed_played":"420993889476971038","potions_obtained":[{"floor":1.0,"key":"Explosive Potion"},{"floor":2.0,"key":"Dexterity Potion"},{"floor":14.0,"key":"PowerPotion"},{"floor":16.0,"key":"Block Potion"},{"floor":20.0,"key":"SteroidPotion"},{"floor":22.0,"key":"Poison Potion"},{"floor":28,"key":"Weak Potion"},{"floor":30,"key":"SpeedPotion"},{"floor":36,"key":"AttackPotion"},{"floor":38,"key":"EssenceOfSteel"},{"floor":45,"key":"Weak Potion"},{"floor":46,"key":"SteroidPotion"},{"floor":47,"key":"EntropicBrew"}],"is_trial":false,"path_per_floor":["M","M","?","M","?","E","R","$","T","R","?","M","M","M","R","B",null,"M","?","M","?","M","R","E","R","T","M","M","M","M","$","R","B",null,"M","?","?","M","M","$","T","R","T","E","M","M","M","M","R","B",null],"character_chosen":"IRONCLAD","items_purchased":["Inflame","Shrug It Off","Chemical X","Pen Nib","Discovery","SteroidPotion"],"campfire_rested":1,"item_purchase_floors":[8,8,31,31,40,40],"current_hp_per_floor":[79,79,79,77,70,67,67,67,73,73,56,55,55,55,55,61,92,81,81,81,81,62,62,23,87,93,81,81,81,93,93,93,76,99,99,71,71,48,48,48,54,54,60,62,94,96,93,76,76,48],"gold":113,"neow_bonus":"","is_prod":false,"is_daily":true,"chose_seed":false,"campfire_upgraded":7,"win_rate":0,"timestamp":1550028750,"path_taken":["M","M","?","M","?","E","R","$","T","R","?","M","M","M","R","BOSS","M","?","?","?","M","R","E","R","T","M","M","M","M","$","R","BOSS","M","?","?","M","M","$","?","R","T","E","M","M","M","M","R","BOSS"],"build_version":"2019-01-23","purchased_purges":2,"victory":true,"max_hp_per_floor":[80,80,80,80,80,80,80,80,86,86,86,86,86,86,86,92,92,92,92,92,92,92,92,92,87,93,93,93,93,93,93,93,99,99,99,99,99,99,99,99,105,105,111,111,111,111,111,111,111,117],"card_choices":[{"not_picked":["Pummel","Warcry"],"picked":"Evolve","floor":1.0},{"not_picked":["Evolve","Headbutt"],"picked":"Heavy Blade","floor":2.0},{"not_picked":["Clothesline","Flex"],"picked":"Pummel","floor":4.0},{"not_picked":["Iron Wave","Cleave"],"picked":"Flame Barrier","floor":6.0},{"not_picked":["Flex","Anger"],"picked":"Barricade","floor":12.0},{"not_picked":["Flame Barrier","Iron Wave"],"picked":"Seeing Red","floor":13.0},{"not_picked":["Sword Boomerang","Warcry"],"picked":"Whirlwind","floor":14.0},{"not_picked":["Exhume","Berserk"],"picked":"Limit Break","floor":16.0},{"not_picked":["Clash","Sword Boomerang+1"],"picked":"Body Slam+1","floor":18.0},{"not_picked":["Cleave+1","Clothesline"],"picked":"Reaper","floor":20.0},{"not_picked":["Searing Blow","Perfected Strike","Thunderclap"],"picked":"SKIP","floor":22.0},{"not_picked":["Pommel Strike","Offering"],"picked":"Inflame","floor":24},{"not_picked":["Reckless Charge","Iron Wave"],"picked":"Shrug It Off+1","floor":27},{"not_picked":["Wild Strike","Searing Blow+1","Anger"],"picked":"SKIP","floor":28},{"not_picked":["True Grit","Anger"],"picked":"Juggernaut","floor":29},{"not_picked":["Feel No Pain","Headbutt","Warcry"],"picked":"SKIP","floor":30},{"not_picked":["Offering","Immolate"],"picked":"Demon Form","floor":33},{"not_picked":["Clash","Anger+1","Havoc"],"picked":"SKIP","floor":35},{"not_picked":["Dual Wield","Headbutt+1"],"picked":"Whirlwind","floor":36},{"not_picked":["Iron Wave+1","Twin Strike+1","Thunderclap"],"picked":"SKIP","floor":38},{"not_picked":["Disarm+1","Sever Soul+1"],"picked":"Seeing Red+1","floor":39},{"not_picked":["Clothesline","Clash","Flex+1"],"picked":"SKIP","floor":44},{"not_picked":["Clothesline","Flex+1"],"picked":"Power Through","floor":45},{"not_picked":["Clothesline+1","Clash"],"picked":"Demon Form","floor":46},{"not_picked":["Dual Wield+1","Perfected Strike"],"picked":"Entrench+1","floor":47},{"not_picked":["Feel No Pain","Burning Pact","Evolve"],"picked":"SKIP","floor":48}],"player_experience":59207,"relics_obtained":[{"floor":6.0,"key":"Matryoshka"},{"floor":9.0,"key":"Tiny Chest"},{"floor":9.0,"key":"Vajra"},{"floor":24,"key":"The Courier"},{"floor":26,"key":"Dream Catcher"},{"floor":26,"key":"Whetstone"},{"floor":36,"key":"Calipers"},{"floor":41,"key":"Blood Vial"},{"floor":43,"key":"Bag of Marbles"},{"floor":44,"key":"Ancient Tea Set"}],"event_choices":[{"cards_removed":["Strike_R"],"damage_healed":0.0,"max_hp_gain":0.0,"max_hp_loss":0.0,"gold_gain":0.0,"event_name":"The Cleric","player_choice":"Card Removal","floor":3.0,"gold_loss":50.0,"damage_taken":0.0},{"cards_removed":["Strike_R"],"damage_healed":0.0,"max_hp_gain":0.0,"max_hp_loss":0.0,"gold_gain":0.0,"event_name":"Golden Wing","player_choice":"Card Removal","floor":5.0,"gold_loss":0.0,"damage_taken":7.0},{"damage_healed":0.0,"max_hp_gain":0.0,"max_hp_loss":0.0,"gold_gain":0.0,"event_name":"Shining Light","player_choice":"Entered Light","floor":11.0,"gold_loss":0.0,"damage_taken":17.0,"cards_upgraded":["Strike_R","Shrug It Off"]},{"damage_healed":0.0,"max_hp_gain":0.0,"max_hp_loss":0.0,"gold_gain":0.0,"event_name":"N\u0027loth","player_choice":"Traded Relic","floor":19.0,"relics_lost":["Tiny Chest"],"gold_loss":0.0,"damage_taken":0.0,"relics_obtained":["Nloth\u0027s Gift"]},{"damage_healed":0.0,"max_hp_gain":0.0,"max_hp_loss":0.0,"gold_gain":0.0,"cards_transformed":["Evolve","Defend_R"],"event_name":"Drug Dealer","player_choice":"Became Test Subject","floor":21.0,"gold_loss":0.0,"damage_taken":0.0,"cards_obtained":["Reckless Charge","Rage"]},{"damage_healed":0,"gold_gain":0,"player_choice":"Fight","damage_taken":0,"max_hp_gain":0,"max_hp_loss":0,"event_name":"Mysterious Sphere","floor":36,"gold_loss":0},{"damage_healed":0,"gold_gain":0,"player_choice":"Ignored","damage_taken":0,"max_hp_gain":0,"max_hp_loss":0,"event_name":"Tomb of Lord Red Mask","floor":37,"gold_loss":0}],"is_beta":false,"boss_relics":[{"not_picked":["Velvet Choker","Eternal Feather"],"picked":"Astrolabe"},{"not_picked":["Black Star","Fusion Hammer"],"picked":"Coffee Dripper"}],"items_purged_floors":[31,40],"is_endless":false,"potions_floor_spawned":[1,2,14,16,20,22,28,30,36,38,45,46,47],"ascension_level":0}