{"path_per_floor":["M","M","?","?","M","R","$","M","T","?","E","M","M","E","R"],"character_chosen":"DEFECT","items_purchased":["Du-Vu Doll","Panache","Flash of Steel"],"gold_per_floor":[117,133,383,558,577,577,6,21,93,93,122,132,145,173,173,173],"floor_reached":16,"campfire_rested":0,"playtime":577,"current_hp_per_floor":[73,72,72,72,72,72,72,60,60,60,57,49,43,19,19,0],"items_purged":[],"gold":173,"score":123,"play_id":"981a0f7b-ad3b-4e0d-8667-ad465bc65cc7","local_time":"20180512033842","is_prod":false,"is_daily":false,"chose_seed":false,"is_ascension_mode":true,"campfire_upgraded":2,"timestamp":1526092722,"path_taken":["M","M","?","?","M","R","$","?","T","?","E","M","?","E","R","BOSS"],"build_version":"2018-05-10","seed_source_timestamp":34744329921280,"purchased_purges":0,"victory":false,"master_deck":["Strike_B","Strike_B","Strike_B","Strike_B","Defend_B","Defend_B","Defend_B","Defend_B","Zap","Dualcast","Hyperbeam+1","Skim","Regret","Doubt","Melter","Panache","Flash of Steel","Streamline","Conserve Battery","Machine Learning","Aggregate+1"],"max_hp_per_floor":[75,75,75,75,75,75,75,75,75,75,75,75,75,75,75,75],"relics":["Cracked Core","Du-Vu Doll","Mummified Hand","DataDisk","Gremlin Horn"],"card_choices":[{"not_picked":["Reinforced Body","Cold Snap"],"picked":"Skim","floor":1},{"not_picked":["Doom and Gloom","Force Field"],"picked":"Melter","floor":5},{"not_picked":["Impulse","Lockon"],"picked":"Streamline","floor":8},{"not_picked":["Coolheaded","Storm"],"picked":"Conserve Battery","floor":11},{"not_picked":["Steam","Rebound"],"picked":"Machine Learning","floor":13},{"not_picked":["Capacitor","Tempest"],"picked":"Aggregate","floor":14}],"player_experience":135746,"potions_floor_usage":[11,14,16],"damage_taken":[{"damage":2,"enemies":"Jaw Worm","floor":1,"turns":3},{"damage":1,"enemies":"Cultist","floor":2,"turns":3},{"damage":0,"enemies":"Small Slimes","floor":5,"turns":2},{"damage":12,"enemies":"Exordium Wildlife","floor":8,"turns":2},{"damage":3,"enemies":"3 Sentries","floor":11,"turns":2},{"damage":8,"enemies":"Lots of Slimes","floor":12,"turns":3},{"damage":6,"enemies":"Exordium Thugs","floor":13,"turns":2},{"damage":24,"enemies":"Lagavulin","floor":14,"turns":5},{"damage":20,"enemies":"Hexaghost","floor":16,"turns":7}],"event_choices":[{"event_name":"Golden Shrine","player_choice":"Desecrate","floor":3,"damage_taken":0},{"event_name":"Liars Game","player_choice":"agreed","floor":4,"damage_taken":0},{"event_name":"Match and Keep!","player_choice":"0 cards matched","floor":10,"damage_taken":0}],"boss_relics":[],"potions_floor_spawned":[1,11,12,13],"seed_played":"903112931938043359","killed_by":"Hexaghost","ascension_level":2,"is_trial":false}