{"path_per_floor":["M","M","?","?","T","R","E","R","T","E","M","M","R","$","R","B",null,"M","?","M","$","?","R","?","R","T","R","M","M","M"],"character_chosen":"THE_SILENT","items_purchased":["Apotheosis"],"gold_per_floor":[113,130,130,130,130,130,157,157,157,183,199,211,211,19,19,116,146,162,87,106,31,31,31,31,31,31,31,45,64,81,81],"floor_reached":31,"campfire_rested":2,"playtime":1181,"item_purchase_floors":[14],"current_hp_per_floor":[68,68,54,54,54,54,47,47,57,32,32,32,32,32,56,54,80,48,48,34,34,34,34,18,41,41,41,14,25,9,0],"items_purged":["Injury"],"gold":81,"score":292,"play_id":"34793ab3-c483-4e35-b6e8-0df683e1ce17","local_time":"20180603222918","is_prod":false,"is_daily":false,"chose_seed":false,"is_ascension_mode":true,"campfire_upgraded":3,"win_rate":0,"timestamp":1528061358,"campfire_choices":[{"data":"Caltrops","floor":6,"key":"SMITH"},{"data":"Riddle With Holes","floor":8,"key":"SMITH"},{"data":"Escape Plan","floor":13,"key":"SMITH"},{"floor":15,"key":"REST"},{"floor":23,"key":"DIG"},{"floor":25,"key":"REST"},{"floor":27,"key":"DIG"}],"path_taken":["M","M","?","?","?","R","E","R","T","E","M","M","R","$","R","BOSS","M","?","M","$","?","R","?","R","T","R","M","?","M","M"],"build_version":"2018-05-30v2","seed_source_timestamp":1856676994829345,"purchased_purges":1,"victory":false,"master_deck":["Defend_G","Defend_G","Defend_G","Defend_G","Defend_G","Strike_G","Strike_G+1","Strike_G","Strike_G+1","Strike_G","Survivor","Neutralize","Caltrops+1","Bouncing Flask+1","Riddle With Holes+1","PiercingWail","Escape Plan+1","Apotheosis","Bullet Time","Catalyst","PiercingWail+1","Bane","Tools of the Trade"],"max_hp_per_floor":[70,70,70,70,70,70,70,70,80,80,80,80,80,80,80,80,80,80,80,80,80,77,77,77,77,77,77,79,79,79,79],"relics":["Ring of the Snake","Pen Nib","Dodecahedron","Pear","Calipers","Calling Bell","Tiny Chest","Kunai","Shovel","Art of War","Nilry\u0027s Codex","Singing Bowl","Regal Pillow"],"card_choices":[{"not_picked":["Underhanded Strike","Outmaneuver"],"picked":"Caltrops","floor":1},{"not_picked":["Heel Hook","Deflect"],"picked":"Bouncing Flask","floor":2},{"not_picked":["Cloak And Dagger","Bane"],"picked":"Riddle With Holes","floor":7},{"not_picked":["Dodge and Roll","Slice","Deflect"],"picked":"SKIP","floor":10},{"not_picked":["Flying Knee","Corpse Explosion"],"picked":"PiercingWail","floor":11},{"not_picked":["Deadly Poison","Predator"],"picked":"Escape Plan","floor":12},{"not_picked":["Corpse Explosion","A Thousand Cuts"],"picked":"Bullet Time","floor":16},{"not_picked":["Backflip","Escape Plan"],"picked":"Catalyst","floor":18},{"not_picked":["Deflect","Riddle With Holes"],"picked":"PiercingWail+1","floor":20},{"not_picked":["Blade Dance","PiercingWail","Underhanded Strike"],"picked":"Singing Bowl","floor":28},{"not_picked":["Blur","Cloak And Dagger"],"picked":"Bane","floor":29},{"not_picked":["Blade Dance+1","Calculated Gamble"],"picked":"Tools of the Trade","floor":30}],"player_experience":236194,"potions_floor_usage":[10,28,29],"damage_taken":[{"damage":2,"enemies":"Jaw Worm","floor":1,"turns":5},{"damage":0,"enemies":"2 Louse","floor":2,"turns":4},{"damage":7,"enemies":"Lagavulin","floor":7,"turns":5},{"damage":25,"enemies":"Gremlin Nob","floor":10,"turns":4},{"damage":0,"enemies":"Small Slimes","floor":11,"turns":2},{"damage":0,"enemies":"3 Louse","floor":12,"turns":3},{"damage":2,"enemies":"The Guardian","floor":16,"turns":8},{"damage":32,"enemies":"Spheric Guardian","floor":18,"turns":5},{"damage":14,"enemies":"Chosen","floor":20,"turns":5},{"damage":29,"enemies":"Snecko","floor":28,"turns":5},{"damage":3,"enemies":"Chosen and Byrds","floor":29,"turns":8},{"damage":16,"enemies":"Snake Plant","floor":30,"turns":4},{"damage":16,"enemies":"Snecko","floor":31,"turns":3}],"relics_obtained":[{"floor":5,"key":"Pen Nib"},{"floor":7,"key":"Dodecahedron"},{"floor":9,"key":"Pear"},{"floor":10,"key":"Calipers"},{"floor":17,"key":"Tiny Chest"},{"floor":17,"key":"Kunai"},{"floor":17,"key":"Shovel"},{"floor":23,"key":"Art of War"},{"floor":24,"key":"Nilry\u0027s Codex"},{"floor":26,"key":"Singing Bowl"},{"floor":27,"key":"Regal Pillow"}],"event_choices":[{"event_name":"Shining Light","player_choice":"Entered Light","floor":3,"damage_taken":0},{"event_name":"Living Wall","player_choice":"Grow","floor":4,"damage_taken":0},{"event_name":"Beggar","player_choice":"Gave Gold","floor":19,"damage_taken":0},{"event_name":"Back to Basics","player_choice":"Elegance","floor":22,"damage_taken":0},{"event_name":"Cursed Tome","player_choice":"Obtained Book","floor":24,"damage_taken":0}],"boss_relics":[{"not_picked":["Runic Pyramid","Tiny House"],"picked":"Calling Bell"}],"items_purged_floors":[21],"potions_floor_spawned":[7,10,28],"seed_played":"-5848889671124839213","killed_by":"Snecko","ascension_level":4,"potions_obtained":[{"floor":7,"key":"PowerPotion"},{"floor":10,"key":"Swift Potion"},{"floor":28,"key":"Regen Potion"}],"is_trial":false}