{"path_per_floor":["M","$","T","?","M","R","?","E","T","R","M","M","M","M","R","B",null,"M","$","M","M"],"character_chosen":"DEFECT","items_purchased":["Madness","Seek"],"gold_per_floor":[111,4,85,85,100,100,125,153,153,153,168,181,198,218,218,315,315,334,100,111,124,124],"floor_reached":22,"campfire_rested":1,"playtime":766,"current_hp_per_floor":[67,67,77,77,75,75,63,55,55,55,55,52,48,43,68,33,72,52,52,34,16,0],"items_purged":["Strike_B"],"gold":124,"score":254,"play_id":"6ea17f7e-fc81-4546-82ab-4037be731152","local_time":"20180513004048","is_prod":false,"is_daily":false,"chose_seed":false,"is_ascension_mode":true,"campfire_upgraded":2,"timestamp":1526197248,"path_taken":["M","$","?","?","?","R","?","E","T","R","M","M","?","M","R","BOSS","M","$","M","M","M"],"build_version":"2018-05-12v2","seed_source_timestamp":53887313123338,"purchased_purges":1,"victory":false,"master_deck":["Strike_B","Strike_B","Strike_B","Defend_B","Defend_B","Defend_B","Defend_B","Zap+1","Dualcast","Axe Kick+1","Madness","Ball Lightning+1","Seek","FTL","Seek","Skim+1","FTL+1"],"max_hp_per_floor":[75,75,85,85,85,85,85,85,85,85,85,85,85,85,85,85,85,85,85,85,85,85],"relics":["Cracked Core","Pear","Odd Mushroom","Vajra","Matryoshka","Runic Dome"],"card_choices":[{"not_picked":["Glacier","Beam Cell"],"picked":"Axe Kick","floor":1},{"not_picked":["Beam Cell","Scrape"],"picked":"Ball Lightning","floor":5},{"not_picked":["Stack","Capacitor"],"picked":"Seek","floor":8},{"not_picked":["Chill","Force Field","Hello World"],"picked":"SKIP","floor":11},{"not_picked":["Aggregate","Skim","Steam"],"picked":"SKIP","floor":12},{"not_picked":["Go for the Eyes","Cold Snap","Rebound"],"picked":"SKIP","floor":13},{"not_picked":["Barrage","Stack"],"picked":"FTL","floor":14},{"not_picked":["Coolheaded+1","Static Discharge","Skim"],"picked":"SKIP","floor":18},{"not_picked":["Hologram","Fusion"],"picked":"Skim+1","floor":20},{"not_picked":["Axe Kick","Glacier"],"picked":"FTL+1","floor":21}],"player_experience":233772,"potions_floor_usage":[8,12,16,16],"damage_taken":[{"damage":1,"enemies":"Cultist","floor":1,"turns":3},{"damage":2,"enemies":"2 Louse","floor":5,"turns":3},{"damage":12,"enemies":"The Mushroom Lair","floor":7,"turns":3},{"damage":8,"enemies":"3 Sentries","floor":8,"turns":5},{"damage":0,"enemies":"Small Slimes","floor":11,"turns":1},{"damage":3,"enemies":"Exordium Thugs","floor":12,"turns":2},{"damage":4,"enemies":"2 Fungi Beasts","floor":13,"turns":3},{"damage":5,"enemies":"Exordium Wildlife","floor":14,"turns":3},{"damage":35,"enemies":"The Guardian","floor":16,"turns":8},{"damage":20,"enemies":"Shell Parasite","floor":18,"turns":4},{"damage":18,"enemies":"2 Thieves","floor":20,"turns":3},{"damage":18,"enemies":"Snake Plant","floor":21,"turns":3},{"damage":27,"enemies":"Cultist and Chosen","floor":22,"turns":5}],"event_choices":[{"event_name":"Upgrade Shrine","player_choice":"Upgraded","floor":4,"damage_taken":0},{"event_name":"Mushrooms","player_choice":"Fought Mushrooms","floor":7,"damage_taken":0}],"boss_relics":[{"not_picked":["White Beast Statue","Black Star"],"picked":"Runic Dome"}],"potions_floor_spawned":[5,7,12,13,20],"seed_played":"-1836789818799838838","killed_by":"Cultist and Chosen","ascension_level":7,"is_trial":false}