{"gold_per_floor":[118,218,235,235,124,124,156,171,222,222],"floor_reached":10,"playtime":918,"items_purged":["Strike_G"],"score":76,"play_id":"b342954e-17aa-474e-8905-73d19bfbb6be","local_time":"20190203030151","is_ascension_mode":true,"campfire_choices":[{"floor":6,"key":"RECALL"}],"neow_cost":"NONE","seed_source_timestamp":2791458875353,"circlet_count":0,"master_deck":["Defend_G","Defend_G","Defend_G","Defend_G","Defend_G","Strike_G","Strike_G","Strike_G","Strike_G","Survivor","Neutralize","Blur","Infinite Blades","Cloak And Dagger","Blade Dance"],"relics":["Ring of the Snake","Orichalcum","Bottled Flame","Juzu Bracelet"],"potions_floor_usage":[7],"damage_taken":[{"damage":1,"enemies":"Jaw Worm","floor":1,"turns":5},{"damage":23,"enemies":"Cultist","floor":3,"turns":8},{"damage":42,"enemies":"Gremlin Nob","floor":7,"turns":6},{"damage":1,"enemies":"Small Slimes","floor":8,"turns":5},{"damage":18,"enemies":"Lagavulin","floor":10,"turns":8}],"seed_played":"6574202387708831681","potions_obtained":[{"floor":1,"key":"PowerPotion"},{"floor":3,"key":"Block Potion"}],"is_trial":false,"path_per_floor":["M","?","M","?","$","R","E","M","T","E"],"character_chosen":"THE_SILENT","items_purchased":["Infinite Blades"],"campfire_rested":0,"item_purchase_floors":[5],"current_hp_per_floor":[76,76,53,53,53,53,11,10,10,0],"gold":222,"neow_bonus":"TEN_PERCENT_HP_BONUS","is_prod":false,"is_daily":false,"chose_seed":false,"campfire_upgraded":0,"win_rate":0,"timestamp":1549159311,"path_taken":["M","?","?","?","?","R","E","M","T","E"],"build_version":"2019-01-23","purchased_purges":1,"victory":false,"max_hp_per_floor":[77,77,77,77,77,77,77,77,77,77],"card_choices":[{"not_picked":["Masterful Stab","Outmaneuver"],"picked":"Blur","floor":1},{"not_picked":["Dagger Throw","Finisher","Acrobatics"],"picked":"SKIP","floor":3},{"not_picked":["Phantasmal Killer","Doppelganger"],"picked":"Cloak And Dagger","floor":7},{"not_picked":["Acrobatics","Bouncing Flask"],"picked":"Blade Dance","floor":8}],"player_experience":203404,"relics_obtained":[{"floor":7,"key":"Bottled Flame"},{"floor":9,"key":"Juzu Bracelet"}],"event_choices":[{"damage_healed":0,"gold_gain":100,"player_choice":"Gold","damage_taken":0,"max_hp_gain":0,"max_hp_loss":0,"event_name":"Wheel of Change","floor":2,"gold_loss":0},{"damage_healed":0,"gold_gain":0,"player_choice":"Gave Potion","damage_taken":0,"relics_obtained":["Orichalcum"],"max_hp_gain":0,"max_hp_loss":0,"event_name":"WeMeetAgain","floor":4,"gold_loss":0}],"is_beta":false,"boss_relics":[],"items_purged_floors":[5],"is_endless":false,"potions_floor_spawned":[1,3],"killed_by":"Lagavulin","ascension_level":3}