{"gold_per_floor":[110,110,126,136,136,166,166,177,177,177,189,218,218,251,251,324,374,390,390,390,372,385,385,28,78,126,126,136,136,155,171,171,171],"floor_reached":33,"playtime":1509,"items_purged":["Strike_G"],"score":467,"play_id":"34a7efee-726f-4ee6-af61-c854784b3e9a","local_time":"20190123235637","is_ascension_mode":true,"campfire_choices":[{"data":"Neutralize","floor":7,"key":"SMITH"},{"data":"Backstab","floor":10,"key":"SMITH"},{"floor":13,"key":"REST"},{"data":"Deadly Poison","floor":15,"key":"SMITH"},{"floor":23,"key":"REST"},{"floor":27,"key":"REST"},{"data":"Glass Knife","floor":29,"key":"SMITH"},{"floor":32,"key":"REST"}],"neow_cost":"PERCENT_DAMAGE","seed_source_timestamp":367427542560887,"circlet_count":0,"master_deck":["AscendersBane","Defend_G","Defend_G","Defend_G","Defend_G","Defend_G","Strike_G+1","Strike_G","Strike_G","Strike_G+1","Survivor","Neutralize+1","Dagger Throw","Caltrops","Backstab+1","Infinite Blades+1","Deadly Poison+1","Malaise","Glass Knife+1","Leg Sweep","Deflect","Corpse Explosion","Well Laid Plans","Well Laid Plans","Backflip","Footwork"],"relics":["Ring of the Snake","Bag of Marbles","Whetstone","Mummified Hand","Bottled Flame","Tiny House","Chemical X","Smiling Mask"],"potions_floor_usage":[12,16,22,33],"damage_taken":[{"damage":2,"enemies":"2 Louse","floor":1,"turns":5},{"damage":3,"enemies":"Jaw Worm","floor":3,"turns":4},{"damage":0,"enemies":"Small Slimes","floor":4,"turns":3},{"damage":29,"enemies":"3 Sentries","floor":6,"turns":12},{"damage":13,"enemies":"Exordium Thugs","floor":8,"turns":6},{"damage":5,"enemies":"Gremlin Gang","floor":11,"turns":5},{"damage":18,"enemies":"Gremlin Nob","floor":12,"turns":4},{"damage":16,"enemies":"Lagavulin","floor":14,"turns":7},{"damage":3,"enemies":"Hexaghost","floor":16,"turns":9},{"damage":32,"enemies":"Shell Parasite","floor":18,"turns":5},{"damage":8,"enemies":"2 Thieves","floor":21,"turns":4},{"damage":17,"enemies":"3 Cultists","floor":22,"turns":7},{"damage":12,"enemies":"Cultist and Chosen","floor":28,"turns":8},{"damage":14,"enemies":"Sentry and Sphere","floor":30,"turns":5},{"damage":6,"enemies":"3 Cultists","floor":31,"turns":3},{"damage":63,"enemies":"Collector","floor":33,"turns":8}],"seed_played":"3431459176306843787","potions_obtained":[{"floor":6,"key":"Energy Potion"},{"floor":8,"key":"Ancient Potion"},{"floor":14,"key":"Ancient Potion"},{"floor":16,"key":"AttackPotion"}],"is_trial":false,"path_per_floor":["M","?","M","M","?","E","R","M","T","R","M","E","R","E","R","B",null,"M","?","?","M","M","R","$","?","T","R","M","R","M","M","R","B"],"character_chosen":"THE_SILENT","items_purchased":["Well Laid Plans","Chemical X"],"campfire_rested":4,"item_purchase_floors":[24,24],"current_hp_per_floor":[54,54,51,51,77,48,48,35,35,35,30,12,35,19,19,16,68,36,36,36,28,11,35,35,35,35,59,47,47,33,27,51,0],"gold":171,"neow_bonus":"TWENTY_PERCENT_HP_BONUS","is_prod":false,"is_daily":false,"chose_seed":false,"campfire_upgraded":4,"win_rate":0,"timestamp":1548316597,"path_taken":["M","?","M","M","?","E","R","M","T","R","?","E","R","E","R","BOSS","M","?","?","?","M","R","$","?","T","R","M","R","M","M","R","BOSS"],"build_version":"2019-01-23","purchased_purges":1,"victory":false,"max_hp_per_floor":[78,78,78,78,78,78,78,78,78,78,78,78,78,78,78,78,83,83,83,83,83,83,83,83,83,83,83,83,83,83,83,83,83],"card_choices":[{"not_picked":["Blade Dance","Finisher"],"picked":"Dagger Throw","floor":1},{"not_picked":["Concentrate","Sucker Punch"],"picked":"Caltrops","floor":3},{"not_picked":["Leg Sweep","Backflip"],"picked":"Backstab","floor":4},{"not_picked":["Acrobatics","Reflex"],"picked":"Infinite Blades","floor":6},{"not_picked":["Riddle With Holes","Dodge and Roll"],"picked":"Deadly Poison","floor":8},{"not_picked":["Eviscerate","Blade Dance","Skewer"],"picked":"SKIP","floor":11},{"not_picked":["Catalyst","Masterful Stab"],"picked":"Malaise","floor":12},{"not_picked":["Deadly Poison","Underhanded Strike","Bane"],"picked":"SKIP","floor":14},{"not_picked":["Corpse Explosion","Night Terror"],"picked":"Glass Knife","floor":16},{"not_picked":["Distraction","Underhanded Strike","Choke"],"picked":"SKIP","floor":18},{"not_picked":["Deflect","Deadly Poison","Dagger Throw"],"picked":"SKIP","floor":21},{"not_picked":["Bane","Infinite Blades"],"picked":"Corpse Explosion","floor":22},{"not_picked":["Prepared","Flying Knee"],"picked":"Well Laid Plans","floor":28},{"not_picked":["Deadly Poison+1","Slice+1"],"picked":"Backflip","floor":30},{"not_picked":["Dagger Throw","Sucker Punch+1"],"picked":"Footwork","floor":31}],"player_experience":412889,"relics_obtained":[{"floor":6,"key":"Bag of Marbles"},{"floor":9,"key":"Whetstone"},{"floor":12,"key":"Mummified Hand"},{"floor":14,"key":"Bottled Flame"},{"floor":26,"key":"Smiling Mask"}],"event_choices":[{"damage_healed":0,"gold_gain":0,"player_choice":"Ignored","damage_taken":0,"max_hp_gain":0,"max_hp_loss":0,"event_name":"Liars Game","floor":2,"gold_loss":0},{"damage_healed":26,"gold_gain":0,"player_choice":"Banana","damage_taken":0,"max_hp_gain":0,"max_hp_loss":0,"event_name":"Big Fish","floor":5,"gold_loss":0},{"damage_healed":0,"gold_gain":0,"player_choice":"Ignored","damage_taken":0,"max_hp_gain":0,"max_hp_loss":0,"event_name":"The Mausoleum","floor":19,"gold_loss":0},{"damage_healed":0,"gold_gain":0,"player_choice":"2 cards matched","damage_taken":0,"max_hp_gain":0,"max_hp_loss":0,"event_name":"Match and Keep!","floor":20,"gold_loss":0,"cards_obtained":["Leg Sweep","Deflect"]},{"damage_healed":0,"gold_gain":50,"player_choice":"Pray","damage_taken":0,"max_hp_gain":0,"max_hp_loss":0,"event_name":"Golden Shrine","floor":25,"gold_loss":0}],"is_beta":false,"boss_relics":[{"not_picked":["Pandora\u0027s Box","Calling Bell"],"picked":"Tiny House"}],"items_purged_floors":[24],"is_endless":false,"potions_floor_spawned":[6,8,14,16,18],"killed_by":"Collector","ascension_level":15}