{"gold_per_floor":[115,115,115,131,141,159,192,204,204,107,107,32,58,72,72,171,171,191,191,291,303,303],"floor_reached":22,"playtime":1143,"items_purged":["Strike_R"],"score":245,"play_id":"70f62a64-07a5-4f12-98c7-faaeb85c5c1e","local_time":"20190101003540","is_ascension_mode":true,"campfire_choices":[{"data":"Discovery","floor":11,"key":"SMITH"},{"floor":15,"key":"REST"}],"neow_cost":"TEN_PERCENT_HP_LOSS","seed_source_timestamp":1654698319743521,"circlet_count":0,"master_deck":["Strike_R","Strike_R","Strike_R","Strike_R","Defend_R","Defend_R","Defend_R","Defend_R","Bash","Forethought","Secret Technique","Shrug It Off","Bludgeon","Rage","Discovery+1","Clothesline","Immolate"],"relics":["Burning Blood","Red Skull","Anchor","Potion Belt","Letter Opener","Mark of Pain","Nilry\u0027s Codex","Unceasing Top","Bottled Flame"],"potions_floor_usage":[6,13,14,20,20,20],"damage_taken":[{"damage":15,"enemies":"Jaw Worm","floor":1,"turns":5},{"damage":6,"enemies":"Small Slimes","floor":4,"turns":5},{"damage":0,"enemies":"Cultist","floor":5,"turns":4},{"damage":11,"enemies":"Exordium Thugs","floor":6,"turns":7},{"damage":39,"enemies":"3 Sentries","floor":7,"turns":12},{"damage":0,"enemies":"2 Fungi Beasts","floor":8,"turns":3},{"damage":35,"enemies":"Lagavulin","floor":13,"turns":4},{"damage":0,"enemies":"Gremlin Gang","floor":14,"turns":4},{"damage":28,"enemies":"The Guardian","floor":16,"turns":10},{"damage":11,"enemies":"Shell Parasite","floor":18,"turns":4},{"damage":15,"enemies":"Colosseum Slavers","floor":20,"turns":4},{"damage":25,"enemies":"Colosseum Nobs","floor":20,"turns":4},{"damage":0,"enemies":"Chosen","floor":21,"turns":2},{"damage":17,"enemies":"Snecko","floor":22,"turns":3}],"seed_played":"-3416310084785575568","potions_obtained":[{"floor":1,"key":"Dexterity Potion"},{"floor":5,"key":"AttackPotion"},{"floor":7,"key":"Energy Potion"},{"floor":14,"key":"Energy Potion"},{"floor":16,"key":"LiquidBronze"},{"floor":18,"key":"SkillPotion"},{"floor":20,"key":"LiquidBronze"}],"is_trial":false,"path_per_floor":["M","?","?","M","M","M","E","M","T","$","R","$","E","M","R","B",null,"M","?","?","M","M"],"character_chosen":"IRONCLAD","items_purchased":["Discovery"],"campfire_rested":1,"item_purchase_floors":[10],"current_hp_per_floor":[63,63,63,63,69,64,31,37,37,37,37,37,8,14,35,13,57,52,36,8,14,0],"gold":303,"neow_bonus":"RANDOM_COLORLESS_2","is_prod":false,"is_daily":false,"chose_seed":false,"campfire_upgraded":1,"win_rate":0,"timestamp":1546302940,"path_taken":["M","?","?","M","?","M","E","M","T","?","R","$","E","M","R","BOSS","M","?","?","?","M"],"build_version":"2018-12-25","purchased_purges":1,"victory":false,"max_hp_per_floor":[72,72,72,72,72,72,72,72,72,72,72,72,72,72,72,72,72,72,72,72,72,72],"card_choices":[{"not_picked":["Rupture","Second Wind"],"picked":"Shrug It Off","floor":1},{"not_picked":["Clash","Heavy Blade","Corruption"],"picked":"SKIP","floor":4},{"not_picked":["Twin Strike","Heavy Blade","Corruption"],"picked":"SKIP","floor":5},{"not_picked":["Blood for Blood","True Grit","Twin Strike"],"picked":"SKIP","floor":6},{"not_picked":["Spot Weakness","Warcry"],"picked":"Bludgeon","floor":7},{"not_picked":["Sword Boomerang","Intimidate"],"picked":"Rage","floor":8},{"not_picked":["Berserk","Power Through","Cleave"],"picked":"SKIP","floor":13},{"not_picked":["Blood for Blood","Armaments"],"picked":"Clothesline","floor":14},{"not_picked":["Fiend Fire","Offering"],"picked":"Immolate","floor":16},{"not_picked":["Fire Breathing+1","Metallicize","Clothesline"],"picked":"SKIP","floor":18},{"not_picked":["Havoc","Entrench","Twin Strike"],"picked":"SKIP","floor":21}],"player_experience":363125,"relics_obtained":[{"floor":7,"key":"Anchor"},{"floor":9,"key":"Potion Belt"},{"floor":13,"key":"Letter Opener"},{"floor":19,"key":"Nilry\u0027s Codex"},{"floor":20,"key":"Unceasing Top"},{"floor":20,"key":"Bottled Flame"}],"event_choices":[{"damage_healed":0,"gold_gain":0,"player_choice":"Box","damage_taken":0,"relics_obtained":["Red Skull"],"max_hp_gain":0,"max_hp_loss":0,"event_name":"Big Fish","floor":2,"gold_loss":0,"cards_obtained":["Regret"]},{"cards_removed":["Regret"],"damage_healed":0,"gold_gain":0,"player_choice":"Purged","damage_taken":0,"max_hp_gain":0,"max_hp_loss":0,"event_name":"Purifier","floor":3,"gold_loss":0},{"damage_healed":0,"gold_gain":0,"player_choice":"Obtained Book","damage_taken":16,"max_hp_gain":0,"max_hp_loss":0,"event_name":"Cursed Tome","floor":19,"gold_loss":0},{"damage_healed":0,"gold_gain":0,"player_choice":"Fight","damage_taken":0,"max_hp_gain":0,"max_hp_loss":0,"event_name":"Colosseum","floor":20,"gold_loss":0},{"damage_healed":0,"gold_gain":0,"player_choice":"Fought Nobs","damage_taken":0,"max_hp_gain":0,"max_hp_loss":0,"event_name":"Colosseum","floor":20,"gold_loss":0}],"is_beta":true,"boss_relics":[{"not_picked":["Runic Pyramid","Ectoplasm"],"picked":"Mark of Pain"}],"items_purged_floors":[12],"is_endless":false,"potions_floor_spawned":[1,5,7,14,16,18,20],"killed_by":"Snecko","ascension_level":5}