{"path_per_floor":["M","M","?","?","M","R","E","$","T","M","?","R","T","M","R","B",null,"M","?","?","$","T","R","?","R","T","R","?","E","$","M","R","B",null,"M","$","?","?","M","R","?","M","T","R","M","R","M","M","R","B"],"character_chosen":"DEFECT","items_purchased":["Flash of Steel","Dark Shackles","Trip"],"gold_per_floor":[119,135,85,160,170,170,195,14,40,60,60,60,60,73,73,168,198,209,209,209,9,32,32,32,32,103,103,103,138,38,58,58,157,157,172,47,47,47,66,66,66,85,85,85,103,103,113,125,125,125],"floor_reached":51,"campfire_rested":0,"playtime":1558,"current_hp_per_floor":[67,67,67,56,56,56,40,40,40,40,75,75,75,75,75,56,75,62,62,62,62,62,62,62,62,62,62,62,65,65,72,72,44,71,66,66,66,66,56,56,56,63,63,63,70,70,77,80,80,27],"items_purged":["Strike_B","Dualcast","Defend_B"],"gold":125,"score":900,"play_id":"cb10ff2a-be7a-422f-ac08-cc45436754db","local_time":"20180513110811","is_prod":false,"is_daily":false,"chose_seed":false,"is_ascension_mode":true,"campfire_upgraded":11,"timestamp":1526234891,"path_taken":["M","?","?","?","M","R","E","$","T","?","?","R","?","M","R","BOSS","M","?","?","$","?","R","?","R","T","R","?","E","?","?","R","BOSS","M","$","?","?","?","R","?","M","T","R","M","R","M","M","R","BOSS"],"build_version":"2018-05-12v2","seed_source_timestamp":90731852639400,"purchased_purges":3,"victory":true,"master_deck":["Strike_B+1","Strike_B+1","Defend_B+1","Zap+1","Axe Kick+1","Doom and Gloom+1","Auto Shields+1","Reboot+1","Self Repair","Flash of Steel+1","Axe Kick+1","Machine Learning+1","Dark Shackles+1","Trip+1","Machine Learning+1","FTL+1"],"max_hp_per_floor":[75,75,75,75,75,75,75,75,75,75,75,75,75,75,75,75,80,80,80,80,80,80,80,80,80,80,80,80,80,80,80,80,80,80,80,80,80,80,80,80,80,80,80,80,80,80,80,80,80,80],"relics":["Cracked Core","Whetstone","Orichalcum","Vajra","Tiny House","Bag of Marbles","Gremlin Horn","Meat on the Bone","Runic Dome","Sundial"],"card_choices":[{"not_picked":["Cold Snap","Conserve Battery"],"picked":"Doom and Gloom","floor":1},{"not_picked":["Axe Kick","Barrage"],"picked":"Auto Shields","floor":2},{"not_picked":["Impulse","Double Energy"],"picked":"Reboot","floor":5},{"not_picked":["Sweeping Beam","Steam"],"picked":"Self Repair","floor":7},{"not_picked":["Glacier","Beam Cell","Rebound"],"picked":"SKIP","floor":10},{"not_picked":["Ball Lightning","Skim"],"picked":"Axe Kick","floor":14},{"not_picked":["Biased Cognition","Buffer"],"picked":"Machine Learning","floor":16},{"not_picked":["Aggregate","Blizzard+1","Turbo"],"picked":"SKIP","floor":18},{"not_picked":["Rip and Tear","Steam","Go for the Eyes"],"picked":"SKIP","floor":29},{"not_picked":["Reprogram","Steam","Static Discharge"],"picked":"SKIP","floor":31},{"not_picked":["Biased Cognition","Fusion"],"picked":"Machine Learning","floor":33},{"not_picked":["Ball Lightning+1","Lockon+1"],"picked":"FTL+1","floor":35},{"not_picked":["Gash+1","Steam+1","Force Field+1"],"picked":"SKIP","floor":39},{"not_picked":["Steam+1","Hologram+1","Aggregate+1"],"picked":"SKIP","floor":42},{"not_picked":["Rip and Tear+1","Axe Kick+1","Ball Lightning+1"],"picked":"SKIP","floor":45},{"not_picked":["Rebound+1","Storm+1","Streamline"],"picked":"SKIP","floor":47},{"not_picked":["Rebound","Cold Snap","Steam+1"],"picked":"SKIP","floor":48}],"player_experience":236178,"potions_floor_usage":[7,16,16,18,29,31,33,50,50],"damage_taken":[{"damage":1,"enemies":"Cultist","floor":1,"turns":3},{"damage":0,"enemies":"2 Louse","floor":2,"turns":2},{"damage":0,"enemies":"Small Slimes","floor":5,"turns":2},{"damage":16,"enemies":"Gremlin Nob","floor":7,"turns":3},{"damage":0,"enemies":"2 Fungi Beasts","floor":10,"turns":2},{"damage":2,"enemies":"Blue Slaver","floor":14,"turns":2},{"damage":26,"enemies":"Hexaghost","floor":16,"turns":7},{"damage":20,"enemies":"2 Thieves","floor":18,"turns":3},{"damage":4,"enemies":"Book of Stabbing","floor":29,"turns":4},{"damage":0,"enemies":"Shell Parasite","floor":31,"turns":3},{"damage":47,"enemies":"Collector","floor":33,"turns":7},{"damage":12,"enemies":"3 Darklings","floor":35,"turns":3},{"damage":17,"enemies":"3 Shapes","floor":39,"turns":3},{"damage":0,"enemies":"Flame Bruiser 2 Orb","floor":42,"turns":2},{"damage":0,"enemies":"Sphere and 2 Shapes","floor":45,"turns":2},{"damage":0,"enemies":"4 Shapes","floor":47,"turns":2},{"damage":0,"enemies":"Flame Bruiser 2 Orb","floor":48,"turns":2},{"damage":87,"enemies":"Donu and Deca","floor":50,"turns":7}],"event_choices":[{"event_name":"The Cleric","player_choice":"Card Removal","floor":3,"damage_taken":0},{"event_name":"World of Goop","player_choice":"Gather Gold","floor":4,"damage_taken":0},{"event_name":"Wheel of Change","player_choice":"Full Heal","floor":11,"damage_taken":0},{"event_name":"The Woman in Blue","player_choice":"Bought 0 Potions","floor":19,"damage_taken":0},{"event_name":"Match and Keep!","player_choice":"0 cards matched","floor":20,"damage_taken":0},{"event_name":"The Lab","player_choice":"Got Potions","floor":24,"damage_taken":0},{"event_name":"Cursed Tome","player_choice":"Ignored","floor":28,"damage_taken":0},{"event_name":"Transmorgrifier","player_choice":"Transform","floor":37,"damage_taken":0},{"event_name":"Mysterious Sphere","player_choice":"Ignore","floor":41,"damage_taken":0}],"boss_relics":[{"not_picked":["Black Star","Orrery"],"picked":"Tiny House"},{"not_picked":["Eternal Feather","Lizard Tail"],"picked":"Runic Dome"}],"potions_floor_spawned":[1,5,10,29,42,47,48],"seed_played":"-8380114735043878036","ascension_level":7,"is_trial":false}