{"gold_per_floor":[109,38,213,230,230,564,564,592,592,625,639,639,139,214,214,313,313,301,321,36,49,49,49,69,69],"floor_reached":25,"playtime":1117,"items_purged":["Doubt"],"score":366,"play_id":"cf2d6d00-50a5-4640-bdee-b273ab1a82b8","local_time":"20190127041318","is_ascension_mode":true,"campfire_choices":[{"data":"Discovery","floor":7.0,"key":"SMITH"},{"floor":12,"key":"REST"},{"floor":15,"key":"REST"},{"data":"Night Terror","floor":23,"key":"SMITH"}],"neow_cost":"NONE","seed_source_timestamp":0,"circlet_count":0,"master_deck":["AscendersBane","Defend_G","Defend_G","Defend_G","Defend_G","Defend_G","Strike_G","Strike_G","Strike_G","Strike_G","Strike_G","Survivor","Neutralize","Footwork","Crippling Poison","Discovery+1","Crippling Poison","Distraction","Catalyst","Discovery","Secret Weapon","Footwork","Night Terror+1","Expertise","Poisoned Stab+1","Thinking Ahead","Setup+1"],"special_seed":0,"relics":["Ring of the Snake","NeowsBlessing","Old Coin","Paper Crane","StoneCalendar","Gambling Chip","HoveringKite","Membership Card"],"potions_floor_usage":[25],"damage_taken":[{"damage":0.0,"enemies":"Jaw Worm","floor":1.0,"turns":1.0},{"damage":0.0,"enemies":"2 Louse","floor":4.0,"turns":1.0},{"damage":0.0,"enemies":"Gremlin Nob","floor":6.0,"turns":1.0},{"damage":18.0,"enemies":"Lagavulin","floor":8.0,"turns":8.0},{"damage":34.0,"enemies":"3 Sentries","floor":10.0,"turns":7.0},{"damage":0,"enemies":"Cultist","floor":11,"turns":4},{"damage":12,"enemies":"Slime Boss","floor":16,"turns":9},{"damage":13,"enemies":"2 Thieves","floor":18,"turns":4},{"damage":16,"enemies":"3 Byrds","floor":19,"turns":6},{"damage":3,"enemies":"Centurion and Healer","floor":21,"turns":5},{"damage":23,"enemies":"3 Cultists","floor":24,"turns":6},{"damage":11,"enemies":"Colosseum Slavers","floor":25,"turns":1}],"seed_played":"2288063937218711865","potions_obtained":[{"floor":1.0,"key":"GhostInAJar"},{"floor":6.0,"key":"EssenceOfSteel"},{"floor":10,"key":"EssenceOfSteel"},{"floor":16,"key":"Dexterity Potion"},{"floor":18,"key":"PowerPotion"}],"is_trial":false,"path_per_floor":["M","$","?","M","?","E","R","E","T","E","M","R","$","?","R","B",null,"M","M","$","M","?","R","M","?"],"character_chosen":"THE_SILENT","items_purchased":["Crippling Poison","Catalyst","Discovery","Secret Weapon","Footwork","Membership Card","Thinking Ahead"],"campfire_rested":2,"item_purchase_floors":[2,13,13,13,13,20,20],"current_hp_per_floor":[63,63,63,63,63,63,63,45,45,11,11,32,32,21,42,30,60,47,31,31,28,28,28,5,0],"gold":69,"neow_bonus":"THREE_ENEMY_KILL","is_prod":false,"is_daily":false,"chose_seed":false,"campfire_upgraded":2,"win_rate":0,"timestamp":1548562398,"path_taken":["M","$","?","M","?","E","R","E","T","E","?","R","$","?","R","BOSS","M","M","$","M","?","R","M","?"],"build_version":"2019-01-23","purchased_purges":1,"victory":false,"max_hp_per_floor":[70,70,70,70,70,70,70,70,70,70,70,70,70,70,70,70,70,70,70,70,70,70,70,70,70],"card_choices":[{"not_picked":["Dagger Spray","Deflect"],"picked":"Footwork","floor":1.0},{"not_picked":["Slice","Underhanded Strike","Prepared"],"picked":"SKIP","floor":4.0},{"not_picked":["Bane","Dodge and Roll","Flechettes"],"picked":"SKIP","floor":6.0},{"not_picked":["Flechettes","Masterful Stab"],"picked":"Crippling Poison","floor":8.0},{"not_picked":["Accuracy","Sucker Punch"],"picked":"Distraction","floor":10},{"not_picked":["Dash","Dagger Spray","Terror"],"picked":"SKIP","floor":11},{"not_picked":["Doppelganger","Unload"],"picked":"Night Terror","floor":16},{"not_picked":["Slice","Blade Dance"],"picked":"Expertise","floor":18},{"not_picked":["Sucker Punch","Dagger Throw"],"picked":"Poisoned Stab+1","floor":19},{"not_picked":["Quick Slash","Poisoned Stab","Deflect"],"picked":"SKIP","floor":21},{"not_picked":["Bane+1","Poisoned Stab"],"picked":"Setup+1","floor":24}],"player_experience":489662,"relics_obtained":[{"floor":6.0,"key":"Old Coin"},{"floor":8.0,"key":"Paper Crane"},{"floor":9.0,"key":"StoneCalendar"},{"floor":10,"key":"Gambling Chip"}],"event_choices":[{"damage_healed":0.0,"max_hp_gain":0.0,"max_hp_loss":0.0,"gold_gain":175.0,"event_name":"Liars Game","player_choice":"AGREE","floor":3.0,"gold_loss":0.0,"damage_taken":0.0,"cards_obtained":["Doubt"]},{"damage_healed":0.0,"max_hp_gain":0.0,"max_hp_loss":0.0,"gold_gain":0.0,"event_name":"Match and Keep!","player_choice":"1 cards matched","floor":5.0,"gold_loss":0.0,"damage_taken":0.0,"cards_obtained":["Discovery"]},{"damage_healed":0,"gold_gain":75,"player_choice":"Gather Gold","damage_taken":11,"max_hp_gain":0,"max_hp_loss":0,"event_name":"World of Goop","floor":14,"gold_loss":0},{"damage_healed":0,"gold_gain":0,"player_choice":"Ignored","damage_taken":0,"max_hp_gain":0,"max_hp_loss":0,"event_name":"Vampires","floor":22,"gold_loss":0},{"damage_healed":0,"gold_gain":0,"player_choice":"Fight","damage_taken":0,"max_hp_gain":0,"max_hp_loss":0,"event_name":"Colosseum","floor":25,"gold_loss":0}],"is_beta":true,"boss_relics":[{"not_picked":["Sozu","Lizard Tail"],"picked":"HoveringKite"}],"items_purged_floors":[13],"is_endless":false,"potions_floor_spawned":[1,6,10,16,18,19],"killed_by":"Colosseum Slavers","ascension_level":10}