{"path_per_floor":["M","?","$","M","M","R","?","R","T","M","M","R","$","?","R","B",null,"M","?","?","?","M"],"character_chosen":"DEFECT","items_purchased":["Reboot","Flash of Steel"],"gold_per_floor":[209,159,5,25,35,35,210,210,262,280,296,296,120,120,120,245,245,266,266,266,300,316,316],"floor_reached":23,"campfire_rested":0,"playtime":1065,"current_hp_per_floor":[69,69,69,75,75,75,75,75,82,82,82,82,82,76,76,56,76,76,76,67,51,35,0],"items_purged":["Doubt"],"gold":316,"score":215,"play_id":"2cedac6c-c25c-418e-a141-893632bce8e2","local_time":"20180508214801","is_prod":false,"is_daily":false,"chose_seed":false,"is_ascension_mode":true,"campfire_upgraded":4,"timestamp":1525841281,"path_taken":["M","?","$","M","M","R","?","R","T","M","M","R","?","?","R","BOSS","M","?","?","?","M","E"],"build_version":"2018-05-07","seed_source_timestamp":136519815647771,"purchased_purges":1,"victory":false,"master_deck":["Strike_B","Strike_B","Strike_B","Defend_B","Defend_B","Defend_B","Defend_B","Zap+1","Dualcast+1","Self Repair","Reboot+1","Scrape+1","Flash of Steel","Fusion","All For One"],"max_hp_per_floor":[75,75,75,75,75,75,75,75,82,82,82,82,82,76,76,76,76,76,76,76,76,76,76],"relics":["Cracked Core","Strawberry","Bloody Idol","Lizard Tail","Red Mask"],"card_choices":[{"not_picked":["Coolheaded","Reinforced Body"],"picked":"Self Repair","floor":1},{"not_picked":["Turbo","White Noise"],"picked":"Scrape","floor":10},{"not_picked":["Prime","Nova"],"picked":"Fusion","floor":16},{"not_picked":["Coolheaded","Sunder"],"picked":"All For One","floor":21}],"player_experience":189610,"potions_floor_usage":[10,21],"damage_taken":[{"damage":6,"enemies":"2 Louse","floor":1,"turns":2},{"damage":0,"enemies":"Small Slimes","floor":4,"turns":3},{"damage":6,"enemies":"Cultist","floor":5,"turns":4},{"damage":0,"enemies":"Large Slime","floor":10,"turns":4},{"damage":3,"enemies":"Blue Slaver","floor":11,"turns":3},{"damage":27,"enemies":"Slime Boss","floor":16,"turns":8},{"damage":1,"enemies":"Spheric Guardian","floor":18,"turns":3},{"damage":28,"enemies":"Masked Bandits","floor":21,"turns":5},{"damage":33,"enemies":"2 Thieves","floor":22,"turns":3},{"damage":81,"enemies":"Gremlin Leader","floor":23,"turns":5}],"event_choices":[{"event_name":"The Cleric","player_choice":"Card Removal","floor":2,"damage_taken":0},{"event_name":"Liars Game","player_choice":"agreed","floor":7,"damage_taken":0},{"event_name":"Golden Idol","player_choice":"Lose Max HP","floor":14,"damage_taken":0},{"event_name":"Forgotten Altar","player_choice":"Gave Idol","floor":19,"damage_taken":0},{"event_name":"Cursed Tome","player_choice":"Stopped","floor":20,"damage_taken":0},{"event_name":"Masked Bandits","player_choice":"Fought over 266 gold","floor":21,"damage_taken":0}],"boss_relics":[{"not_picked":["Snecko Eye","Calling Bell"],"picked":"Lizard Tail"}],"potions_floor_spawned":[4,5,18],"seed_played":"104103533594579049","killed_by":"Gremlin Leader","ascension_level":4,"is_trial":false}