{"gold_per_floor":[111,186,186,186,186,213,213,244,244,277,291,291,301,314,314,417,417,433,451,451,451,451,476,476,508,508,433,444,40,40,51,51,148,198,213,1212,1230,568,568,578,578,73,73,84,84,9,28,28,28,28],"floor_reached":51,"playtime":2035,"items_purged":["Strike_G","Normality","Normality","Normality"],"score":1342,"play_id":"2b5b61bf-abc0-4229-9151-abe98a6d6671","local_time":"20190131070512","is_ascension_mode":true,"campfire_choices":[{"data":"Neutralize","floor":7,"key":"SMITH"},{"data":"Bouncing Flask","floor":12,"key":"SMITH"},{"data":"Noxious Fumes","floor":15,"key":"SMITH"},{"floor":24,"key":"REST"},{"data":"Burst","floor":30,"key":"SMITH"},{"data":"Secret Technique","floor":32,"key":"SMITH"},{"data":"Catalyst","floor":41,"key":"SMITH"},{"data":"Footwork","floor":45,"key":"SMITH"},{"data":"Leg Sweep","floor":49,"key":"SMITH"}],"neow_cost":"NONE","seed_source_timestamp":1780085613017444,"circlet_count":0,"master_deck":["AscendersBane","Defend_G","Defend_G","Defend_G","Defend_G","Defend_G","Strike_G+1","Strike_G","Survivor","Neutralize+1","Glass Knife+1","Bouncing Flask","Bouncing Flask+1","Dash","Noxious Fumes+1","Venomology","Leg Sweep+1","Heel Hook+1","Catalyst+1","Deadly Poison+1","Well Laid Plans","Burst+1","Crippling Poison","Secret Technique+1","Finesse","Well Laid Plans","Footwork+1","Bandage Up","Distraction","Distraction+1","Panache","Flash of Steel","Storm of Steel","Well Laid Plans+1","Heel Hook+1"],"relics":["Ring of the Snake","NeowsBlessing","Bag of Preparation","Dream Catcher","Prayer Wheel","Orichalcum","Ginger","Cursed Key","Nilry\u0027s Codex","Oddly Smooth Stone","Whetstone","Meat on the Bone","Tiny House","Membership Card","Mummified Hand","WingedGreaves","FossilizedHelix","Kunai","Question Card"],"potions_floor_usage":[10,10,18,19,23,25,28,31,33,35,37,44,44,47,50,50,50],"damage_taken":[{"damage":0,"enemies":"Cultist","floor":1,"turns":1},{"damage":0,"enemies":"Lagavulin","floor":6,"turns":1},{"damage":0,"enemies":"3 Sentries","floor":8,"turns":1},{"damage":15,"enemies":"Gremlin Nob","floor":10,"turns":4},{"damage":0,"enemies":"Small Slimes","floor":11,"turns":2},{"damage":0,"enemies":"2 Louse","floor":13,"turns":2},{"damage":6,"enemies":"Lots of Slimes","floor":14,"turns":5},{"damage":6,"enemies":"Hexaghost","floor":16,"turns":7},{"damage":14,"enemies":"2 Thieves","floor":18,"turns":4},{"damage":3,"enemies":"3 Byrds","floor":19,"turns":4},{"damage":3,"enemies":"Book of Stabbing","floor":23,"turns":4},{"damage":15,"enemies":"Slavers","floor":25,"turns":6},{"damage":3,"enemies":"Centurion and Healer","floor":28,"turns":4},{"damage":8,"enemies":"Snake Plant","floor":31,"turns":4},{"damage":0,"enemies":"Champ","floor":33,"turns":5},{"damage":19,"enemies":"3 Darklings","floor":35,"turns":7},{"damage":5,"enemies":"Orb Walker","floor":37,"turns":3},{"damage":22,"enemies":"4 Shapes","floor":40,"turns":4},{"damage":7,"enemies":"Writhing Mass","floor":44,"turns":5},{"damage":0,"enemies":"Spire Growth","floor":47,"turns":3},{"damage":40,"enemies":"Donu and Deca","floor":50,"turns":6}],"seed_played":"3491045305836873721","potions_obtained":[{"floor":6,"key":"AttackPotion"},{"floor":8,"key":"AttackPotion"},{"floor":11,"key":"Energy Potion"},{"floor":16,"key":"EssenceOfSteel"},{"floor":25,"key":"GhostInAJar"},{"floor":28,"key":"Poison Potion"},{"floor":34,"key":"SkillPotion"}],"is_trial":false,"path_per_floor":["M","?","$","?","?","E","R","E","T","E","M","R","M","M","R","B",null,"M","M","?","?","?","E","R","E","T","?","M","$","R","M","R","B",null,"M","?","M","$","?","M","R","$","T","M","R","$","M","?","R","B",null],"character_chosen":"THE_SILENT","items_purchased":["Crippling Poison","Secret Technique","Finesse","Membership Card","Mummified Hand","WingedGreaves","Bandage Up","Regen Potion","Distraction","Panache","FossilizedHelix","Kunai","Flash of Steel","Storm of Steel"],"campfire_rested":1,"item_purchase_floors":[29,29,29,38,38,38,38,38,38,42,42,42,42,42],"current_hp_per_floor":[63,52,52,52,52,52,52,52,52,37,37,37,37,31,31,25,59,45,42,42,42,26,23,44,29,29,29,38,38,38,42,42,42,68,49,49,44,44,75,53,53,53,53,50,50,50,66,66,66,42],"gold":28,"neow_bonus":"THREE_ENEMY_KILL","is_prod":false,"is_daily":false,"chose_seed":false,"campfire_upgraded":8,"win_rate":0,"timestamp":1548918312,"path_taken":["M","?","$","?","?","E","R","E","T","E","M","R","M","M","R","BOSS","M","?","?","?","?","E","R","E","T","?","M","$","R","M","R","BOSS","M","?","M","$","?","?","R","$","T","?","R","$","?","?","R","BOSS"],"build_version":"2019-01-23","purchased_purges":4,"victory":true,"max_hp_per_floor":[70,70,70,70,70,70,70,70,70,70,70,70,70,70,70,70,70,70,70,70,70,70,70,70,70,70,70,70,70,70,70,70,70,75,75,75,75,75,75,75,75,75,75,75,75,75,75,75,75,75],"card_choices":[{"not_picked":["Quick Slash","Deflect","Sucker Punch"],"picked":"SKIP","floor":1},{"not_picked":["Dodge and Roll","Poisoned Stab","Underhanded Strike"],"picked":"SKIP","floor":6},{"not_picked":["Tactician","Escape Plan"],"picked":"Glass Knife","floor":8},{"not_picked":["Riddle With Holes","Calculated Gamble","Deflect"],"picked":"SKIP","floor":10},{"not_picked":["Quick Slash","A Thousand Cuts"],"picked":"Bouncing Flask","floor":11},{"not_picked":["Backflip","Outmaneuver"],"picked":"Bouncing Flask","floor":11},{"not_picked":["PiercingWail","Underhanded Strike"],"picked":"Dash","floor":13},{"not_picked":["Prepared","Distraction"],"picked":"Noxious Fumes","floor":13},{"not_picked":["Outmaneuver","Backflip","Blade Dance"],"picked":"SKIP","floor":14},{"not_picked":["Slice","Underhanded Strike","Dagger Throw"],"picked":"SKIP","floor":14},{"not_picked":["After Image","Doppelganger"],"picked":"Venomology","floor":16},{"not_picked":["Bane","Cloak And Dagger"],"picked":"Leg Sweep","floor":18},{"not_picked":["Dagger Throw","Deadly Poison"],"picked":"Heel Hook","floor":18},{"not_picked":["Flying Knee","Predator"],"picked":"Catalyst","floor":19},{"not_picked":["Finisher","Endless Agony+1","Prepared"],"picked":"SKIP","floor":19},{"not_picked":["Prepared","Dodge and Roll"],"picked":"Deadly Poison+1","floor":23},{"not_picked":["Infinite Blades+1","Dagger Spray"],"picked":"Well Laid Plans","floor":24},{"not_picked":["PiercingWail","Dagger Throw","Deadly Poison"],"picked":"SKIP","floor":25},{"not_picked":["Flying Knee","Poisoned Stab+1"],"picked":"Burst","floor":28},{"not_picked":["Deadly Poison","Bouncing Flask","Backflip"],"picked":"SKIP","floor":28},{"not_picked":["Outmaneuver","Prepared"],"picked":"Well Laid Plans","floor":31},{"not_picked":["Underhanded Strike","Sucker Punch","Concentrate"],"picked":"SKIP","floor":31},{"not_picked":["Predator","Deflect"],"picked":"Footwork","floor":35},{"not_picked":["Flying Knee+1","Underhanded Strike+1","Endless Agony"],"picked":"SKIP","floor":35},{"not_picked":["All Out Attack+1","Cloak And Dagger","Crippling Poison"],"picked":"SKIP","floor":37},{"not_picked":["Flying Knee","Dagger Spray","Reflex+1"],"picked":"SKIP","floor":37},{"not_picked":["Deflect+1","Choke+1"],"picked":"Distraction+1","floor":40},{"not_picked":["Phantasmal Killer","Cloak And Dagger","Poisoned Stab+1"],"picked":"SKIP","floor":40},{"not_picked":["Prepared","Slice","PiercingWail+1"],"picked":"Well Laid Plans+1","floor":44},{"not_picked":["Masterful Stab","Deadly Poison","Distraction"],"picked":"Heel Hook+1","floor":44},{"not_picked":["Backflip","Glass Knife","Heel Hook","Bane"],"picked":"SKIP","floor":47},{"not_picked":["Choke","Sucker Punch","PiercingWail","Quick Slash"],"picked":"SKIP","floor":47}],"player_experience":539958,"relics_obtained":[{"floor":6,"key":"Dream Catcher"},{"floor":8,"key":"Prayer Wheel"},{"floor":9,"key":"Orichalcum"},{"floor":10,"key":"Ginger"},{"floor":22,"key":"Nilry\u0027s Codex"},{"floor":23,"key":"Oddly Smooth Stone"},{"floor":25,"key":"Whetstone"},{"floor":26,"key":"Meat on the Bone"},{"floor":43,"key":"Question Card"}],"event_choices":[{"damage_healed":0,"gold_gain":75,"player_choice":"Gather Gold","damage_taken":11,"max_hp_gain":0,"max_hp_loss":0,"event_name":"World of Goop","floor":2,"gold_loss":0},{"damage_healed":0,"gold_gain":0,"cards_transformed":["Strike_G"],"player_choice":"Change","damage_taken":0,"max_hp_gain":0,"max_hp_loss":0,"event_name":"Living Wall","floor":4,"gold_loss":0,"cards_obtained":["Dash"]},{"cards_removed":["Dash"],"damage_healed":0,"gold_gain":0,"player_choice":"Gave Card","damage_taken":0,"relics_obtained":["Bag of Preparation"],"max_hp_gain":0,"max_hp_loss":0,"event_name":"WeMeetAgain","floor":5,"gold_loss":0},{"cards_removed":["Strike_G"],"damage_healed":0,"gold_gain":0,"player_choice":"Elegance","damage_taken":0,"max_hp_gain":0,"max_hp_loss":0,"event_name":"Back to Basics","floor":20,"gold_loss":0},{"damage_healed":0,"gold_gain":0,"player_choice":"Ignored","damage_taken":0,"max_hp_gain":0,"max_hp_loss":0,"event_name":"Vampires","floor":21,"gold_loss":0},{"damage_healed":0,"gold_gain":0,"player_choice":"Obtained Book","damage_taken":16,"max_hp_gain":0,"max_hp_loss":0,"event_name":"Cursed Tome","floor":22,"gold_loss":0},{"cards_removed":["Normality"],"damage_healed":0,"gold_gain":0,"player_choice":"Gave Gold","damage_taken":0,"max_hp_gain":0,"max_hp_loss":0,"event_name":"Beggar","floor":27,"gold_loss":75},{"damage_healed":0,"gold_gain":999,"player_choice":"Gold","damage_taken":0,"max_hp_gain":0,"max_hp_loss":0,"event_name":"MindBloom","floor":36,"gold_loss":0,"cards_obtained":["Normality","Normality"]},{"damage_healed":31,"gold_gain":0,"player_choice":"Full Heal","damage_taken":0,"max_hp_gain":0,"max_hp_loss":0,"event_name":"Wheel of Change","floor":39,"gold_loss":0},{"damage_healed":0,"gold_gain":0,"player_choice":"Ignored","damage_taken":0,"max_hp_gain":0,"max_hp_loss":0,"event_name":"Mysterious Sphere","floor":48,"gold_loss":0}],"is_beta":true,"boss_relics":[{"not_picked":["HoveringKite","Orrery"],"picked":"Cursed Key"},{"not_picked":["Calling Bell","Eternal Feather"],"picked":"Tiny House"}],"items_purged_floors":[29,38,42,46],"is_endless":false,"potions_floor_spawned":[6,8,11,16,25,28,31,40],"ascension_level":12}