{"path_per_floor":["M","?","$","?","M","E","T","R","T","E","M","$","?","M","R","B",null,"M","?","$","M","?","E","R","?","T","M","M","M","M","M","R","B",null,"M","$","?","M","M","E","R","E","T","M","?","$","M","?","R","B"],"character_chosen":"THE_SILENT","items_purchased":["Shuriken","Ninja Scroll","Finisher","Paper Crane","Master of Strategy","Finesse","Gremlin Horn","Purity"],"gold_per_floor":[144,319,69,69,114,204,204,204,229,319,364,64,14,59,59,359,359,404,464,346,391,391,481,481,481,481,526,571,616,661,706,706,1006,1006,1051,473,473,518,563,653,653,743,768,813,903,515,560,782,782,782],"floor_reached":51,"campfire_rested":5,"playtime":2786,"current_hp_per_floor":[66,66,66,66,56,42,42,63,63,52,52,52,52,48,69,68,70,54,41,41,34,34,3,24,80,80,80,80,80,80,79,80,14,80,71,71,71,70,70,62,80,67,67,67,59,59,59,59,59,17],"items_purged":["Defend_G","Strike_G","Rampage","Defend_G"],"gold":782,"score":762,"play_id":"3a6e2801-707c-4ea2-8d73-99e6fafd5705","local_time":"20180426214403","daily_mods":["Diverse","Midas","Binary"],"is_prod":false,"is_daily":true,"chose_seed":false,"is_ascension_mode":false,"campfire_upgraded":0,"timestamp":1524775443,"path_taken":["M","?","$","?","M","E","?","R","T","E","M","$","?","M","R","BOSS","M","?","$","M","?","E","R","?","T","M","?","M","M","M","R","BOSS","M","$","?","?","M","E","R","E","T","M","?","$","M","?","R","BOSS"],"build_version":"2018-04-19","seed_source_timestamp":0,"purchased_purges":5,"victory":true,"master_deck":["Defend_G+1","Defend_G+1","Defend_G+1","Strike_G+1","Strike_G+1","Strike_G+1","Survivor","Neutralize","Infinite Blades","Footwork","Backflip","Inflame","Limit Break","Heavy Blade","Finisher","Deflect","Infinite Blades","PiercingWail+1","After Image","Cleave","Expertise","Uppercut+1","Master of Strategy","Finesse","Armaments","Whirlwind","Purity"],"max_hp_per_floor":[70,70,70,70,70,70,70,70,70,70,70,70,70,70,70,70,70,70,70,70,70,70,70,70,80,80,80,80,80,80,80,80,80,80,80,80,80,80,80,80,80,80,80,80,80,80,80,80,80,80],"relics":["Ring of the Snake","Shuriken","Smiling Mask","Tingsha","Lantern","Omamori","Ninja Scroll","Sozu","Red Mask","Happy Flower","Prayer Wheel","Orrery","Paper Crane","Pen Nib","Bag of Preparation","Regal Pillow","Shovel","Gremlin Horn","Meat on the Bone"],"card_choices":[{"not_picked":["Perfected Strike"],"picked":"Rampage","floor":1},{"not_picked":["Dodge and Roll"],"picked":"Infinite Blades","floor":6},{"not_picked":["Burning Pact"],"picked":"Footwork","floor":10},{"not_picked":["Reflex"],"picked":"Backflip","floor":11},{"not_picked":["Wild Strike"],"picked":"Inflame","floor":14},{"not_picked":["Glass Knife"],"picked":"Limit Break","floor":16},{"not_picked":["Pommel Strike"],"picked":"Heavy Blade","floor":18},{"not_picked":["Poisoned Stab"],"picked":"Deflect","floor":21},{"not_picked":["Flex"],"picked":"After Image","floor":23},{"not_picked":["Underhanded Strike"],"picked":"Infinite Blades","floor":28},{"not_picked":["Riddle With Holes"],"picked":"PiercingWail","floor":30},{"not_picked":["Corpse Explosion"],"picked":"After Image","floor":33},{"not_picked":["Havoc"],"picked":"Cleave","floor":34},{"not_picked":["Prepared"],"picked":"Expertise","floor":34},{"not_picked":["Rampage"],"picked":"Uppercut","floor":35},{"not_picked":["Backflip"],"picked":"Armaments","floor":39},{"not_picked":["Dual Wield"],"picked":"Whirlwind","floor":43}],"player_experience":77670,"potions_floor_usage":[],"damage_taken":[{"damage":4,"enemies":"Jaw Worm","floor":1,"turns":7},{"damage":10,"enemies":"Small Slimes","floor":5,"turns":3},{"damage":14,"enemies":"Gremlin Nob","floor":6,"turns":4},{"damage":11,"enemies":"3 Sentries","floor":10,"turns":6},{"damage":0,"enemies":"2 Louse","floor":11,"turns":3},{"damage":4,"enemies":"Blue Slaver","floor":14,"turns":2},{"damage":1,"enemies":"The Guardian","floor":16,"turns":9},{"damage":16,"enemies":"3 Byrds","floor":18,"turns":4},{"damage":13,"enemies":"Masked Bandits","floor":19,"turns":3},{"damage":7,"enemies":"Chosen","floor":21,"turns":2},{"damage":31,"enemies":"Gremlin Leader","floor":23,"turns":4},{"damage":0,"enemies":"Sentry and Sphere","floor":27,"turns":3},{"damage":0,"enemies":"Slaver and Parasite","floor":28,"turns":4},{"damage":0,"enemies":"Snake Plant","floor":29,"turns":4},{"damage":0,"enemies":"Centurion and Healer","floor":30,"turns":2},{"damage":1,"enemies":"Sentry and Sphere","floor":31,"turns":3},{"damage":66,"enemies":"Automaton","floor":33,"turns":10},{"damage":9,"enemies":"3 Darklings","floor":35,"turns":4},{"damage":1,"enemies":"3 Shapes","floor":38,"turns":5},{"damage":0,"enemies":"Maw","floor":39,"turns":6},{"damage":8,"enemies":"Nemesis","floor":40,"turns":5},{"damage":13,"enemies":"Giant Head","floor":42,"turns":6},{"damage":0,"enemies":"Sphere and 2 Shapes","floor":44,"turns":2},{"damage":8,"enemies":"Mysterious Sphere","floor":45,"turns":5},{"damage":0,"enemies":"Spire Growth","floor":47,"turns":3},{"damage":54,"enemies":"Awakened One","floor":50,"turns":10}],"event_choices":[{"event_name":"Liars Game","player_choice":"agreed","floor":2,"damage_taken":0},{"event_name":"Living Wall","player_choice":"Forget","floor":4,"damage_taken":0},{"event_name":"The Cleric","player_choice":"Card Removal","floor":13,"damage_taken":0},{"event_name":"Masked Bandits","player_choice":"Fought over 404 gold","floor":19,"damage_taken":0},{"event_name":"Back to Basics","player_choice":"Simplicity","floor":22,"damage_taken":0},{"event_name":"Bonfire Elementals","player_choice":"RARE","floor":25,"damage_taken":0},{"event_name":"The Woman in Blue","player_choice":"Bought 0 Potions","floor":37,"damage_taken":0},{"event_name":"Mysterious Sphere","player_choice":"Fight","floor":45,"damage_taken":0},{"event_name":"Tomb of Lord Red Mask","player_choice":"Wore Mask","floor":48,"damage_taken":0}],"boss_relics":[{"not_picked":["Snecko Eye","White Beast Statue"],"picked":"Sozu"},{"not_picked":["Philosopher\u0027s Stone","Runic Dome"],"picked":"Orrery"}],"potions_floor_spawned":[5,6,10,19,23,27,31,33,35,39,44,45,47],"seed_played":"-4689612834515747258","ascension_level":0,"is_trial":false}