{"gold_per_floor":[112,142,67,67,142,142,181,216,264,93,127,127,207,230,230,230],"floor_reached":16,"playtime":502,"items_purged":["Regret","Strike_R"],"score":197,"play_id":"1ff480b4-7ed3-427b-95d5-ee42963572dc","local_time":"20190208180100","is_ascension_mode":true,"campfire_choices":[{"data":"Pummel","floor":6,"key":"SMITH"},{"floor":15,"key":"REST"}],"neow_cost":"NONE","seed_source_timestamp":96083281408320,"circlet_count":0,"master_deck":["Strike_R","Strike_R","Strike_R","Defend_R","Defend_R","Defend_R","Defend_R","Bash","Pummel+1","Shrug It Off","Metallicize","Flame Barrier","Sword Boomerang","Corruption"],"relics":["Burning Blood","NeowsBlessing","Tiny Chest","Golden Idol","WingedGreaves","Mummified Hand","Boot","Potion Belt","Darkstone Periapt"],"potions_floor_usage":[13,13],"damage_taken":[{"damage":0,"enemies":"Cultist","floor":1,"turns":1},{"damage":0,"enemies":"3 Sentries","floor":7,"turns":1},{"damage":0,"enemies":"Lagavulin","floor":8,"turns":1},{"damage":25,"enemies":"3 Sentries","floor":11,"turns":11},{"damage":33,"enemies":"Lagavulin Event","floor":13,"turns":11},{"damage":1,"enemies":"Small Slimes","floor":14,"turns":2},{"damage":45,"enemies":"Slime Boss","floor":16,"turns":9}],"seed_played":"7973573627406289840","potions_obtained":[{"floor":1,"key":"EssenceOfSteel"},{"floor":11,"key":"EssenceOfSteel"}],"is_trial":false,"path_per_floor":["M","?","$","?","?","R","E","E","T","$","E","?","?","M","R","B"],"character_chosen":"IRONCLAD","items_purchased":["Metallicize"],"campfire_rested":1,"item_purchase_floors":[10],"current_hp_per_floor":[80,80,80,60,49,49,55,61,61,61,42,35,8,13,37,0],"gold":230,"neow_bonus":"THREE_ENEMY_KILL","is_prod":false,"is_daily":false,"chose_seed":false,"campfire_upgraded":1,"win_rate":0,"timestamp":1549645260,"path_taken":["M","?","$","?","?","R","E","E","T","$","E","?","?","?","R","BOSS"],"build_version":"2019-01-23","purchased_purges":2,"victory":false,"max_hp_per_floor":[80,80,80,80,80,80,80,80,80,80,80,80,80,80,80,80],"card_choices":[{"not_picked":["Reckless Charge","Battle Trance"],"picked":"Pummel","floor":1},{"not_picked":["True Grit","Combust"],"picked":"Shrug It Off","floor":7},{"not_picked":["Entrench","Searing Blow","Battle Trance"],"picked":"SKIP","floor":8},{"not_picked":["Offering","Heavy Blade"],"picked":"Flame Barrier","floor":11},{"not_picked":["Dual Wield","Pommel Strike"],"picked":"Sword Boomerang","floor":13},{"not_picked":["Rupture","Thunderclap"],"picked":"Corruption","floor":14}],"player_experience":253707,"relics_obtained":[{"floor":7,"key":"WingedGreaves"},{"floor":8,"key":"Mummified Hand"},{"floor":9,"key":"Boot"},{"floor":11,"key":"Potion Belt"}],"event_choices":[{"damage_healed":0,"gold_gain":0,"player_choice":"Box","damage_taken":0,"relics_obtained":["Tiny Chest"],"max_hp_gain":0,"max_hp_loss":0,"event_name":"Big Fish","floor":2,"gold_loss":0,"cards_obtained":["Regret"]},{"damage_healed":0,"gold_gain":0,"player_choice":"Take Damage","damage_taken":20,"relics_obtained":["Golden Idol"],"max_hp_gain":0,"max_hp_loss":0,"event_name":"Golden Idol","floor":4,"gold_loss":0},{"damage_healed":0,"gold_gain":75,"player_choice":"Gather Gold","damage_taken":11,"max_hp_gain":0,"max_hp_loss":0,"event_name":"World of Goop","floor":5,"gold_loss":0},{"cards_removed":["Strike_R"],"damage_healed":0,"gold_gain":0,"player_choice":"Card Removal","damage_taken":7,"max_hp_gain":0,"max_hp_loss":0,"event_name":"Golden Wing","floor":12,"gold_loss":0},{"damage_healed":0,"gold_gain":0,"player_choice":"Searched \u00272\u0027 times","damage_taken":0,"relics_obtained":["Darkstone Periapt"],"max_hp_gain":0,"max_hp_loss":0,"event_name":"Dead Adventurer","floor":13,"gold_loss":0}],"is_beta":false,"boss_relics":[],"items_purged_floors":[3,10],"is_endless":false,"potions_floor_spawned":[1,11],"killed_by":"Slime Boss","ascension_level":4}