{"gold_per_floor":[119,119,131,131,150,150,177,189,212,212,231,231,241,259,259,259],"floor_reached":16,"playtime":520,"items_purged":[],"score":172,"play_id":"52974676-85fe-481f-b65a-9d6d39bccb13","local_time":"20190121232032","is_ascension_mode":true,"campfire_choices":[{"data":"Perfected Strike","floor":6,"key":"SMITH"},{"data":"True Grit","floor":12,"key":"SMITH"},{"data":"Shockwave","floor":15,"key":"SMITH"}],"neow_cost":"NONE","seed_source_timestamp":193449297166134,"circlet_count":0,"master_deck":["AscendersBane","Strike_R+1","Strike_R","Strike_R","Strike_R","Defend_R","Defend_R","Defend_R","Bash","Flex+1","Perfected Strike+1","Metallicize","Pummel","Shrug It Off","Hemokinesis","True Grit+1","Shockwave+1"],"relics":["Burning Blood","Art of War","Omamori"],"potions_floor_usage":[7,11,14],"damage_taken":[{"damage":4,"enemies":"Jaw Worm","floor":1,"turns":5},{"damage":0,"enemies":"Small Slimes","floor":3,"turns":3},{"damage":1,"enemies":"Cultist","floor":5,"turns":3},{"damage":21,"enemies":"3 Sentries","floor":7,"turns":7},{"damage":5,"enemies":"Exordium Thugs","floor":8,"turns":4},{"damage":3,"enemies":"Large Slime","floor":11,"turns":3},{"damage":16,"enemies":"Red Slaver","floor":13,"turns":3},{"damage":20,"enemies":"Exordium Thugs","floor":14,"turns":2},{"damage":39,"enemies":"Slime Boss","floor":16,"turns":6}],"seed_played":"-7637214741349319471","potions_obtained":[{"floor":3,"key":"Energy Potion"},{"floor":7,"key":"AttackPotion"},{"floor":8,"key":"Explosive Potion"}],"is_trial":false,"path_per_floor":["M","?","M","?","M","R","E","M","T","?","M","R","M","M","R","B"],"character_chosen":"IRONCLAD","items_purchased":[],"campfire_rested":0,"item_purchase_floors":[],"current_hp_per_floor":[74,58,64,57,62,62,47,48,48,48,51,51,41,27,27,0],"gold":259,"neow_bonus":"THREE_CARDS","is_prod":false,"is_daily":false,"chose_seed":false,"campfire_upgraded":3,"win_rate":0,"timestamp":1548141632,"path_taken":["M","?","M","?","M","R","E","M","T","?","M","R","?","M","R","BOSS"],"build_version":"2019-01-17v2","purchased_purges":0,"victory":false,"max_hp_per_floor":[80,80,80,80,80,80,80,80,80,80,80,80,80,80,80,80],"card_choices":[{"not_picked":["Rage","Clash"],"picked":"Flex","floor":0},{"not_picked":["Sword Boomerang","Body Slam"],"picked":"Perfected Strike","floor":1},{"not_picked":["Clash","Carnage"],"picked":"Metallicize","floor":3},{"not_picked":["Wild Strike","Thunderclap"],"picked":"Pummel","floor":5},{"not_picked":["Clash","Perfected Strike","Heavy Blade"],"picked":"SKIP","floor":7},{"not_picked":["Flex","Burning Pact"],"picked":"Shrug It Off","floor":8},{"not_picked":["Intimidate","Havoc"],"picked":"True Grit","floor":11},{"not_picked":["Wild Strike","Flex"],"picked":"Shockwave","floor":13},{"not_picked":["Heavy Blade","Second Wind","Iron Wave"],"picked":"SKIP","floor":14}],"player_experience":412369,"relics_obtained":[{"floor":7,"key":"Art of War"},{"floor":9,"key":"Omamori"}],"event_choices":[{"damage_healed":0,"gold_gain":0,"player_choice":"Entered Light","damage_taken":16,"max_hp_gain":0,"max_hp_loss":0,"event_name":"Shining Light","floor":2,"gold_loss":0,"cards_upgraded":["Strike_R","Flex"]},{"cards_removed":["Defend_R"],"damage_healed":0,"gold_gain":0,"player_choice":"Card Removal","damage_taken":7,"max_hp_gain":0,"max_hp_loss":0,"event_name":"Golden Wing","floor":4,"gold_loss":0},{"damage_healed":0,"gold_gain":0,"cards_transformed":["Strike_R"],"player_choice":"Transformed","damage_taken":0,"max_hp_gain":0,"max_hp_loss":0,"event_name":"Transmorgrifier","floor":10,"gold_loss":0,"cards_obtained":["Hemokinesis"]}],"is_beta":false,"boss_relics":[],"items_purged_floors":[],"is_endless":false,"potions_floor_spawned":[3,7,8],"killed_by":"Slime Boss","ascension_level":13}