{"path_per_floor":["M","?","M","?","M","E","M","R","T","E","R","?","$","E","R","B",null,"M","?","M","M","$","R","E","R","T","R","M","?","?","M","R"],"character_chosen":"DEFECT","items_purchased":["Bottled Tornado","Capacitor"],"gold_per_floor":[119,119,134,134,146,176,195,195,274,303,303,378,42,69,69,174,174,114,39,55,67,40,40,66,66,66,66,84,84,84,104,104,104],"floor_reached":33,"campfire_rested":4,"playtime":2348,"current_hp_per_floor":[73,73,65,65,64,64,64,64,64,50,50,39,39,38,38,32,82,47,47,33,14,14,38,9,33,33,57,37,21,21,21,45,0],"items_purged":["Defend_B"],"gold":104,"score":348,"play_id":"45fd5adf-ba53-40a7-a77c-12da20462d75","local_time":"20180429141557","is_prod":false,"is_daily":false,"chose_seed":false,"is_ascension_mode":true,"campfire_upgraded":3,"timestamp":1525007757,"path_taken":["M","?","M","?","M","E","M","R","T","E","R","?","$","E","R","BOSS","M","?","?","M","$","R","E","R","T","R","M","?","?","?","R","BOSS"],"build_version":"2018-04-27v3","seed_source_timestamp":60906408271467,"purchased_purges":1,"victory":false,"master_deck":["Strike_B","Defend_B","Defend_B","Zap+1","Dualcast+1","Defragment+1","Coolheaded+1","Loop+1","Go for the Eyes+1","Chill","Impulse+1","Leap","Axe Kick","Darkness","Double Energy+1","Machine Learning","Cold Snap+1","Barrage+1","Conserve Battery+1","Capacitor","Capacitor+1","Fusion","Zap","Skim+1"],"max_hp_per_floor":[75,75,75,75,75,75,75,75,75,75,75,75,75,82,82,82,82,82,82,82,82,82,82,82,82,82,82,82,82,82,82,82,82],"relics":["Astrolabe","Du-Vu Doll","Shuriken","Art of War","Bottled Tornado","Strawberry","Philosopher\u0027s Stone","Kunai","Anchor","Nilry\u0027s Codex"],"card_choices":[{"not_picked":["Aggregate","Cold Snap"],"picked":"Go for the Eyes","floor":1},{"not_picked":["Scrape","Undo"],"picked":"Chill","floor":3},{"not_picked":["Leap","Beam Cell"],"picked":"Impulse","floor":5},{"not_picked":["Beam Cell","Skim"],"picked":"Leap","floor":6},{"not_picked":["Impulse","Leap"],"picked":"Axe Kick","floor":7},{"not_picked":["Hello World","Flux Capacitor"],"picked":"Darkness","floor":10},{"not_picked":["Conserve Battery","Barrage"],"picked":"Double Energy","floor":14},{"not_picked":["Redo","Thunder Strike"],"picked":"Machine Learning","floor":16},{"not_picked":["Steam Power","Glacier"],"picked":"Cold Snap","floor":18},{"not_picked":["Sweeping Beam","Leap"],"picked":"Barrage","floor":20},{"not_picked":["Chaos","Blaster"],"picked":"Conserve Battery","floor":21},{"not_picked":["Force Field","Streamline"],"picked":"Capacitor","floor":24},{"not_picked":["Beam Cell","Cold Snap"],"picked":"Skim","floor":31}],"player_experience":88168,"potions_floor_usage":[16,21,28,28],"damage_taken":[{"damage":2,"enemies":"Cultist","floor":1,"turns":4},{"damage":8,"enemies":"Jaw Worm","floor":3,"turns":4},{"damage":1,"enemies":"2 Louse","floor":5,"turns":3},{"damage":0,"enemies":"Lagavulin","floor":6,"turns":7},{"damage":0,"enemies":"Large Slime","floor":7,"turns":7},{"damage":14,"enemies":"3 Sentries","floor":10,"turns":11},{"damage":8,"enemies":"Gremlin Nob","floor":14,"turns":3},{"damage":6,"enemies":"The Guardian","floor":16,"turns":8},{"damage":35,"enemies":"2 Thieves","floor":18,"turns":4},{"damage":14,"enemies":"Spheric Guardian","floor":20,"turns":6},{"damage":28,"enemies":"Snake Plant","floor":21,"turns":4},{"damage":29,"enemies":"Book of Stabbing","floor":24,"turns":6},{"damage":20,"enemies":"Cultist and Chosen","floor":28,"turns":6},{"damage":0,"enemies":"Centurion and Healer","floor":31,"turns":6},{"damage":68,"enemies":"Champ","floor":33,"turns":10}],"event_choices":[{"event_name":"Upgrade Shrine","player_choice":"Upgraded","floor":2,"damage_taken":0},{"event_name":"Living Wall","player_choice":"Grow","floor":4,"damage_taken":0},{"event_name":"World of Goop","player_choice":"Gather Gold","floor":12,"damage_taken":0},{"event_name":"Beggar","player_choice":"Gave Gold","floor":19,"damage_taken":0},{"event_name":"Cursed Tome","player_choice":"Obtained Book","floor":29,"damage_taken":0},{"event_name":"Match and Keep!","player_choice":"2 cards matched","floor":30,"damage_taken":0}],"boss_relics":[{"not_picked":["Eternal Feather","Lizard Tail"],"picked":"Philosopher\u0027s Stone"}],"potions_floor_spawned":[3,10,14,16,24,31],"seed_played":"1606462367854136033","killed_by":"Champ","ascension_level":1,"is_trial":false}