{"gold_per_floor":[109,124,140,103,103,128,128,15,15,15,33,53,53,88,88,189,189,200,125,137,137,137,164,164,199,199,210,235,235,249,269,269,374,374,389,389,389,406,103,103,103,130,130,130,146,162,162,162,162,162],"floor_reached":51,"playtime":3461,"items_purged":[],"score":978,"play_id":"6ae1f011-8889-46eb-8740-86209bb1a74a","local_time":"20190208213220","is_ascension_mode":true,"campfire_choices":[{"floor":7,"key":"REST"},{"floor":13,"key":"REST"},{"floor":15,"key":"REST"},{"floor":24,"key":"REST"},{"floor":29,"key":"REST"},{"floor":32,"key":"REST"},{"floor":41,"key":"REST"},{"floor":44,"key":"REST"},{"floor":49,"key":"REST"}],"neow_cost":"NONE","seed_source_timestamp":105791610107347,"circlet_count":0,"master_deck":["Defend_G","Defend_G","Defend_G","Defend_G","Defend_G","Strike_G","Strike_G","Strike_G","Strike_G","Survivor","Neutralize+1","Crippling Poison","Deflect","Outmaneuver","Footwork+1","Blur","Noxious Fumes","Blur","Backflip","Cloak And Dagger","Backstab+1","RitualDagger","Blur","Cloak And Dagger+1","Backstab","Die Die Die","Cloak And Dagger","Footwork","Backstab","Backstab+1","Distraction+1","Panacea","RitualDagger"],"relics":["Ring of the Snake","Ninja Scroll","Darkstone Periapt","Ornamental Fan","Bottled Tornado","Fusion Hammer","Pen Nib","Regal Pillow","Smiling Mask","Dead Branch","FossilizedHelix","HoveringKite","Snake Skull","Dodecahedron","Nunchaku"],"potions_floor_usage":[6,14,33,40,50,50,50],"damage_taken":[{"damage":0,"enemies":"Cultist","floor":1,"turns":4},{"damage":0,"enemies":"2 Louse","floor":2,"turns":4},{"damage":0,"enemies":"Jaw Worm","floor":3,"turns":4},{"damage":57,"enemies":"Lagavulin","floor":6,"turns":15},{"damage":1,"enemies":"3 Louse","floor":11,"turns":4},{"damage":0,"enemies":"Blue Slaver","floor":12,"turns":5},{"damage":10,"enemies":"3 Sentries","floor":14,"turns":7},{"damage":17,"enemies":"The Guardian","floor":16,"turns":15},{"damage":0,"enemies":"Shell Parasite","floor":18,"turns":9},{"damage":7,"enemies":"Chosen","floor":20,"turns":6},{"damage":32,"enemies":"Slavers","floor":23,"turns":8},{"damage":1,"enemies":"Book of Stabbing","floor":25,"turns":9},{"damage":4,"enemies":"Centurion and Healer","floor":27,"turns":5},{"damage":38,"enemies":"Gremlin Leader","floor":28,"turns":7},{"damage":0,"enemies":"Cultist and Chosen","floor":30,"turns":6},{"damage":12,"enemies":"Snake Plant","floor":31,"turns":6},{"damage":19,"enemies":"Automaton","floor":33,"turns":11},{"damage":0,"enemies":"Orb Walker","floor":35,"turns":2},{"damage":0,"enemies":"3 Darklings","floor":38,"turns":4},{"damage":48,"enemies":"Giant Head","floor":40,"turns":9},{"damage":0,"enemies":"Reptomancer","floor":42,"turns":7},{"damage":0,"enemies":"Spire Growth","floor":45,"turns":4},{"damage":0,"enemies":"Transient","floor":46,"turns":5},{"damage":55,"enemies":"Awakened One","floor":50,"turns":19}],"seed_played":"-4417903894496078477","potions_obtained":[{"floor":1,"key":"SteroidPotion"},{"floor":12,"key":"Poison Potion"},{"floor":14,"key":"SmokeBomb"},{"floor":20,"key":"FearPotion"},{"floor":23,"key":"FearPotion"},{"floor":25,"key":"Dexterity Potion"},{"floor":33,"key":"Regen Potion"},{"floor":42,"key":"FearPotion"}],"is_trial":false,"path_per_floor":["M","M","M","$","?","E","R","$","T","?","M","M","R","E","R","B",null,"M","?","M","?","?","E","R","E","T","M","E","R","M","M","R","B",null,"M","?","?","M","$","E","R","E","T","R","M","M","?","?","R","B",null],"character_chosen":"THE_SILENT","items_purchased":["Footwork","Noxious Fumes","Blur","Snake Skull","Footwork","Backstab"],"campfire_rested":9,"item_purchase_floors":[4,8,8,39,39,39],"current_hp_per_floor":[70,70,70,70,70,13,34,34,34,27,26,26,47,37,58,41,70,70,70,63,57,57,25,61,60,60,56,18,54,54,42,70,51,70,70,66,66,66,66,18,52,52,52,66,66,66,66,66,66,26],"gold":162,"neow_bonus":"UPGRADE_CARD","is_prod":false,"is_daily":false,"chose_seed":false,"campfire_upgraded":0,"win_rate":0,"timestamp":1549657940,"path_taken":["M","?","M","$","?","E","R","$","T","?","M","M","R","E","R","BOSS","M","?","M","?","?","E","R","E","T","M","E","R","?","?","R","BOSS","M","?","?","M","$","E","R","E","T","R","?","M","?","?","R","BOSS"],"build_version":"2019-01-23","purchased_purges":0,"victory":true,"max_hp_per_floor":[70,70,70,70,70,70,70,70,70,70,70,70,70,70,70,70,70,70,70,70,70,70,70,70,70,70,70,70,70,70,70,70,70,70,70,66,66,66,66,66,66,66,66,66,66,66,66,66,66,66],"card_choices":[{"not_picked":["Choke","Deflect"],"picked":"Crippling Poison","floor":1},{"not_picked":["Slice","Flying Knee"],"picked":"Deflect","floor":2},{"not_picked":["Quick Slash","Deadly Poison"],"picked":"Outmaneuver","floor":3},{"not_picked":["Finisher","Riddle With Holes"],"picked":"Blur","floor":6},{"not_picked":["Deflect","Bouncing Flask"],"picked":"Backflip","floor":11},{"not_picked":["Slice","Underhanded Strike","Tools of the Trade"],"picked":"SKIP","floor":12},{"not_picked":["Dagger Spray","Prepared"],"picked":"Cloak And Dagger","floor":14},{"not_picked":["Cloak And Dagger+1","Bouncing Flask"],"picked":"Backstab+1","floor":18},{"not_picked":["Quick Slash","Tactician","Slice"],"picked":"SKIP","floor":20},{"not_picked":["Slice","Underhanded Strike","Grand Finale"],"picked":"SKIP","floor":23},{"not_picked":["Bane","PiercingWail"],"picked":"Blur","floor":25},{"not_picked":["Flying Knee","Slice","Bane"],"picked":"SKIP","floor":27},{"not_picked":["Quick Slash","Acrobatics","Backflip"],"picked":"SKIP","floor":28},{"not_picked":["Flying Knee","Bullet Time"],"picked":"Cloak And Dagger+1","floor":30},{"not_picked":["Acrobatics","Skewer"],"picked":"Backstab","floor":31},{"not_picked":["A Thousand Cuts","Storm of Steel"],"picked":"Die Die Die","floor":33},{"not_picked":["Dodge and Roll","Flying Knee"],"picked":"Cloak And Dagger","floor":35},{"not_picked":["Prepared+1","Dagger Spray","Deflect+1"],"picked":"SKIP","floor":38},{"not_picked":["Doppelganger","PiercingWail+1","Dagger Throw"],"picked":"SKIP","floor":42},{"not_picked":["Bane+1","All Out Attack+1"],"picked":"Backstab+1","floor":45},{"not_picked":["Acrobatics","Eviscerate+1"],"picked":"Distraction+1","floor":46},{"not_picked":["Secret Weapon","Enlightenment"],"picked":"Panacea","floor":47}],"player_experience":257899,"relics_obtained":[{"floor":6,"key":"Ninja Scroll"},{"floor":9,"key":"Darkstone Periapt"},{"floor":14,"key":"Bottled Tornado"},{"floor":22,"key":"Pen Nib"},{"floor":23,"key":"Regal Pillow"},{"floor":25,"key":"Smiling Mask"},{"floor":26,"key":"Dead Branch"},{"floor":28,"key":"FossilizedHelix"},{"floor":42,"key":"Dodecahedron"},{"floor":43,"key":"Nunchaku"}],"event_choices":[{"damage_healed":0,"gold_gain":0,"player_choice":"Grow","damage_taken":0,"max_hp_gain":0,"max_hp_loss":0,"event_name":"Living Wall","floor":5,"gold_loss":0,"cards_upgraded":["Footwork"]},{"damage_healed":0,"gold_gain":0,"player_choice":"Success","damage_taken":7,"relics_obtained":["Ornamental Fan"],"max_hp_gain":0,"max_hp_loss":0,"event_name":"Scrap Ooze","floor":10,"gold_loss":0},{"cards_removed":["Strike_G"],"damage_healed":0,"gold_gain":0,"player_choice":"Gave Gold","damage_taken":0,"max_hp_gain":0,"max_hp_loss":0,"event_name":"Beggar","floor":19,"gold_loss":75},{"damage_healed":0,"gold_gain":0,"player_choice":"Joined the Cult","damage_taken":6,"max_hp_gain":0,"max_hp_loss":0,"event_name":"Nest","floor":21,"gold_loss":0,"cards_obtained":["RitualDagger"]},{"damage_healed":0,"gold_gain":0,"player_choice":"Relic","damage_taken":0,"max_hp_gain":0,"max_hp_loss":0,"event_name":"Wheel of Change","floor":22,"gold_loss":0},{"damage_healed":0,"gold_gain":0,"player_choice":"Max HP","damage_taken":0,"max_hp_gain":0,"max_hp_loss":4,"event_name":"Winding Halls","floor":36,"gold_loss":0},{"damage_healed":0,"gold_gain":0,"player_choice":"Full Heal","damage_taken":0,"max_hp_gain":0,"max_hp_loss":0,"event_name":"Wheel of Change","floor":37,"gold_loss":0},{"damage_healed":0,"gold_gain":0,"player_choice":"Memory 1","damage_taken":0,"max_hp_gain":0,"max_hp_loss":0,"event_name":"SensoryStone","floor":47,"gold_loss":0},{"damage_healed":0,"gold_gain":0,"player_choice":"Copied","damage_taken":0,"max_hp_gain":0,"max_hp_loss":0,"event_name":"Duplicator","floor":48,"gold_loss":0,"cards_obtained":["RitualDagger"]}],"is_beta":false,"boss_relics":[{"not_picked":["Tiny House","Eternal Feather"],"picked":"Fusion Hammer"},{"not_picked":["Velvet Choker","Cursed Key"],"picked":"HoveringKite"}],"items_purged_floors":[],"is_endless":false,"potions_floor_spawned":[1,12,14,20,23,25,28,33,40,42,45],"ascension_level":4}