{"path_per_floor":["M","$","?","?","?","R","E","R","T","M","E","M","T","T","R"],"character_chosen":"THE_SILENT","items_purchased":[],"gold_per_floor":[112,37,37,37,112,112,139,139,194,212,246,259,259,259,259,259],"floor_reached":16,"campfire_rested":3,"playtime":522,"item_purchase_floors":[],"current_hp_per_floor":[68,68,61,58,47,68,14,35,35,25,13,13,13,13,34,13],"items_purged":["Defend_G"],"gold":259,"score":127,"play_id":"31928045-1215-4c08-a2bb-6ff0f84bf947","local_time":"20180609213817","is_prod":false,"is_daily":false,"chose_seed":false,"is_ascension_mode":true,"campfire_upgraded":0,"win_rate":0,"timestamp":1528576697,"campfire_choices":[{"floor":6,"key":"REST"},{"floor":8,"key":"REST"},{"floor":15,"key":"REST"}],"path_taken":["M","$","?","?","?","R","E","R","T","M","E","?","?","?","R","BOSS"],"build_version":"2018-06-08","seed_source_timestamp":2372692666287334,"purchased_purges":1,"victory":false,"master_deck":["Defend_G","Defend_G","Defend_G","Defend_G","Strike_G","Strike_G","Strike_G","Strike_G","Strike_G","Survivor","Neutralize","Adrenaline","Acrobatics","Deflect","Setup","Acrobatics","Crippling Poison"],"max_hp_per_floor":[70,70,70,70,70,70,70,70,70,70,70,70,70,70,70,70],"relics":["Ring of the Snake","Boot","Omamori","Tiny Chest","Matryoshka","Anchor","Ninja Scroll","Molten Egg 2","Juzu Bracelet"],"card_choices":[{"not_picked":["Escape Plan","Outmaneuver"],"picked":"Acrobatics","floor":1},{"not_picked":["Skewer","Terror"],"picked":"Deflect","floor":7},{"not_picked":["Leg Sweep","Underhanded Strike"],"picked":"Setup","floor":10},{"not_picked":["Skewer","Prepared"],"picked":"Acrobatics","floor":11},{"not_picked":["Backflip","Backstab"],"picked":"Crippling Poison","floor":12}],"player_experience":247137,"potions_floor_usage":[7,11,11],"damage_taken":[{"damage":2,"enemies":"Small Slimes","floor":1,"turns":3},{"damage":54,"enemies":"Gremlin Nob","floor":7,"turns":5},{"damage":10,"enemies":"Cultist","floor":10,"turns":4},{"damage":12,"enemies":"3 Sentries","floor":11,"turns":9},{"damage":0,"enemies":"2 Louse","floor":12,"turns":4},{"damage":21,"enemies":"Hexaghost","floor":16,"turns":10}],"relics_obtained":[{"floor":7,"key":"Omamori"},{"floor":9,"key":"Tiny Chest"},{"floor":11,"key":"Matryoshka"},{"floor":13,"key":"Anchor"},{"floor":13,"key":"Ninja Scroll"},{"floor":14,"key":"Molten Egg 2"},{"floor":14,"key":"Juzu Bracelet"}],"event_choices":[{"event_name":"Wheel of Change","player_choice":"Damage","floor":3,"damage_taken":0},{"event_name":"Scrap Ooze","player_choice":"success","floor":4,"damage_taken":3},{"event_name":"World of Goop","player_choice":"Gather Gold","floor":5,"damage_taken":0}],"boss_relics":[],"items_purged_floors":[2],"potions_floor_spawned":[1,7,10],"seed_played":"-1145440368480443919","killed_by":"Hexaghost","ascension_level":4,"potions_obtained":[{"floor":1,"key":"GamblersBrew"},{"floor":7,"key":"Strength Potion"},{"floor":10,"key":"Poison Potion"}],"is_trial":false}