{"gold_per_floor":[212,287,297,311,9,42,42,42,42,52,69,69,100,100,100,175,175,189,189,189,206,216,216,227,227,227,227,238,254,254,11,11,90,90,108,108,108,119,69,69,84,99,99,99,99,117,117,136,136,136],"floor_reached":51,"playtime":3163,"items_purged":["Strike_B","Strike_B"],"score":1194,"play_id":"e01bc2d3-c8ac-4c4c-aa37-e88e3ad07d62","local_time":"20190213021953","is_ascension_mode":true,"campfire_choices":[{"floor":7,"key":"REST"},{"data":"Zap","floor":12,"key":"SMITH"},{"data":"Streamline","floor":15,"key":"SMITH"},{"data":"Hologram","floor":23,"key":"SMITH"},{"floor":27,"key":"REST"},{"floor":30,"key":"REST"},{"data":"Rainbow","floor":32,"key":"SMITH"},{"floor":40,"key":"REST"},{"floor":44,"key":"REST"},{"floor":49,"key":"REST"}],"neow_cost":"NONE","seed_source_timestamp":1826636068244499,"circlet_count":0,"master_deck":["AscendersBane","Strike_B","Defend_B","Defend_B","Defend_B","Zap+1","Dualcast","Leap","Coolheaded","Streamline+1","Rebound","Coolheaded","BootSequence","FTL","Rainbow+1","Hologram+1","Steam","White Noise","Chill","Panacea","Reboot+1","Darkness+1","Madness","Apotheosis+1","Auto Shields+1"],"relics":["Cracked Core","Runic Capacitor","Boot","Darkstone Periapt","Pen Nib","Velvet Choker","Mango","Spirit Poop","Question Card","Eternal Feather","Molten Egg 2"],"potions_floor_usage":[24,25,33,33,50,50],"damage_taken":[{"damage":7,"enemies":"Jaw Worm","floor":1,"turns":3},{"damage":0,"enemies":"2 Louse","floor":3,"turns":1},{"damage":0,"enemies":"Cultist","floor":4,"turns":4},{"damage":32,"enemies":"3 Sentries","floor":6,"turns":9},{"damage":5,"enemies":"Blue Slaver","floor":10,"turns":4},{"damage":7,"enemies":"Looter","floor":11,"turns":3},{"damage":0,"enemies":"Lagavulin","floor":13,"turns":7},{"damage":11,"enemies":"Hexaghost","floor":16,"turns":11},{"damage":5,"enemies":"Shell Parasite","floor":18,"turns":6},{"damage":12,"enemies":"Spheric Guardian","floor":21,"turns":4},{"damage":4,"enemies":"Snake Plant","floor":22,"turns":3},{"damage":0,"enemies":"Chosen and Byrds","floor":24,"turns":4},{"damage":0,"enemies":"Gremlin Leader","floor":25,"turns":3},{"damage":14,"enemies":"Centurion and Healer","floor":28,"turns":7},{"damage":2,"enemies":"3 Cultists","floor":29,"turns":5},{"damage":70,"enemies":"Collector","floor":33,"turns":15},{"damage":0,"enemies":"3 Shapes","floor":35,"turns":4},{"damage":11,"enemies":"Orb Walker","floor":38,"turns":5},{"damage":44,"enemies":"Sphere and 2 Shapes","floor":41,"turns":9},{"damage":16,"enemies":"3 Darklings","floor":42,"turns":8},{"damage":12,"enemies":"4 Shapes","floor":46,"turns":8},{"damage":47,"enemies":"Sphere and 2 Shapes","floor":48,"turns":6},{"damage":29,"enemies":"Donu and Deca","floor":50,"turns":12}],"seed_played":"-7166726219238718315","potions_obtained":[{"floor":3,"key":"SmokeBomb"},{"floor":6,"key":"Explosive Potion"},{"floor":29,"key":"Ancient Potion"},{"floor":33,"key":"SpeedPotion"},{"floor":41,"key":"Ancient Potion"},{"floor":48,"key":"FocusPotion"}],"is_trial":false,"path_per_floor":["M","?","M","M","$","E","R","?","T","M","M","R","E","?","R","B",null,"M","?","?","M","M","R","M","E","T","R","M","M","R","$","R","B",null,"M","?","?","M","?","R","M","M","T","R","?","M","$","M","R","B",null],"character_chosen":"DEFECT","items_purchased":["Rebound","Runic Capacitor","Dexterity Potion","Panacea"],"campfire_rested":6,"item_purchase_floors":[5,5,31,31],"current_hp_per_floor":[57,46,46,46,46,14,35,28,28,23,16,16,16,16,16,5,55,50,70,70,58,54,54,54,54,54,81,67,65,91,91,91,21,74,74,64,64,53,53,91,47,31,31,73,73,61,61,14,56,27],"gold":136,"neow_bonus":"HUNDRED_GOLD","is_prod":false,"is_daily":false,"chose_seed":false,"campfire_upgraded":4,"win_rate":0,"timestamp":1549991993,"path_taken":["M","?","M","M","$","E","R","?","T","M","M","R","E","?","R","BOSS","M","?","?","M","M","R","M","E","T","R","M","M","R","$","R","BOSS","M","?","?","M","?","R","?","M","T","R","?","M","$","?","R","BOSS"],"build_version":"2019-01-23","purchased_purges":2,"victory":true,"max_hp_per_floor":[71,71,71,71,71,71,71,71,71,71,71,71,71,71,71,71,71,71,91,91,91,91,91,91,91,91,91,91,91,91,91,91,91,91,91,91,91,91,91,91,91,91,91,91,91,91,91,91,91,91],"card_choices":[{"not_picked":["Compile Driver","Rebound"],"picked":"Leap","floor":1},{"not_picked":["Steam","Recycle"],"picked":"Coolheaded","floor":3},{"not_picked":["Steam","Redo"],"picked":"Streamline","floor":4},{"not_picked":["Tempest","Ball Lightning"],"picked":"Coolheaded","floor":6},{"not_picked":["Cold Snap","Rebound"],"picked":"BootSequence","floor":10},{"not_picked":["Streamline","Cold Snap"],"picked":"FTL","floor":11},{"not_picked":["Steam Power","Barrage","Meteor Strike"],"picked":"SKIP","floor":13},{"not_picked":["Reboot","Amplify"],"picked":"Rainbow","floor":16},{"not_picked":["Rebound","Sweeping Beam","Go for the Eyes"],"picked":"SKIP","floor":18},{"not_picked":["Stack+1","Blizzard"],"picked":"Hologram","floor":21},{"not_picked":["Reinforced Body","Rebound","Stack"],"picked":"SKIP","floor":22},{"not_picked":["Reinforced Body","Rebound","Stack"],"picked":"SKIP","floor":22},{"not_picked":["Beam Cell","Reprogram"],"picked":"Steam","floor":24},{"not_picked":["Blizzard","Ball Lightning","Undo"],"picked":"White Noise","floor":28},{"not_picked":["Gash","Conserve Battery","Lockon"],"picked":"Chill","floor":29},{"not_picked":["Core Surge","Multi-Cast","Thunder Strike"],"picked":"Reboot","floor":33},{"not_picked":["Compile Driver+1","Coolheaded","Hologram"],"picked":"Darkness+1","floor":35},{"not_picked":["HandOfGreed","Jack Of All Trades","Swift Strike"],"picked":"Madness","floor":36},{"not_picked":["Discovery","Sadistic Nature","Secret Weapon"],"picked":"Apotheosis","floor":36},{"not_picked":["Turbo+1","Chaos","Barrage"],"picked":"Auto Shields+1","floor":38},{"not_picked":["Sunder","Darkness","Stack+1","Go for the Eyes"],"picked":"SKIP","floor":41},{"not_picked":["Reprogram","Compile Driver","Undo","Streamline+1"],"picked":"SKIP","floor":42},{"not_picked":["Reinforced Body","Leap+1","Conserve Battery","Auto Shields+1"],"picked":"SKIP","floor":46},{"not_picked":["Streamline+1","Gash+1","Conserve Battery","Recycle"],"picked":"SKIP","floor":48}],"player_experience":990139,"relics_obtained":[{"floor":6,"key":"Boot"},{"floor":9,"key":"Darkstone Periapt"},{"floor":13,"key":"Pen Nib"},{"floor":26,"key":"Question Card"},{"floor":43,"key":"Molten Egg 2"}],"event_choices":[{"damage_healed":0,"gold_gain":75,"player_choice":"Gather Gold","damage_taken":11,"max_hp_gain":0,"max_hp_loss":0,"event_name":"World of Goop","floor":2,"gold_loss":0},{"cards_removed":["Strike_B"],"damage_healed":0,"gold_gain":0,"player_choice":"Card Removal","damage_taken":7,"max_hp_gain":0,"max_hp_loss":0,"event_name":"Golden Wing","floor":8,"gold_loss":0},{"damage_healed":0,"gold_gain":0,"player_choice":"Searched \u00270\u0027 times","damage_taken":0,"max_hp_gain":0,"max_hp_loss":0,"event_name":"Dead Adventurer","floor":14,"gold_loss":0},{"damage_healed":0,"gold_gain":0,"player_choice":"Searched \u00270\u0027 times","damage_taken":0,"max_hp_gain":0,"max_hp_loss":0,"event_name":"Dead Adventurer","floor":14,"gold_loss":0},{"damage_healed":0,"gold_gain":0,"player_choice":"Opened","damage_taken":0,"relics_obtained":["Mango"],"max_hp_gain":0,"max_hp_loss":0,"event_name":"The Mausoleum","floor":19,"gold_loss":0,"cards_obtained":["Writhe"]},{"cards_removed":["Writhe"],"damage_healed":0,"gold_gain":0,"player_choice":"Offered Curse","damage_taken":0,"relics_obtained":["Spirit Poop"],"max_hp_gain":0,"max_hp_loss":0,"event_name":"Bonfire Elementals","floor":20,"gold_loss":0},{"damage_healed":0,"gold_gain":0,"player_choice":"Memory 3","damage_taken":10,"max_hp_gain":0,"max_hp_loss":0,"event_name":"SensoryStone","floor":36,"gold_loss":0},{"cards_removed":["Defend_B"],"damage_healed":0,"gold_gain":0,"player_choice":"Removed Skill","damage_taken":0,"max_hp_gain":0,"max_hp_loss":0,"event_name":"Falling","floor":37,"gold_loss":0},{"damage_healed":0,"gold_gain":0,"player_choice":"Upgrade","damage_taken":0,"max_hp_gain":0,"max_hp_loss":0,"event_name":"Designer","floor":39,"gold_loss":50,"cards_upgraded":["Apotheosis"]},{"damage_healed":0,"gold_gain":0,"player_choice":"Upgraded","damage_taken":0,"max_hp_gain":0,"max_hp_loss":0,"event_name":"Upgrade Shrine","floor":45,"gold_loss":0,"cards_upgraded":["Reboot"]}],"is_beta":false,"boss_relics":[{"not_picked":["Fusion Hammer","Tiny House"],"picked":"Velvet Choker"},{"not_picked":["Snecko Eye","Philosopher\u0027s Stone"],"picked":"Eternal Feather"}],"items_purged_floors":[5,31],"is_endless":false,"potions_floor_spawned":[3,6,25,29,33,41,46,48],"ascension_level":15}