{"gold_per_floor":[119,174,190,190,190,190,122,138,162,187,187,204,204,177,177,272,272,286,298,298,298,298,328,340,369,369,369],"floor_reached":27,"playtime":6086,"items_purged":[],"score":261,"play_id":"f7d4c071-e8c1-47f0-b0c4-0ce075f4e3d7","local_time":"20190130012404","is_ascension_mode":true,"campfire_choices":[{"data":"Zap","floor":6,"key":"SMITH"},{"floor":11,"key":"REST"},{"floor":15,"key":"REST"}],"neow_cost":"NONE","seed_source_timestamp":2677697617049,"circlet_count":0,"master_deck":["Strike_B+1","Strike_B+1","Strike_B+1","Strike_B+1","Defend_B+1","Defend_B+1","Defend_B+1","Defend_B+1","Zap+1","Dualcast","Streamline+1","Hello World","Storm","Compile Driver","Heatsinks","Barrage","Echo Form","Conserve Battery","Ball Lightning","Loop","Steam+1"],"relics":["Cracked Core","Tiny Chest","Pen Nib","Ginger","Sozu","Bag of Preparation","Darkstone Periapt","Orichalcum","Kunai","Sundial"],"potions_floor_usage":[],"damage_taken":[{"damage":0,"enemies":"Cultist","floor":1,"turns":4},{"damage":8,"enemies":"Jaw Worm","floor":3,"turns":4},{"damage":7,"enemies":"Small Slimes","floor":8,"turns":3},{"damage":28,"enemies":"Gremlin Nob","floor":10,"turns":4},{"damage":9,"enemies":"Blue Slaver","floor":12,"turns":4},{"damage":35,"enemies":"Hexaghost","floor":16,"turns":8},{"damage":2,"enemies":"Chosen","floor":18,"turns":4},{"damage":13,"enemies":"3 Byrds","floor":19,"turns":6},{"damage":30,"enemies":"Book of Stabbing","floor":23,"turns":5},{"damage":21,"enemies":"Cultist and Chosen","floor":24,"turns":5},{"damage":11,"enemies":"Gremlin Leader","floor":25,"turns":6},{"damage":20,"enemies":"Shelled Parasite and Fungi","floor":27,"turns":2}],"seed_played":"1166845443026871531","potions_obtained":[{"floor":3,"key":"Energy Potion"}],"is_trial":false,"path_per_floor":["M","T","M","?","?","R","$","M","T","E","R","M","?","$","R","B",null,"M","M","?","T","?","E","M","E","T","M"],"character_chosen":"DEFECT","items_purchased":["Storm","Barrage"],"campfire_rested":2,"item_purchase_floors":[7,14],"current_hp_per_floor":[82,82,74,74,58,58,58,51,51,23,47,38,38,38,62,27,82,80,67,67,67,67,37,16,5,5,0],"gold":369,"neow_bonus":"TEN_PERCENT_HP_BONUS","is_prod":false,"is_daily":false,"chose_seed":false,"campfire_upgraded":1,"win_rate":0,"timestamp":1548807844,"path_taken":["M","?","M","?","?","R","?","?","T","E","R","M","?","?","R","BOSS","M","M","?","?","?","E","?","E","T","M"],"build_version":"2019-01-23","purchased_purges":0,"victory":false,"max_hp_per_floor":[82,82,82,82,82,82,82,82,82,82,82,82,82,82,82,82,82,82,82,82,82,82,82,82,82,82,82],"card_choices":[{"not_picked":["Beam Cell","Leap"],"picked":"Streamline","floor":1},{"not_picked":["Doom and Gloom","Go for the Eyes"],"picked":"Hello World","floor":3},{"not_picked":["Steam Power","Rip and Tear"],"picked":"Hello World","floor":8},{"not_picked":["Redo","Stack"],"picked":"Compile Driver","floor":10},{"not_picked":["Reinforced Body","Static Discharge"],"picked":"Heatsinks","floor":12},{"not_picked":["Biased Cognition","Core Surge"],"picked":"Echo Form","floor":16},{"not_picked":["Hello World","Redo"],"picked":"Conserve Battery","floor":18},{"not_picked":["Steam Power","Chaos","Streamline"],"picked":"SKIP","floor":19},{"not_picked":["Steam","Meteor Strike"],"picked":"Ball Lightning","floor":23},{"not_picked":["Skim","Cold Snap"],"picked":"Loop","floor":24},{"not_picked":["Leap","Rebound+1"],"picked":"Steam+1","floor":25}],"player_experience":109347,"relics_obtained":[{"floor":2,"key":"Tiny Chest"},{"floor":9,"key":"Pen Nib"},{"floor":10,"key":"Ginger"},{"floor":21,"key":"Darkstone Periapt"},{"floor":23,"key":"Orichalcum"},{"floor":25,"key":"Kunai"},{"floor":26,"key":"Sundial"}],"event_choices":[{"damage_healed":0,"gold_gain":0,"player_choice":"Grow","damage_taken":0,"max_hp_gain":0,"max_hp_loss":0,"event_name":"Living Wall","floor":4,"gold_loss":0,"cards_upgraded":["Streamline"]},{"damage_healed":0,"gold_gain":0,"player_choice":"Entered Light","damage_taken":16,"max_hp_gain":0,"max_hp_loss":0,"event_name":"Shining Light","floor":5,"gold_loss":0,"cards_upgraded":["Defend_B","Strike_B"]},{"cards_removed":["Hello World"],"damage_healed":0,"gold_gain":0,"player_choice":"Card Removal","damage_taken":0,"max_hp_gain":0,"max_hp_loss":0,"event_name":"Wheel of Change","floor":13,"gold_loss":0},{"damage_healed":0,"gold_gain":0,"player_choice":"Opened","damage_taken":0,"relics_obtained":["Bag of Preparation"],"max_hp_gain":0,"max_hp_loss":0,"event_name":"The Mausoleum","floor":20,"gold_loss":0},{"damage_healed":0,"gold_gain":0,"player_choice":"Simplicity","damage_taken":0,"max_hp_gain":0,"max_hp_loss":0,"event_name":"Back to Basics","floor":22,"gold_loss":0,"cards_upgraded":["Strike_B","Strike_B","Strike_B","Defend_B","Defend_B","Defend_B"]}],"is_beta":false,"boss_relics":[{"not_picked":["Inserter","Astrolabe"],"picked":"Sozu"}],"items_purged_floors":[],"is_endless":false,"potions_floor_spawned":[3,18,23,25],"killed_by":"Shelled Parasite and Fungi","ascension_level":1}