{"path_per_floor":["M","M","M","M","$","R","?","M","T","R","?","M","M","?","R","B",null,"M","?","M","$","?","R","?","M","T"],"character_chosen":"DEFECT","items_purchased":["Flash of Steel","FTL","Bandage Up"],"gold_per_floor":[114,130,149,168,3,3,3,17,63,63,63,80,93,93,93,194,194,208,208,218,52,52,52,52,63,63,63],"floor_reached":27,"campfire_rested":1,"playtime":1083,"current_hp_per_floor":[81,79,72,61,61,61,54,51,58,58,58,57,54,99,99,84,99,68,44,29,29,29,64,64,44,44,0],"items_purged":["Dualcast"],"gold":63,"score":271,"play_id":"239f8ced-936a-49ce-a9af-f201adcafcab","local_time":"20180511173929","is_prod":false,"is_daily":false,"chose_seed":false,"is_ascension_mode":true,"campfire_upgraded":3,"timestamp":1526085569,"path_taken":["M","M","M","?","?","R","?","M","T","R","?","M","M","?","R","BOSS","M","?","?","$","?","R","?","M","T","E"],"build_version":"2018-05-10","seed_source_timestamp":152003075225935,"purchased_purges":1,"victory":false,"master_deck":["Strike_B","Strike_B","Defend_B+1","Defend_B+1","Defend_B","Defend_B","Zap+1","Ball Lightning","Flash of Steel","FTL","Ball Lightning","Fission","Coolheaded+1","Dramatic Entrance","Bandage Up"],"max_hp_per_floor":[82,82,82,82,82,82,82,82,89,89,89,89,89,99,99,99,99,99,99,99,99,99,99,99,99,99,99],"relics":["Cracked Core","Strawberry","Eternal Feather","Bottled Flame"],"card_choices":[{"not_picked":["Melter","Cold Snap"],"picked":"Ball Lightning","floor":2},{"not_picked":["Go for the Eyes","Streamline"],"picked":"Biased Cognition","floor":8},{"not_picked":["Skim","Cold Snap"],"picked":"Ball Lightning","floor":12},{"not_picked":["Machine Learning","Rainbow"],"picked":"Fission","floor":16},{"not_picked":["Skim","Stack"],"picked":"Coolheaded","floor":18}],"player_experience":209392,"potions_floor_usage":[13,16,20,20],"damage_taken":[{"damage":1,"enemies":"Cultist","floor":1,"turns":3},{"damage":2,"enemies":"Jaw Worm","floor":2,"turns":3},{"damage":7,"enemies":"Small Slimes","floor":3,"turns":3},{"damage":11,"enemies":"2 Fungi Beasts","floor":4,"turns":3},{"damage":3,"enemies":"Blue Slaver","floor":8,"turns":3},{"damage":1,"enemies":"Looter","floor":12,"turns":2},{"damage":3,"enemies":"Lots of Slimes","floor":13,"turns":2},{"damage":15,"enemies":"Slime Boss","floor":16,"turns":6},{"damage":31,"enemies":"Chosen","floor":18,"turns":5},{"damage":15,"enemies":"Shell Parasite","floor":20,"turns":3},{"damage":24,"enemies":"Sentry and Sphere","floor":25,"turns":5},{"damage":54,"enemies":"Book of Stabbing","floor":27,"turns":5}],"event_choices":[{"event_name":"Golden Wing","player_choice":"Card Removal","floor":7,"damage_taken":0},{"event_name":"Purifier","player_choice":"One Purge","floor":11,"damage_taken":0},{"event_name":"Bonfire Elementals","player_choice":"RARE","floor":14,"damage_taken":0},{"event_name":"Knowing Skull","player_choice":"CARD CARD ","floor":19,"damage_taken":0},{"event_name":"Cursed Tome","player_choice":"Ignored","floor":22,"damage_taken":0},{"event_name":"Purifier","player_choice":"One Purge","floor":24,"damage_taken":0}],"boss_relics":[{"not_picked":["Sozu","White Beast Statue"],"picked":"Eternal Feather"}],"potions_floor_spawned":[4,12,13,16],"seed_played":"6176698459844229077","killed_by":"Book of Stabbing","ascension_level":4,"is_trial":false}