{"gold_per_floor":[109,109,109,38,50,50,84,94,120,132,132],"floor_reached":11,"playtime":426,"items_purged":[],"score":91,"play_id":"8ff0eee0-db2f-4264-ab2d-526193dcd74b","local_time":"20181222213939","is_ascension_mode":true,"campfire_choices":[{"data":"Footwork","floor":6.0,"key":"SMITH"}],"neow_cost":"NONE","seed_source_timestamp":0,"circlet_count":0,"master_deck":["Defend_G","Defend_G","Defend_G","Defend_G","Strike_G","Strike_G","Strike_G","Strike_G","Strike_G","Survivor","Neutralize","Madness","Escape Plan","Glass Knife","Footwork+1","Caltrops","Escape Plan","Poisoned Stab"],"special_seed":0,"relics":["Ring of the Snake","Snake Skull","Ancient Tea Set"],"potions_floor_usage":[10],"damage_taken":[{"damage":7.0,"enemies":"Jaw Worm","floor":1.0,"turns":7.0},{"damage":0.0,"enemies":"2 Louse","floor":5.0,"turns":3.0},{"damage":44,"enemies":"Gremlin Nob","floor":7,"turns":6},{"damage":0,"enemies":"Cultist","floor":8,"turns":3},{"damage":7,"enemies":"Lots of Slimes","floor":10,"turns":4},{"damage":9,"enemies":"Exordium Thugs","floor":11,"turns":2}],"seed_played":"7450599401091956475","potions_obtained":[{"floor":7,"key":"PowerPotion"},{"floor":8,"key":"Swift Potion"}],"is_trial":false,"path_per_floor":["M","?","?","$","M","R","E","M","T","M","M"],"character_chosen":"THE_SILENT","items_purchased":["Footwork"],"campfire_rested":0,"item_purchase_floors":[4],"current_hp_per_floor":[63,56,56,56,56,56,12,12,12,5,0],"gold":132,"neow_bonus":"RANDOM_COLORLESS","is_prod":false,"is_daily":false,"chose_seed":false,"campfire_upgraded":1,"win_rate":0,"timestamp":1545514779,"path_taken":["M","?","?","$","?","R","E","M","T","M","M"],"build_version":"2018-12-20","purchased_purges":0,"victory":false,"max_hp_per_floor":[70,70,70,70,70,70,70,70,70,70,70],"card_choices":[{"not_picked":["Endless Agony","Bane"],"picked":"Escape Plan","floor":1.0},{"not_picked":["Deflect","Dodge and Roll"],"picked":"Caltrops","floor":5.0},{"not_picked":["Dagger Spray","Prepared"],"picked":"Escape Plan","floor":7},{"not_picked":["Dagger Throw","Slice","Underhanded Strike"],"picked":"SKIP","floor":8},{"not_picked":["Acrobatics","Calculated Gamble"],"picked":"Poisoned Stab","floor":10}],"player_experience":348045,"relics_obtained":[{"floor":7,"key":"Snake Skull"},{"floor":9,"key":"Ancient Tea Set"}],"event_choices":[{"cards_removed":["Defend_G"],"damage_healed":0.0,"max_hp_gain":0.0,"max_hp_loss":0.0,"gold_gain":0.0,"event_name":"Golden Wing","player_choice":"Card Removal","floor":2.0,"gold_loss":0.0,"damage_taken":7.0},{"damage_healed":0.0,"max_hp_gain":0.0,"max_hp_loss":0.0,"gold_gain":0.0,"event_name":"Match and Keep!","player_choice":"1 cards matched","floor":3.0,"gold_loss":0.0,"damage_taken":0.0,"cards_obtained":["Glass Knife"]}],"is_beta":true,"boss_relics":[],"items_purged_floors":[],"is_endless":false,"potions_floor_spawned":[7,8],"killed_by":"Exordium Thugs","ascension_level":5}