{"gold_per_floor":[117,117,192,192,217,248,248,284,284,299,71,71,91,91,91,222,222,241,241,83,38,63,103,153,153,177,190,190,91,53,69,69,199,199,226,64,64,78,99,99,99],"floor_reached":41,"playtime":1977,"items_purged":["Doubt"],"score":480,"play_id":"c44ea946-d183-4c27-b387-eba607472447","local_time":"20190204022544","is_ascension_mode":true,"campfire_choices":[{"floor":7,"key":"REST"},{"floor":12,"key":"RECALL"},{"floor":15,"key":"REST"},{"data":"Bouncing Flask","floor":25,"key":"SMITH"},{"floor":28,"key":"REST"},{"floor":32,"key":"REST"},{"floor":40,"key":"REST"}],"neow_cost":"NONE","seed_source_timestamp":42440983738144,"circlet_count":0,"master_deck":["Defend_G","Defend_G","Defend_G","Defend_G","Strike_G","Strike_G","Strike_G","Survivor","Neutralize","Dagger Spray","Envenom+1","Outmaneuver","PiercingWail","Leg Sweep+1","Infinite Blades+1","Die Die Die","Riddle With Holes+1","Sucker Punch+1","Noxious Fumes+1","Bane","Footwork+1","Bane","Infinite Blades+1","Bouncing Flask+1","Crippling Poison","Panache+1","Footwork+1","Poisoned Stab+1","Bullet Time+1","Dodge and Roll+1","Infinite Blades+1","Poisoned Stab","Poisoned Stab+1"],"relics":["Ring of the Snake","Golden Idol","Frozen Egg 2","Lantern","Bronze Scales","Snake Skull","Membership Card","Astrolabe","TwistedFunnel","Tiny Chest","Omamori","Smiling Mask","Calling Bell","MawBank","Gremlin Horn","The Specimen","Ancient Tea Set"],"potions_floor_usage":[6,16,16,23,33,35,38],"damage_taken":[{"damage":0,"enemies":"2 Louse","floor":1,"turns":4},{"damage":0,"enemies":"Small Slimes","floor":5,"turns":2},{"damage":17,"enemies":"3 Sentries","floor":6,"turns":6},{"damage":36,"enemies":"Lagavulin","floor":8,"turns":9},{"damage":2,"enemies":"Cultist","floor":10,"turns":4},{"damage":9,"enemies":"Red Slaver","floor":13,"turns":3},{"damage":19,"enemies":"The Guardian","floor":16,"turns":11},{"damage":4,"enemies":"Shell Parasite","floor":18,"turns":5},{"damage":6,"enemies":"Chosen","floor":22,"turns":4},{"damage":12,"enemies":"Gremlin Leader","floor":23,"turns":6},{"damage":24,"enemies":"Sentry and Sphere","floor":27,"turns":5},{"damage":13,"enemies":"Cultist and Chosen","floor":31,"turns":4},{"damage":24,"enemies":"Champ","floor":33,"turns":8},{"damage":24,"enemies":"3 Darklings","floor":35,"turns":3},{"damage":8,"enemies":"Orb Walker","floor":38,"turns":3},{"damage":12,"enemies":"Maw","floor":39,"turns":7},{"damage":50,"enemies":"Giant Head","floor":41,"turns":7}],"seed_played":"5252362659720744860","potions_obtained":[{"floor":5,"key":"Strength Potion"},{"floor":8,"key":"SteroidPotion"},{"floor":13,"key":"SpeedPotion"},{"floor":16,"key":"SpeedPotion"},{"floor":18,"key":"SpeedPotion"},{"floor":22,"key":"Explosive Potion"},{"floor":31,"key":"Energy Potion"},{"floor":33,"key":"Poison Potion"},{"floor":35,"key":"FearPotion"}],"is_trial":false,"path_per_floor":["M","?","?","?","M","E","R","E","T","M","$","R","M","T","R","B",null,"M","?","$","$","M","E","?","R","T","M","R","$","$","M","R","B",null,"M","$","?","M","M","R","E"],"character_chosen":"THE_SILENT","items_purchased":["Membership Card","Infinite Blades+1","TwistedFunnel","Footwork+1","Bane","Tiny Chest","Panache+1","Footwork+1","Infinite Blades+1","Ancient Tea Set","Poisoned Stab"],"campfire_rested":5,"item_purchase_floors":[11,11,20,20,20,21,29,30,36,36,36],"current_hp_per_floor":[77,71,60,57,57,40,61,25,25,23,23,23,14,14,35,16,71,67,67,67,67,61,49,49,49,49,25,46,46,46,33,54,30,71,47,47,47,39,27,48,0],"gold":99,"neow_bonus":"TEN_PERCENT_HP_BONUS","is_prod":false,"is_daily":false,"chose_seed":false,"campfire_upgraded":1,"win_rate":0,"timestamp":1549243544,"path_taken":["M","?","?","?","M","E","R","E","T","M","$","R","M","?","R","BOSS","M","?","?","$","?","E","?","R","T","M","R","?","$","M","R","BOSS","M","$","?","?","M","R","E"],"build_version":"2019-01-23","purchased_purges":1,"victory":false,"max_hp_per_floor":[77,71,71,71,71,71,71,71,71,71,71,71,71,71,71,71,71,71,71,71,71,71,71,71,71,71,71,71,71,71,71,71,71,71,71,71,71,71,71,71,71],"card_choices":[{"not_picked":["Flechettes","Masterful Stab"],"picked":"Dagger Spray","floor":1},{"not_picked":["Deflect","Backflip"],"picked":"Envenom+1","floor":5},{"not_picked":["Cloak And Dagger","Dagger Spray"],"picked":"Outmaneuver","floor":6},{"not_picked":["Riddle With Holes","Poisoned Stab"],"picked":"PiercingWail","floor":8},{"not_picked":["Dodge and Roll","Blade Dance"],"picked":"Leg Sweep","floor":10},{"not_picked":["Riddle With Holes","Concentrate","Sucker Punch"],"picked":"SKIP","floor":13},{"not_picked":["After Image+1","Glass Knife"],"picked":"Die Die Die","floor":16},{"not_picked":["Flying Knee+1","Distraction"],"picked":"Bane","floor":18},{"not_picked":["Caltrops+1","Endless Agony+1"],"picked":"Infinite Blades+1","floor":22},{"not_picked":["Caltrops+1","Acrobatics"],"picked":"Bouncing Flask","floor":23},{"not_picked":["Underhanded Strike","Dagger Throw"],"picked":"Crippling Poison","floor":27},{"not_picked":["Outmaneuver","Quick Slash"],"picked":"Poisoned Stab+1","floor":31},{"not_picked":["Storm of Steel","Die Die Die"],"picked":"Bullet Time","floor":33},{"not_picked":["Deadly Poison","Outmaneuver+1"],"picked":"Dodge and Roll+1","floor":35},{"not_picked":["Quick Slash","Escape Plan"],"picked":"Poisoned Stab+1","floor":38},{"not_picked":["Glass Knife","Riddle With Holes+1","Cloak And Dagger+1"],"picked":"SKIP","floor":39}],"player_experience":206126,"relics_obtained":[{"floor":6,"key":"Lantern"},{"floor":8,"key":"Bronze Scales"},{"floor":9,"key":"Snake Skull"},{"floor":23,"key":"Omamori"},{"floor":26,"key":"Smiling Mask"},{"floor":34,"key":"MawBank"},{"floor":34,"key":"Gremlin Horn"},{"floor":34,"key":"The Specimen"}],"event_choices":[{"damage_healed":0,"gold_gain":0,"player_choice":"Lose Max HP","damage_taken":0,"relics_obtained":["Golden Idol"],"max_hp_gain":0,"max_hp_loss":6,"event_name":"Golden Idol","floor":2,"gold_loss":0},{"damage_healed":0,"gold_gain":75,"player_choice":"Gather Gold","damage_taken":11,"max_hp_gain":0,"max_hp_loss":0,"event_name":"World of Goop","floor":3,"gold_loss":0},{"damage_healed":0,"gold_gain":0,"player_choice":"Success","damage_taken":3,"relics_obtained":["Frozen Egg 2"],"max_hp_gain":0,"max_hp_loss":0,"event_name":"Scrap Ooze","floor":4,"gold_loss":0},{"damage_healed":0,"gold_gain":0,"player_choice":"Upgraded","damage_taken":0,"max_hp_gain":0,"max_hp_loss":0,"event_name":"Upgrade Shrine","floor":19,"gold_loss":0,"cards_upgraded":["Leg Sweep"]},{"damage_healed":0,"gold_gain":100,"player_choice":"Bet on Murderer","damage_taken":0,"max_hp_gain":0,"max_hp_loss":0,"event_name":"The Joust","floor":24,"gold_loss":50},{"damage_healed":0,"gold_gain":0,"player_choice":"Upgraded","damage_taken":0,"max_hp_gain":0,"max_hp_loss":0,"event_name":"Upgrade Shrine","floor":37,"gold_loss":0,"cards_upgraded":["Bullet Time"]}],"is_beta":false,"boss_relics":[{"not_picked":["Philosopher\u0027s Stone","Snecko Eye"],"picked":"Astrolabe"},{"not_picked":["Busted Crown","WristBlade"],"picked":"Calling Bell"}],"items_purged_floors":[36],"is_endless":false,"potions_floor_spawned":[5,8,13,16,18,22,31,33,35],"killed_by":"Giant Head","ascension_level":3}