{"gold_per_floor":[10,10,22,97,22,22,22,41,41,70,0,0,15,32,32,128,128,145,145,45,62,76,76,76,109,109,137,137,137,149,24,24,24],"floor_reached":33,"playtime":1277,"items_purged":["Strike_R","Strike_R","Strike_R"],"score":382,"play_id":"e527f325-efdf-470f-9d04-dabd0e224c32","local_time":"20190118221954","is_ascension_mode":true,"campfire_choices":[{"data":"Entrench","floor":6,"key":"SMITH"},{"data":"Uppercut","floor":12,"key":"SMITH"},{"data":"True Grit","floor":15,"key":"SMITH"},{"data":"Body Slam","floor":23,"key":"SMITH"},{"floor":29,"key":"REST"},{"data":"Shockwave","floor":32,"key":"SMITH"}],"neow_cost":"NO_GOLD","seed_source_timestamp":712528941052975,"circlet_count":0,"master_deck":["Strike_R","Defend_R","Defend_R","Defend_R","Bash","Uppercut+1","Entrench+1","Headbutt","Body Slam+1","Pommel Strike","Carnage","True Grit+1","Bloodletting","Immolate","Battle Trance","Body Slam+1","Shockwave+1"],"relics":["Burning Blood","Pocketwatch","Bronze Scales","Bag of Preparation","Sozu","NlothsMask","Molten Egg 2","Calipers","Darkstone Periapt"],"potions_floor_usage":[10,22],"damage_taken":[{"damage":0,"enemies":"2 Louse","floor":1,"turns":2},{"damage":4,"enemies":"Small Slimes","floor":3,"turns":4},{"damage":0,"enemies":"Cultist","floor":8,"turns":3},{"damage":25,"enemies":"3 Sentries","floor":10,"turns":8},{"damage":7,"enemies":"Exordium Thugs","floor":13,"turns":6},{"damage":24,"enemies":"Exordium Wildlife","floor":14,"turns":3},{"damage":13,"enemies":"Slime Boss","floor":16,"turns":8},{"damage":2,"enemies":"Chosen","floor":18,"turns":3},{"damage":3,"enemies":"Shell Parasite","floor":21,"turns":4},{"damage":3,"enemies":"Snake Plant","floor":22,"turns":2},{"damage":22,"enemies":"Gremlin Leader","floor":25,"turns":5},{"damage":17,"enemies":"Book of Stabbing","floor":27,"turns":4},{"damage":0,"enemies":"Centurion and Healer","floor":30,"turns":3},{"damage":49,"enemies":"Collector","floor":33,"turns":7}],"seed_played":"-3114959458744324602","potions_obtained":[{"floor":1,"key":"SpeedPotion"},{"floor":3,"key":"Strength Potion"}],"is_trial":false,"path_per_floor":["M","?","M","?","$","R","?","M","T","E","$","R","M","M","R","B",null,"M","?","$","M","M","R","?","E","T","E","T","R","M","$","R","B"],"character_chosen":"IRONCLAD","items_purchased":["Carnage"],"campfire_rested":1,"item_purchase_floors":[11],"current_hp_per_floor":[78,71,73,62,62,62,62,68,68,49,49,49,48,30,30,23,66,70,70,70,73,76,76,61,45,45,34,34,59,65,65,65,16],"gold":24,"neow_bonus":"ONE_RARE_RELIC","is_prod":false,"is_daily":false,"chose_seed":false,"campfire_upgraded":5,"win_rate":0,"timestamp":1547849994,"path_taken":["M","?","M","?","$","R","?","?","T","E","?","R","M","M","R","BOSS","M","?","?","M","?","R","?","E","T","E","?","R","M","$","R","BOSS"],"build_version":"2019-01-17","purchased_purges":3,"victory":false,"max_hp_per_floor":[80,80,80,80,80,80,80,80,80,80,80,80,80,80,80,80,80,80,80,80,80,80,80,85,85,85,85,85,85,85,85,85,85],"card_choices":[{"not_picked":["Headbutt","Heavy Blade"],"picked":"Uppercut","floor":1},{"not_picked":["Havoc","Clash"],"picked":"Entrench","floor":3},{"not_picked":["Wild Strike","Cleave"],"picked":"Body Slam","floor":8},{"not_picked":["Clash","True Grit"],"picked":"Pommel Strike","floor":10},{"not_picked":["Burning Pact","Armaments"],"picked":"True Grit","floor":13},{"not_picked":["Havoc","Body Slam"],"picked":"Bloodletting","floor":14},{"not_picked":["Limit Break","Feed"],"picked":"Immolate","floor":16},{"not_picked":["Thunderclap","Clothesline+1"],"picked":"Battle Trance","floor":18},{"not_picked":["Rupture","Disarm","Body Slam"],"picked":"SKIP","floor":21},{"not_picked":["True Grit+1","Combust","Armaments"],"picked":"SKIP","floor":22},{"not_picked":["Metallicize+1","Offering"],"picked":"Body Slam+1","floor":25},{"not_picked":["Warcry","Wild Strike+1"],"picked":"Shockwave","floor":27},{"not_picked":["Dropkick+1","Pummel+1","Carnage+1"],"picked":"SKIP","floor":30}],"player_experience":432121,"relics_obtained":[{"floor":9,"key":"Bronze Scales"},{"floor":10,"key":"Bag of Preparation"},{"floor":25,"key":"Molten Egg 2"},{"floor":27,"key":"Calipers"},{"floor":28,"key":"Darkstone Periapt"}],"event_choices":[{"cards_removed":["Strike_R"],"damage_healed":0,"gold_gain":0,"player_choice":"Card Removal","damage_taken":7,"max_hp_gain":0,"max_hp_loss":0,"event_name":"Golden Wing","floor":2,"gold_loss":0},{"damage_healed":0,"gold_gain":75,"player_choice":"Gather Gold","damage_taken":11,"max_hp_gain":0,"max_hp_loss":0,"event_name":"World of Goop","floor":4,"gold_loss":0},{"damage_healed":0,"gold_gain":0,"cards_transformed":["Defend_R"],"player_choice":"Transformed","damage_taken":0,"max_hp_gain":0,"max_hp_loss":0,"event_name":"Transmorgrifier","floor":7,"gold_loss":0,"cards_obtained":["Headbutt"]},{"damage_healed":0,"gold_gain":0,"player_choice":"Trade","damage_taken":0,"relics_obtained":["NlothsMask"],"max_hp_gain":0,"max_hp_loss":0,"event_name":"FaceTrader","floor":19,"gold_loss":0},{"damage_healed":0,"gold_gain":0,"player_choice":"Shed Blood","damage_taken":20,"max_hp_gain":5,"max_hp_loss":0,"event_name":"Forgotten Altar","floor":24,"gold_loss":0}],"is_beta":true,"boss_relics":[{"not_picked":["Black Blood","Empty Cage"],"picked":"Sozu"}],"items_purged_floors":[5,20,31],"is_endless":false,"potions_floor_spawned":[1,3,22,27,30],"killed_by":"Collector","ascension_level":7}