{"gold_per_floor":[116,133,133,153,28,28,39,114,114,114,146,158,58,84,84,179,179,193,210,222,97,110,110,110,142,142,175,175,175,25,40,40,142,142,155,174,189,199,299,331,343,180,207,224,24,41,87,102,102,102],"floor_reached":51,"playtime":1013,"items_purged":["Defend_R","Defend_R","Strike_R","Strike_R","Battle Trance+1","Defend_R+1"],"score":943,"play_id":"c4a3fed6-f02f-470b-b3ac-09e331d578bf","local_time":"20190202132125","is_ascension_mode":true,"campfire_choices":[{"data":"Bash","floor":6.0,"key":"SMITH"},{"data":"Clash","floor":15.0,"key":"SMITH"},{"data":"Clash","floor":23.0,"key":"SMITH"},{"data":"Clash","floor":29.0,"key":"SMITH"},{"floor":32.0,"key":"REST"},{"floor":49,"key":"REST"}],"neow_cost":"NONE","seed_source_timestamp":38309773825540,"circlet_count":0,"master_deck":["Strike_R+1","Strike_R","Bash+1","Clash+1","Clash+1","Clash+1","Clash+1","Madness","Madness","Clash"],"special_seed":0,"relics":["Burning Blood","NeowsBlessing","Question Card","Bird Faced Urn","Bag of Marbles","Black Star","MutagenicStrength","Blue Candle","Happy Flower","Kunai","Pen Nib","Champion Belt","Fusion Hammer","Charon\u0027s Ashes","MawBank","Unceasing Top","Red Skull","Nunchaku"],"potions_floor_usage":[],"damage_taken":[{"damage":0.0,"enemies":"Cultist","floor":1.0,"turns":1.0},{"damage":0.0,"enemies":"2 Louse","floor":2.0,"turns":1.0},{"damage":0.0,"enemies":"Small Slimes","floor":4.0,"turns":1.0},{"damage":0.0,"enemies":"2 Fungi Beasts","floor":7.0,"turns":3.0},{"damage":29.0,"enemies":"3 Sentries","floor":11.0,"turns":9.0},{"damage":0.0,"enemies":"Exordium Wildlife","floor":12.0,"turns":2.0},{"damage":18.0,"enemies":"Lagavulin","floor":14.0,"turns":3.0},{"damage":0.0,"enemies":"Slime Boss","floor":16.0,"turns":4.0},{"damage":15.0,"enemies":"3 Byrds","floor":18.0,"turns":4.0},{"damage":2.0,"enemies":"Chosen","floor":19.0,"turns":2.0},{"damage":8.0,"enemies":"Centurion and Healer","floor":20.0,"turns":4.0},{"damage":13.0,"enemies":"Snake Plant","floor":22.0,"turns":2.0},{"damage":13.0,"enemies":"Book of Stabbing","floor":25.0,"turns":3.0},{"damage":18.0,"enemies":"Slavers","floor":27.0,"turns":3.0},{"damage":0.0,"enemies":"Snecko","floor":31.0,"turns":2.0},{"damage":18.0,"enemies":"Collector","floor":33.0,"turns":3.0},{"damage":12.0,"enemies":"3 Shapes","floor":35.0,"turns":1.0},{"damage":0.0,"enemies":"Orb Walker","floor":36.0,"turns":1.0},{"damage":0.0,"enemies":"Sphere and 2 Shapes","floor":37.0,"turns":2.0},{"damage":0.0,"enemies":"Jaw Worm Horde","floor":38.0,"turns":2.0},{"damage":0.0,"enemies":"Mind Bloom Boss Battle","floor":39.0,"turns":2.0},{"damage":5.0,"enemies":"Giant Head","floor":40.0,"turns":4.0},{"damage":5.0,"enemies":"Writhing Mass","floor":44.0,"turns":2.0},{"damage":0,"enemies":"Transient","floor":46,"turns":4},{"damage":0,"enemies":"2 Orb Walkers","floor":47,"turns":1},{"damage":17,"enemies":"Jaw Worm Horde","floor":48,"turns":2},{"damage":0,"enemies":"Awakened One","floor":50,"turns":2}],"seed_played":"2184521376952144671","potions_obtained":[{"floor":2.0,"key":"Weak Potion"},{"floor":12.0,"key":"Strength Potion"},{"floor":14.0,"key":"Explosive Potion"},{"floor":18.0,"key":"Swift Potion"},{"floor":22.0,"key":"Block Potion"},{"floor":27.0,"key":"SpeedPotion"},{"floor":33.0,"key":"GamblersBrew"},{"floor":38.0,"key":"Weak Potion"}],"is_trial":false,"path_per_floor":["M","M","?","M","$","R","M","?","T","?","E","M","$","E","R","B",null,"M","M","M","$","M","R","?","E","T","E","?","R","$","M","R","B",null,"M","M","M","M","?","E","?","$","T","M","$","M","?","M","R","B",null],"character_chosen":"IRONCLAD","items_purchased":["Clash"],"campfire_rested":2,"item_purchase_floors":[5],"current_hp_per_floor":[80,80,64,70,70,70,76,65,65,65,42,48,48,36,36,42,80,71,75,73,73,66,66,66,59,59,47,47,47,47,53,77,65,80,74,80,80,80,80,80,70,70,70,71,71,77,80,69,80,80],"gold":102,"neow_bonus":"THREE_ENEMY_KILL","is_prod":false,"is_daily":false,"chose_seed":false,"campfire_upgraded":4,"win_rate":0,"timestamp":1549142485,"path_taken":["M","M","?","M","$","R","M","?","T","?","E","M","$","E","R","BOSS","M","M","M","$","M","R","?","E","T","E","?","R","?","?","R","BOSS","M","?","M","?","?","E","?","?","T","M","$","M","?","M","R","BOSS"],"build_version":"2019-01-23","purchased_purges":6,"victory":true,"max_hp_per_floor":[80,80,80,80,80,80,80,80,80,80,80,80,80,80,80,80,80,80,80,80,80,80,80,80,80,80,80,80,80,80,80,80,80,80,80,80,80,80,80,80,80,80,80,80,80,80,80,80,80,80],"card_choices":[{"not_picked":["Shrug It Off","Headbutt"],"picked":"Clash","floor":4.0},{"not_picked":["Flex","Ghostly Armor","Flame Barrier"],"picked":"Clash","floor":11.0},{"not_picked":["Juggernaut","Clothesline","Headbutt"],"picked":"Clash+1","floor":25.0},{"not_picked":["Twin Strike","True Grit","Perfected Strike"],"picked":"Battle Trance+1","floor":38.0},{"not_picked":["Dropkick+1","Heavy Blade","Hemokinesis+1"],"picked":"Clash","floor":46}],"player_experience":1100187,"relics_obtained":[{"floor":9.0,"key":"Question Card"},{"floor":11.0,"key":"Bird Faced Urn"},{"floor":14.0,"key":"Bag of Marbles"},{"floor":25.0,"key":"Blue Candle"},{"floor":25.0,"key":"Happy Flower"},{"floor":26.0,"key":"Kunai"},{"floor":27.0,"key":"Pen Nib"},{"floor":27.0,"key":"Champion Belt"},{"floor":39.0,"key":"Charon\u0027s Ashes"},{"floor":40.0,"key":"MawBank"},{"floor":40.0,"key":"Unceasing Top"},{"floor":43.0,"key":"Red Skull"},{"floor":47,"key":"Nunchaku"}],"event_choices":[{"damage_healed":0.0,"max_hp_gain":0.0,"max_hp_loss":0.0,"gold_gain":0.0,"event_name":"Shining Light","player_choice":"Entered Light","floor":3.0,"gold_loss":0.0,"damage_taken":16.0,"cards_upgraded":["Strike_R","Defend_R"]},{"damage_healed":0.0,"max_hp_gain":0.0,"max_hp_loss":0.0,"gold_gain":75.0,"event_name":"World of Goop","player_choice":"Gather Gold","floor":8.0,"gold_loss":0.0,"damage_taken":11.0},{"cards_removed":["Defend_R"],"damage_healed":0.0,"max_hp_gain":0.0,"max_hp_loss":0.0,"gold_gain":0.0,"event_name":"Living Wall","player_choice":"Forget","floor":10.0,"gold_loss":0.0,"damage_taken":0.0},{"damage_healed":0.0,"max_hp_gain":0.0,"max_hp_loss":0.0,"gold_gain":0.0,"event_name":"Drug Dealer","player_choice":"Inject Mutagens","floor":24.0,"gold_loss":0.0,"damage_taken":0.0,"relics_obtained":["MutagenicStrength"]},{"cards_removed":["Strike_R"],"damage_healed":0.0,"max_hp_gain":0.0,"max_hp_loss":0.0,"gold_gain":0.0,"event_name":"Back to Basics","player_choice":"Elegance","floor":28.0,"gold_loss":0.0,"damage_taken":0.0},{"damage_healed":0.0,"max_hp_gain":0.0,"max_hp_loss":0.0,"gold_gain":0.0,"event_name":"MindBloom","player_choice":"Fight","floor":39.0,"gold_loss":0.0,"damage_taken":0.0},{"damage_healed":0.0,"max_hp_gain":0.0,"max_hp_loss":0.0,"gold_gain":0.0,"event_name":"Winding Halls","player_choice":"Embrace Madness","floor":41.0,"gold_loss":0.0,"damage_taken":10.0,"cards_obtained":["Madness","Madness"]},{"damage_healed":0,"gold_gain":0,"player_choice":"Fight","damage_taken":0,"max_hp_gain":0,"max_hp_loss":0,"event_name":"Mysterious Sphere","floor":47,"gold_loss":0}],"is_beta":true,"boss_relics":[{"not_picked":["Calling Bell","Runic Pyramid"],"picked":"Black Star"},{"not_picked":["Philosopher\u0027s Stone","Velvet Choker"],"picked":"Fusion Hammer"}],"items_purged_floors":[5,13,21,30,42,45],"is_endless":false,"potions_floor_spawned":[2,12,14,18,22,27,33,38,46,48],"ascension_level":1}