{"gold_per_floor":[111,111,131,4,4,4,4,4,4,40,40,64,64,87,87,213,213,229,229,26,26,47,47,47],"floor_reached":24,"playtime":1062,"items_purged":["Doubt"],"score":259,"play_id":"85e51ab5-336d-4eb5-a179-a118d1852ba6","local_time":"20190120003108","is_ascension_mode":true,"campfire_choices":[{"data":"Bash","floor":6,"key":"SMITH"},{"data":"Barricade","floor":8,"key":"SMITH"},{"data":"Rage","floor":11,"key":"SMITH"},{"data":"Feel No Pain","floor":15,"key":"SMITH"},{"floor":23,"key":"REST"}],"neow_cost":"CURSE","seed_source_timestamp":0,"circlet_count":0,"master_deck":["Strike_R","Strike_R","Strike_R","Defend_R","Defend_R","Defend_R","Defend_R","Bash+1","Barricade+1","Rage+1","Regret","Dropkick","True Grit+1","Sentinel","Evolve+1","Feel No Pain+1","Juggernaut","Double Tap","Infernal Blade","Headbutt"],"special_seed":0,"relics":["Burning Blood","Dream Catcher","Golden Idol","The Courier","Gremlin Horn","Runic Dome","Toxic Egg 2"],"potions_floor_usage":[10,16,24],"damage_taken":[{"damage":12.0,"enemies":"Small Slimes","floor":1.0,"turns":4.0},{"damage":10.0,"enemies":"2 Louse","floor":3.0,"turns":4.0},{"damage":28,"enemies":"Gremlin Nob","floor":10,"turns":5},{"damage":10,"enemies":"Jaw Worm","floor":12,"turns":4},{"damage":2,"enemies":"3 Louse","floor":14,"turns":4},{"damage":17,"enemies":"Hexaghost","floor":16,"turns":16},{"damage":14,"enemies":"Chosen","floor":18,"turns":6},{"damage":51,"enemies":"3 Byrds","floor":22,"turns":5},{"damage":32,"enemies":"Gremlin Leader","floor":24,"turns":8}],"seed_played":"1255576718904354507","potions_obtained":[{"floor":1.0,"key":"Fire Potion"},{"floor":3.0,"key":"SpeedPotion"},{"floor":22,"key":"FearPotion"}],"is_trial":false,"path_per_floor":["M","?","M","$","?","R","?","R","T","E","R","M","?","M","R","B",null,"M","?","$","?","M","R","E"],"character_chosen":"IRONCLAD","items_purchased":["True Grit","Toxic Egg 2"],"campfire_rested":1,"item_purchase_floors":[4,20],"current_hp_per_floor":[66,66,62,62,62,62,62,62,62,40,40,36,36,40,40,29,63,55,55,55,55,10,32,0],"gold":47,"neow_bonus":"THREE_RARE_CARDS","is_prod":false,"is_daily":false,"chose_seed":false,"campfire_upgraded":4,"win_rate":0,"timestamp":1547944268,"path_taken":["M","?","M","$","?","R","?","R","T","E","R","M","?","?","R","BOSS","M","?","$","?","M","R","E"],"build_version":"2019-01-17","purchased_purges":1,"victory":false,"max_hp_per_floor":[80,80,80,80,80,80,74,74,74,74,74,74,74,74,74,74,74,74,74,74,74,74,74,74],"card_choices":[{"not_picked":["Exhume","Berserk"],"picked":"Barricade","floor":0.0},{"not_picked":["Havoc","Armaments"],"picked":"Rage","floor":1.0},{"not_picked":["Thunderclap","Perfected Strike"],"picked":"Dropkick","floor":3.0},{"not_picked":["Anger","Clothesline"],"picked":"Sentinel","floor":10},{"not_picked":["Headbutt","Perfected Strike"],"picked":"Evolve","floor":12},{"not_picked":["Thunderclap","Twin Strike"],"picked":"Feel No Pain","floor":14},{"not_picked":["Bludgeon","Barricade"],"picked":"Juggernaut","floor":16},{"not_picked":["Wild Strike","Heavy Blade","Bloodletting"],"picked":"SKIP","floor":18},{"not_picked":["Clash","Twin Strike"],"picked":"Headbutt","floor":22}],"player_experience":437036,"relics_obtained":[{"floor":9,"key":"The Courier"},{"floor":10,"key":"Gremlin Horn"}],"event_choices":[{"damage_healed":0.0,"max_hp_gain":0.0,"max_hp_loss":0.0,"gold_gain":0.0,"event_name":"Big Fish","player_choice":"Box","floor":2.0,"gold_loss":0.0,"damage_taken":0.0,"relics_obtained":["Dream Catcher"],"cards_obtained":["Regret"]},{"damage_healed":0,"gold_gain":0,"player_choice":"Grow","damage_taken":0,"max_hp_gain":0,"max_hp_loss":0,"event_name":"Living Wall","floor":5,"gold_loss":0,"cards_upgraded":["True Grit"]},{"damage_healed":0,"gold_gain":0,"player_choice":"Lose Max HP","damage_taken":0,"relics_obtained":["Golden Idol"],"max_hp_gain":0,"max_hp_loss":6,"event_name":"Golden Idol","floor":7,"gold_loss":0},{"damage_healed":0,"gold_gain":0,"player_choice":"Upgraded","damage_taken":0,"max_hp_gain":0,"max_hp_loss":0,"event_name":"Upgrade Shrine","floor":13,"gold_loss":0,"cards_upgraded":["Evolve"]},{"damage_healed":0,"gold_gain":0,"cards_transformed":["Strike_R","Strike_R"],"player_choice":"Became Test Subject","damage_taken":0,"max_hp_gain":0,"max_hp_loss":0,"event_name":"Drug Dealer","floor":19,"gold_loss":0,"cards_obtained":["Double Tap","Infernal Blade"]},{"damage_healed":0,"gold_gain":0,"player_choice":"Ignored","damage_taken":0,"max_hp_gain":0,"max_hp_loss":0,"event_name":"Vampires","floor":21,"gold_loss":0}],"is_beta":true,"boss_relics":[{"not_picked":["Runic Cube","Snecko Eye"],"picked":"Runic Dome"}],"items_purged_floors":[4],"is_endless":false,"potions_floor_spawned":[1,3,22],"killed_by":"Gremlin Leader","ascension_level":7}