{"gold_per_floor":[115,135,135,150,170,209,222,65,114,155,155,155,176,191,191,319,319,339,360,376,326,350,350,350],"floor_reached":24,"playtime":1076,"items_purged":[],"score":244,"play_id":"12a5810a-ef35-406e-b99f-c3c4c737dcf3","local_time":"20190203032004","is_ascension_mode":true,"campfire_choices":[{"floor":12,"key":"RECALL"},{"floor":15,"key":"REST"},{"floor":23,"key":"REST"}],"neow_cost":"NONE","seed_source_timestamp":3725794054673,"circlet_count":0,"master_deck":["Defend_G","Defend_G","Defend_G","Defend_G","Defend_G","Strike_G","Strike_G","Strike_G","Strike_G","Strike_G","Survivor","Neutralize","Flying Knee","Poisoned Stab","Backflip","Deadly Poison","Poisoned Stab+1","Dagger Spray+1","Bane+1","Flying Knee+1","Catalyst","Crippling Poison","Regret","Footwork","Bane+1","Bullet Time","Backflip+1","Blade Dance+1"],"relics":["Ring of the Serpent","Golden Idol","Molten Egg 2","Pantograph","Pen Nib"],"potions_floor_usage":[6,10,10,19],"damage_taken":[{"damage":2,"enemies":"Jaw Worm","floor":1,"turns":5},{"damage":2,"enemies":"Small Slimes","floor":2,"turns":3},{"damage":0,"enemies":"Cultist","floor":4,"turns":4},{"damage":0,"enemies":"Looter","floor":5,"turns":4},{"damage":32,"enemies":"Gremlin Nob","floor":6,"turns":5},{"damage":0,"enemies":"Large Slime","floor":7,"turns":5},{"damage":12,"enemies":"Lagavulin","floor":10,"turns":4},{"damage":2,"enemies":"3 Louse","floor":13,"turns":4},{"damage":17,"enemies":"Blue Slaver","floor":14,"turns":4},{"damage":50,"enemies":"The Guardian","floor":16,"turns":10},{"damage":5,"enemies":"Chosen","floor":18,"turns":4},{"damage":16,"enemies":"2 Thieves","floor":19,"turns":5},{"damage":9,"enemies":"Chosen and Byrds","floor":20,"turns":6},{"damage":13,"enemies":"Cultist and Chosen","floor":22,"turns":6},{"damage":53,"enemies":"Slavers","floor":24,"turns":3}],"seed_played":"-7744526154324458789","potions_obtained":[{"floor":4,"key":"AttackPotion"},{"floor":6,"key":"AttackPotion"},{"floor":7,"key":"AttackPotion"},{"floor":16,"key":"Block Potion"}],"is_trial":false,"path_per_floor":["M","M","?","M","M","E","M","$","T","E","?","R","M","M","R","B",null,"M","M","M","?","M","R","E"],"character_chosen":"THE_SILENT","items_purchased":["Bane+1","Flying Knee+1","Catalyst"],"campfire_rested":2,"item_purchase_floors":[8,8,8],"current_hp_per_floor":[75,73,71,71,71,39,39,39,39,27,27,27,25,8,29,4,71,66,50,41,41,28,49,0],"gold":350,"neow_bonus":"TEN_PERCENT_HP_BONUS","is_prod":false,"is_daily":false,"chose_seed":false,"campfire_upgraded":0,"win_rate":0,"timestamp":1549160404,"path_taken":["M","M","?","M","M","E","M","$","T","E","?","R","M","M","R","BOSS","M","M","M","?","M","R","E"],"build_version":"2019-01-23","purchased_purges":0,"victory":false,"max_hp_per_floor":[77,77,71,71,71,71,71,71,71,71,71,71,71,71,71,71,71,71,71,71,71,71,71,71],"card_choices":[{"not_picked":["Outmaneuver","Prepared"],"picked":"Flying Knee","floor":1},{"not_picked":["Caltrops","Concentrate"],"picked":"Poisoned Stab","floor":2},{"not_picked":["Deflect","Outmaneuver"],"picked":"Backflip","floor":4},{"not_picked":["Outmaneuver","Blade Dance"],"picked":"Deadly Poison","floor":5},{"not_picked":["Venomology","Bouncing Flask"],"picked":"Poisoned Stab","floor":6},{"not_picked":["Eviscerate+1","Backflip"],"picked":"Dagger Spray+1","floor":7},{"not_picked":["Backflip","Bouncing Flask"],"picked":"Crippling Poison","floor":10},{"not_picked":["Prepared","Well Laid Plans"],"picked":"Footwork","floor":13},{"not_picked":["Reflex","Tactician"],"picked":"Bane+1","floor":14},{"not_picked":["Doppelganger","Adrenaline"],"picked":"Bullet Time","floor":16},{"not_picked":["Blade Dance","Well Laid Plans"],"picked":"Backflip+1","floor":18},{"not_picked":["Outmaneuver","Underhanded Strike+1","Backflip"],"picked":"SKIP","floor":19},{"not_picked":["A Thousand Cuts","Dodge and Roll"],"picked":"Blade Dance+1","floor":20},{"not_picked":["Dagger Spray+1","Cloak And Dagger","Quick Slash+1"],"picked":"SKIP","floor":22}],"player_experience":204322,"relics_obtained":[{"floor":6,"key":"Molten Egg 2"},{"floor":10,"key":"Pantograph"}],"event_choices":[{"damage_healed":0,"gold_gain":0,"player_choice":"Lose Max HP","damage_taken":0,"relics_obtained":["Golden Idol"],"max_hp_gain":0,"max_hp_loss":6,"event_name":"Golden Idol","floor":3,"gold_loss":0},{"damage_healed":0,"gold_gain":0,"player_choice":"Box","damage_taken":0,"relics_obtained":["Pen Nib"],"max_hp_gain":0,"max_hp_loss":0,"event_name":"Big Fish","floor":11,"gold_loss":0,"cards_obtained":["Regret"]},{"damage_healed":0,"gold_gain":0,"player_choice":"Bet on Owner","damage_taken":0,"max_hp_gain":0,"max_hp_loss":0,"event_name":"The Joust","floor":21,"gold_loss":50}],"is_beta":false,"boss_relics":[{"not_picked":["HoveringKite","Busted Crown"],"picked":"Ring of the Serpent"}],"items_purged_floors":[],"is_endless":false,"potions_floor_spawned":[4,6,7,16],"killed_by":"Slavers","ascension_level":3}