{"gold_per_floor":[114,114,189,207,226,226,254,254,278,248,248,277,304,13,13,108,158,170,158,16,16],"floor_reached":21,"playtime":1070,"items_purged":["Strike_G"],"score":244,"play_id":"de74beb9-46ac-4399-bd7c-5ba368680161","local_time":"20190211135417","is_ascension_mode":true,"campfire_choices":[{"floor":6,"key":"REST"},{"floor":8,"key":"REST"},{"floor":15,"key":"REST"}],"neow_cost":"NONE","seed_source_timestamp":88399936009813,"circlet_count":0,"master_deck":["Defend_G","Defend_G","Defend_G","Defend_G","Defend_G","Strike_G+1","Strike_G+1","Strike_G","Strike_G+1","Survivor","Neutralize","Blur","Cloak And Dagger","Footwork","Noxious Fumes","PiercingWail","Blur","Backflip","After Image","Catalyst","Backstab","Bouncing Flask","Noxious Fumes"],"relics":["Ring of the Snake","Ancient Tea Set","Omamori","MawBank","Happy Flower","Bag of Preparation","Tiny House"],"potions_floor_usage":[7,16,16,19],"damage_taken":[{"damage":0,"enemies":"Small Slimes","floor":1,"turns":4},{"damage":2,"enemies":"2 Louse","floor":4,"turns":3},{"damage":7,"enemies":"Jaw Worm","floor":5,"turns":4},{"damage":40,"enemies":"Gremlin Nob","floor":7,"turns":6},{"damage":5,"enemies":"Exordium Thugs","floor":10,"turns":6},{"damage":0,"enemies":"2 Fungi Beasts","floor":12,"turns":5},{"damage":3,"enemies":"3 Louse","floor":13,"turns":6},{"damage":13,"enemies":"The Guardian","floor":16,"turns":14},{"damage":11,"enemies":"Spheric Guardian","floor":18,"turns":12},{"damage":1,"enemies":"2 Thieves","floor":19,"turns":4},{"damage":40,"enemies":"Colosseum Slavers","floor":21,"turns":7},{"damage":36,"enemies":"Colosseum Nobs","floor":21,"turns":3}],"seed_played":"3248551960764679180","potions_obtained":[{"floor":4,"key":"Block Potion"},{"floor":5,"key":"SpeedPotion"},{"floor":10,"key":"Strength Potion"},{"floor":16,"key":"GamblersBrew"},{"floor":17,"key":"SpeedPotion"},{"floor":18,"key":"SkillPotion"}],"is_trial":false,"path_per_floor":["M","?","?","M","M","R","E","R","T","M","?","M","M","$","R","B",null,"M","M","$","?"],"character_chosen":"THE_SILENT","items_purchased":["Happy Flower","Bag of Preparation","Noxious Fumes"],"campfire_rested":3,"item_purchase_floors":[14,14,20],"current_hp_per_floor":[63,49,38,36,29,50,10,31,31,26,14,14,11,11,32,19,62,51,50,50,0],"gold":16,"neow_bonus":"THREE_CARDS","is_prod":false,"is_daily":false,"chose_seed":false,"campfire_upgraded":0,"win_rate":0,"timestamp":1549889657,"path_taken":["M","?","?","M","M","R","E","R","T","M","?","M","M","$","R","BOSS","M","M","$","?"],"build_version":"2019-01-23","purchased_purges":1,"victory":false,"max_hp_per_floor":[70,70,70,70,70,70,70,70,70,70,70,70,70,70,70,70,75,75,75,75,75],"card_choices":[{"not_picked":["Dagger Spray","Bane"],"picked":"Blur","floor":0},{"not_picked":["Deflect","Eviscerate"],"picked":"Cloak And Dagger","floor":1},{"not_picked":["Bouncing Flask","Underhanded Strike"],"picked":"Footwork","floor":4},{"not_picked":["Catalyst","Poisoned Stab"],"picked":"Noxious Fumes","floor":5},{"not_picked":["Bane","Eviscerate"],"picked":"PiercingWail","floor":7},{"not_picked":["Blade Dance","Cloak And Dagger"],"picked":"Blur","floor":10},{"not_picked":["Calculated Gamble","Slice"],"picked":"Backflip","floor":12},{"not_picked":["Choke","Deflect","PiercingWail"],"picked":"SKIP","floor":13},{"not_picked":["Envenom","Phantasmal Killer"],"picked":"After Image","floor":16},{"not_picked":["Cloak And Dagger","Dagger Throw"],"picked":"Catalyst","floor":17},{"not_picked":["PiercingWail","Quick Slash"],"picked":"Backstab","floor":18},{"not_picked":["Flying Knee","Endless Agony"],"picked":"Bouncing Flask","floor":19}],"player_experience":281501,"relics_obtained":[{"floor":7,"key":"Ancient Tea Set"},{"floor":9,"key":"Omamori"}],"event_choices":[{"damage_healed":0,"gold_gain":0,"player_choice":"Entered Light","damage_taken":14,"max_hp_gain":0,"max_hp_loss":0,"event_name":"Shining Light","floor":2,"gold_loss":0,"cards_upgraded":["Strike_G","Strike_G"]},{"damage_healed":0,"gold_gain":75,"player_choice":"Gather Gold","damage_taken":11,"max_hp_gain":0,"max_hp_loss":0,"event_name":"World of Goop","floor":3,"gold_loss":0},{"damage_healed":0,"gold_gain":0,"player_choice":"Success","damage_taken":12,"relics_obtained":["MawBank"],"max_hp_gain":0,"max_hp_loss":0,"event_name":"Scrap Ooze","floor":11,"gold_loss":0},{"damage_healed":0,"gold_gain":0,"player_choice":"Fight","damage_taken":0,"max_hp_gain":0,"max_hp_loss":0,"event_name":"Colosseum","floor":21,"gold_loss":0},{"damage_healed":0,"gold_gain":0,"player_choice":"Fought Nobs","damage_taken":0,"max_hp_gain":0,"max_hp_loss":0,"event_name":"Colosseum","floor":21,"gold_loss":0}],"is_beta":false,"boss_relics":[{"not_picked":["White Beast Statue","Coffee Dripper"],"picked":"Tiny House"}],"items_purged_floors":[20],"is_endless":false,"potions_floor_spawned":[4,5,10,16,18],"killed_by":"Colosseum Nobs","ascension_level":7}