{"gold_per_floor":[314,314,332,257,257,289,289,308,308,308,308,308,308,369,369,470,470,490,310,410,91,6,6],"floor_reached":23,"playtime":953,"items_purged":["Decay","Strike_R"],"score":245,"play_id":"fb67a9b3-3752-4008-a59d-e598ebc69d64","local_time":"20190208135300","is_ascension_mode":true,"campfire_choices":[{"data":"Armaments","floor":7,"key":"SMITH"},{"data":"Bash","floor":10,"key":"SMITH"},{"floor":12,"key":"REST"},{"data":"Rampage","floor":15,"key":"SMITH"}],"neow_cost":"NO_GOLD","seed_source_timestamp":80750926531904,"circlet_count":0,"master_deck":["Strike_R","Strike_R","Strike_R+1","Strike_R","Defend_R","Defend_R+1","Defend_R","Defend_R","Bash+1","Armaments+1","Rampage+1","Feed","Inflame","Clash","Inflame"],"relics":["Burning Blood","Old Coin","Bottled Flame","Meat on the Bone","Strawberry","Incense Burner","Fusion Hammer","Champion Belt","Matryoshka","Kunai","Ornamental Fan"],"potions_floor_usage":[20,20],"damage_taken":[{"damage":7,"enemies":"Jaw Worm","floor":1,"turns":3},{"damage":8,"enemies":"Cultist","floor":3,"turns":4},{"damage":45,"enemies":"Lagavulin","floor":6,"turns":8},{"damage":7,"enemies":"Small Slimes","floor":8,"turns":3},{"damage":5,"enemies":"Gremlin Nob","floor":14,"turns":3},{"damage":30,"enemies":"Slime Boss","floor":16,"turns":12},{"damage":29,"enemies":"2 Thieves","floor":18,"turns":4},{"damage":30,"enemies":"Colosseum Slavers","floor":20,"turns":4},{"damage":34,"enemies":"Colosseum Nobs","floor":20,"turns":7},{"damage":49,"enemies":"Book of Stabbing","floor":23,"turns":5}],"seed_played":"8873123436733895220","potions_obtained":[{"floor":8,"key":"LiquidBronze"},{"floor":16,"key":"SkillPotion"}],"is_trial":false,"path_per_floor":["M","?","M","$","?","E","R","M","T","R","?","R","?","?","R","B",null,"M","$","?","$","?","E"],"character_chosen":"IRONCLAD","items_purchased":["Inflame","Kunai","Inflame"],"campfire_rested":1,"item_purchase_floors":[19,21,21],"current_hp_per_floor":[79,79,77,77,61,22,22,21,21,21,28,54,47,60,60,48,87,67,67,45,45,45,0],"gold":6,"neow_bonus":"ONE_RARE_RELIC","is_prod":false,"is_daily":false,"chose_seed":false,"campfire_upgraded":3,"win_rate":0,"timestamp":1549630380,"path_taken":["M","?","?","$","?","E","R","M","T","R","?","R","?","?","R","BOSS","M","$","?","$","?","E"],"build_version":"2019-01-23","purchased_purges":2,"victory":false,"max_hp_per_floor":[80,80,80,80,80,80,80,80,80,80,87,87,87,87,87,87,87,90,90,96,96,96,96],"card_choices":[{"not_picked":["Pommel Strike","Flex"],"picked":"Armaments","floor":1},{"not_picked":["Sword Boomerang","Anger","Warcry"],"picked":"SKIP","floor":3},{"not_picked":["Entrench","Second Wind","Anger"],"picked":"SKIP","floor":6},{"not_picked":["Clash","Clothesline","Anger"],"picked":"SKIP","floor":8},{"not_picked":["Armaments","Body Slam"],"picked":"Rampage","floor":14},{"not_picked":["Offering","Limit Break"],"picked":"Feed","floor":16},{"not_picked":["Whirlwind","Hemokinesis","Sword Boomerang+1"],"picked":"SKIP","floor":18},{"not_picked":["Anger","Clothesline"],"picked":"Clash","floor":20}],"player_experience":247570,"relics_obtained":[{"floor":6,"key":"Bottled Flame"},{"floor":9,"key":"Meat on the Bone"},{"floor":14,"key":"Incense Burner"},{"floor":20,"key":"Champion Belt"},{"floor":20,"key":"Matryoshka"}],"event_choices":[{"damage_healed":0,"gold_gain":0,"player_choice":"Cursed","damage_taken":0,"max_hp_gain":0,"max_hp_loss":0,"event_name":"Wheel of Change","floor":2,"gold_loss":0,"cards_obtained":["Decay"]},{"damage_healed":0,"gold_gain":0,"player_choice":"Entered Light","damage_taken":16,"max_hp_gain":0,"max_hp_loss":0,"event_name":"Shining Light","floor":5,"gold_loss":0,"cards_upgraded":["Strike_R","Defend_R"]},{"damage_healed":0,"gold_gain":0,"player_choice":"Box","damage_taken":0,"relics_obtained":["Strawberry"],"max_hp_gain":0,"max_hp_loss":0,"event_name":"Big Fish","floor":11,"gold_loss":0,"cards_obtained":["Regret"]},{"cards_removed":["Regret"],"damage_healed":0,"gold_gain":0,"player_choice":"Card Removal","damage_taken":7,"max_hp_gain":0,"max_hp_loss":0,"event_name":"Golden Wing","floor":13,"gold_loss":0},{"damage_healed":0,"gold_gain":0,"player_choice":"Searched \u00271\u0027 times","damage_taken":0,"max_hp_gain":0,"max_hp_loss":0,"event_name":"Dead Adventurer","floor":14,"gold_loss":0},{"damage_healed":0,"gold_gain":0,"player_choice":"Fight","damage_taken":0,"max_hp_gain":0,"max_hp_loss":0,"event_name":"Colosseum","floor":20,"gold_loss":0},{"damage_healed":0,"gold_gain":0,"player_choice":"Fought Nobs","damage_taken":0,"max_hp_gain":0,"max_hp_loss":0,"event_name":"Colosseum","floor":20,"gold_loss":0},{"damage_healed":0,"gold_gain":0,"player_choice":"Obtained Relic","damage_taken":0,"relics_obtained":["Ornamental Fan"],"max_hp_gain":0,"max_hp_loss":0,"event_name":"Addict","floor":22,"gold_loss":85}],"is_beta":false,"boss_relics":[{"not_picked":["Sozu","Coffee Dripper"],"picked":"Fusion Hammer"}],"items_purged_floors":[4,19],"is_endless":false,"potions_floor_spawned":[8,16,20],"killed_by":"Book of Stabbing","ascension_level":4}