{"path_per_floor":["M","M","?","T","M","E","M","$","T","M","?","M","E","M","R","B",null,"M","$","M","M","?","R"],"character_chosen":"DEFECT","items_purchased":["Capacitor","Apotheosis"],"gold_per_floor":[109,124,124,148,161,191,204,57,82,99,99,110,139,152,152,255,255,271,93,110,120,120,120,120],"floor_reached":24,"campfire_rested":1,"playtime":1151,"item_purchase_floors":[8,19],"current_hp_per_floor":[67,67,60,60,57,45,41,41,41,47,47,50,13,20,40,22,68,61,61,68,61,61,61,0],"items_purged":["Defend_B"],"gold":120,"score":252,"play_id":"444de47d-cd79-47ca-a24b-800b57912685","local_time":"20180612230121","is_prod":false,"is_daily":false,"chose_seed":false,"is_ascension_mode":true,"campfire_upgraded":1,"win_rate":0,"timestamp":1528840881,"campfire_choices":[{"floor":15,"key":"REST"},{"data":"Apotheosis","floor":23,"key":"SMITH"}],"path_taken":["M","?","?","?","M","E","M","?","T","?","?","M","E","M","R","BOSS","M","$","M","M","?","R","E"],"build_version":"2018-06-11","seed_source_timestamp":2636271222548732,"purchased_purges":1,"victory":false,"master_deck":["Strike_B","Strike_B","Strike_B","Strike_B","Defend_B","Defend_B","Defend_B","Zap","Dualcast","Creative AI+1","Self Repair","Undo","Auto Shields","Capacitor","Heatsinks","Defragment","Seek","Apotheosis+1","White Noise"],"max_hp_per_floor":[68,68,68,68,68,68,68,68,68,68,68,68,68,68,68,68,68,68,68,68,68,68,68,68],"special_seed":17694,"relics":["Cracked Core","Matryoshka","Happy Flower","DataDisk","Emotion Chip","Bag of Preparation","Lantern","Boot","Nuclear Battery"],"card_choices":[{"not_picked":["Reboot","Biased Cognition"],"picked":"Creative AI","floor":0},{"not_picked":["Beam Cell","Rebound","Go for the Eyes"],"picked":"SKIP","floor":1},{"not_picked":["FTL","Ball Lightning"],"picked":"Self Repair","floor":2},{"not_picked":["Aggregate","Turbo","Redo"],"picked":"SKIP","floor":5},{"not_picked":["Machine Learning","Gash"],"picked":"Undo","floor":6},{"not_picked":["Barrage","Skim"],"picked":"Auto Shields","floor":7},{"not_picked":["Leap","Stack"],"picked":"Heatsinks","floor":10},{"not_picked":["Sweeping Beam","Static Discharge"],"picked":"Defragment","floor":12},{"not_picked":["Capacitor","Conserve Battery","Genetic Algorithm"],"picked":"SKIP","floor":13},{"not_picked":["Darkness","Blizzard","Rip and Tear"],"picked":"SKIP","floor":14},{"not_picked":["Rainbow","Creative AI"],"picked":"Seek","floor":16},{"not_picked":["Go for the Eyes","Beam Cell","Conserve Battery"],"picked":"SKIP","floor":18},{"not_picked":["Beam Cell","Hologram","Hello World"],"picked":"SKIP","floor":20},{"not_picked":["Redo","Capacitor","Doom and Gloom"],"picked":"SKIP","floor":21}],"player_experience":255762,"potions_floor_usage":[6,13,13,16,24],"damage_taken":[{"damage":1,"enemies":"Cultist","floor":1,"turns":3},{"damage":0,"enemies":"Small Slimes","floor":2,"turns":3},{"damage":3,"enemies":"Jaw Worm","floor":5,"turns":4},{"damage":12,"enemies":"3 Sentries","floor":6,"turns":4},{"damage":11,"enemies":"Large Slime","floor":7,"turns":5},{"damage":1,"enemies":"Exordium Wildlife","floor":10,"turns":6},{"damage":4,"enemies":"Blue Slaver","floor":12,"turns":4},{"damage":79,"enemies":"Gremlin Nob","floor":13,"turns":8},{"damage":0,"enemies":"2 Fungi Beasts","floor":14,"turns":5},{"damage":25,"enemies":"Slime Boss","floor":16,"turns":7},{"damage":14,"enemies":"3 Byrds","floor":18,"turns":7},{"damage":0,"enemies":"Spheric Guardian","floor":20,"turns":3},{"damage":17,"enemies":"Snake Plant","floor":21,"turns":4},{"damage":62,"enemies":"Slavers","floor":24,"turns":3}],"relics_obtained":[{"floor":4,"key":"Happy Flower"},{"floor":4,"key":"DataDisk"},{"floor":6,"key":"Emotion Chip"},{"floor":9,"key":"Bag of Preparation"},{"floor":9,"key":"Lantern"},{"floor":13,"key":"Boot"}],"event_choices":[{"event_name":"Scrap Ooze","player_choice":"success","floor":3,"damage_taken":7},{"event_name":"Upgrade Shrine","player_choice":"Upgraded","floor":11,"damage_taken":0},{"event_name":"The Library","player_choice":"Read","floor":22,"damage_taken":0}],"boss_relics":[{"not_picked":["Sozu","Runic Pyramid"],"picked":"Nuclear Battery"}],"items_purged_floors":[8],"potions_floor_spawned":[1,6,10,12,13,20],"seed_played":"8052609688476673947","killed_by":"Slavers","ascension_level":4,"potions_obtained":[{"floor":1,"key":"Block Potion"},{"floor":6,"key":"Regen Potion"},{"floor":10,"key":"SpeedPotion"},{"floor":12,"key":"FairyPotion"},{"floor":13,"key":"AttackPotion"},{"floor":20,"key":"Block Potion"}],"is_trial":false}