{"gold_per_floor":[109,109,89,15,35,35,78,78,101,140,140,176,176,201,201,297,297,316,340,130,148,171,171,214,214,214,110,130,130,155,155,155,155],"floor_reached":33,"playtime":1052,"items_purged":["Strike_R","Strike_R"],"score":509,"play_id":"74e10259-610d-43df-b047-6822621a92f9","local_time":"20190209031853","is_ascension_mode":true,"campfire_choices":[{"data":"Immolate","floor":6,"key":"SMITH"},{"data":"Offering","floor":11,"key":"SMITH"},{"data":"Strike_R","floor":15,"key":"SMITH"},{"floor":23,"key":"REST"},{"data":"Searing Blow+1","floor":25,"key":"SMITH"},{"data":"Searing Blow+2","floor":29,"key":"SMITH"},{"floor":32,"key":"REST"}],"neow_cost":"NONE","seed_source_timestamp":568163480041528,"circlet_count":0,"master_deck":["AscendersBane","Strike_R","Strike_R","Strike_R+1","Defend_R","Defend_R","Defend_R","Defend_R","Bash+1","Immolate+1","Offering+1","Pommel Strike+1","True Grit+1","Cleave+1","Exhume+1","Flame Barrier+1","Shrug It Off+1","Metallicize","Searing Blow+3","Armaments+1"],"relics":["Burning Blood","Golden Idol","Molten Egg 2","Toxic Egg 2","Smiling Mask","Strawberry","Shuriken","Velvet Choker","Happy Flower","Singing Bowl","Pear"],"potions_floor_usage":[7,10,21,22,33],"damage_taken":[{"damage":2,"enemies":"2 Louse","floor":1,"turns":3},{"damage":6,"enemies":"Cultist","floor":5,"turns":3},{"damage":8,"enemies":"Gremlin Nob","floor":7,"turns":3},{"damage":23,"enemies":"Lagavulin","floor":10,"turns":5},{"damage":9,"enemies":"3 Sentries","floor":12,"turns":3},{"damage":2,"enemies":"Jaw Worm","floor":14,"turns":3},{"damage":54,"enemies":"The Guardian","floor":16,"turns":11},{"damage":6,"enemies":"Spheric Guardian","floor":18,"turns":1},{"damage":15,"enemies":"2 Thieves","floor":19,"turns":3},{"damage":21,"enemies":"Snake Plant","floor":21,"turns":4},{"damage":6,"enemies":"Sentry and Sphere","floor":22,"turns":3},{"damage":21,"enemies":"Slavers","floor":24,"turns":5},{"damage":6,"enemies":"Centurion and Healer","floor":28,"turns":4},{"damage":15,"enemies":"Snake Plant","floor":30,"turns":3},{"damage":90,"enemies":"Automaton","floor":33,"turns":12}],"seed_played":"-6328495279810930532","potions_obtained":[{"floor":3,"key":"Poison Potion"},{"floor":5,"key":"Energy Potion"},{"floor":7,"key":"Poison Potion"},{"floor":12,"key":"Fire Potion"},{"floor":22,"key":"FearPotion"}],"is_trial":false,"path_per_floor":["M","?","?","$","M","R","E","?","T","E","R","E","?","M","R","B",null,"M","M","$","M","M","R","E","R","T","$","M","R","M","T","R","B"],"character_chosen":"IRONCLAD","items_purchased":["Offering","Metallicize","Regen Potion","Block Potion"],"campfire_rested":2,"item_purchase_floors":[4,20,20,27],"current_hp_per_floor":[72,68,68,68,68,68,66,66,66,56,56,53,53,57,57,9,59,59,50,50,47,47,69,54,54,54,54,56,56,49,59,85,0],"gold":155,"neow_bonus":"ONE_RANDOM_RARE_CARD","is_prod":false,"is_daily":false,"chose_seed":false,"campfire_upgraded":5,"win_rate":0,"timestamp":1549700333,"path_taken":["M","?","?","$","?","R","E","?","T","E","R","E","?","M","R","BOSS","M","M","$","M","M","R","E","R","T","?","M","R","M","?","R","BOSS"],"build_version":"2019-01-23","purchased_purges":2,"victory":false,"max_hp_per_floor":[75,68,68,68,68,68,68,68,68,75,75,75,75,75,75,75,75,75,75,75,75,75,75,75,75,75,75,77,77,79,89,89,89],"card_choices":[{"not_picked":["Clash","Evolve","Fire Breathing"],"picked":"SKIP","floor":1},{"not_picked":["Wild Strike","Combust","Flex"],"picked":"SKIP","floor":5},{"not_picked":["Reckless Charge","Sentinel"],"picked":"Pommel Strike","floor":7},{"not_picked":["Pommel Strike+1","Ghostly Armor+1"],"picked":"True Grit+1","floor":10},{"not_picked":["Offering+1","Flex+1"],"picked":"Cleave+1","floor":12},{"not_picked":["Searing Blow+1","Wild Strike+1","Body Slam+1"],"picked":"SKIP","floor":14},{"not_picked":["Barricade","Brutality"],"picked":"Exhume+1","floor":16},{"not_picked":["Body Slam+1","Metallicize"],"picked":"Flame Barrier+1","floor":18},{"not_picked":["Dual Wield+1","Sword Boomerang+1"],"picked":"Shrug It Off+1","floor":19},{"not_picked":["Seeing Red+1","Shrug It Off+1"],"picked":"Searing Blow+1","floor":21},{"not_picked":["Power Through+1","Warcry+1","Cleave+1"],"picked":"SKIP","floor":22},{"not_picked":["Metallicize","Clothesline+1"],"picked":"Armaments+1","floor":24},{"not_picked":["Armaments+1","Rupture","Body Slam+1"],"picked":"Singing Bowl","floor":28},{"not_picked":["Headbutt+1","Inflame","Second Wind+1"],"picked":"Singing Bowl","floor":30}],"player_experience":261083,"relics_obtained":[{"floor":7,"key":"Molten Egg 2"},{"floor":9,"key":"Smiling Mask"},{"floor":10,"key":"Strawberry"},{"floor":12,"key":"Shuriken"},{"floor":24,"key":"Happy Flower"},{"floor":26,"key":"Singing Bowl"},{"floor":31,"key":"Pear"}],"event_choices":[{"damage_healed":0,"gold_gain":0,"player_choice":"Lose Max HP","damage_taken":0,"relics_obtained":["Golden Idol"],"max_hp_gain":0,"max_hp_loss":7,"event_name":"Golden Idol","floor":2,"gold_loss":0},{"damage_healed":0,"gold_gain":0,"player_choice":"Bought 1 Potion","damage_taken":0,"max_hp_gain":0,"max_hp_loss":0,"event_name":"The Woman in Blue","floor":3,"gold_loss":0},{"damage_healed":0,"gold_gain":0,"player_choice":"Searched \u00271\u0027 times","damage_taken":0,"relics_obtained":["Toxic Egg 2"],"max_hp_gain":0,"max_hp_loss":0,"event_name":"Dead Adventurer","floor":8,"gold_loss":0},{"damage_healed":0,"gold_gain":0,"player_choice":"Forge","damage_taken":0,"max_hp_gain":0,"max_hp_loss":0,"event_name":"Accursed Blacksmith","floor":13,"gold_loss":0,"cards_upgraded":["Bash"]}],"is_beta":false,"boss_relics":[{"not_picked":["Runic Dome","Busted Crown"],"picked":"Velvet Choker"}],"items_purged_floors":[20,27],"is_endless":false,"potions_floor_spawned":[5,7,12,19,22,30],"killed_by":"Automaton","ascension_level":16}