{"gold_per_floor":[112,112,67,83,101,101,129,149,204,204,236,247,271,285,285,389,389,402,481,496,511,42,42,55,86,86,18,34,64,75,75,75,174,174,193,159,178,189,199,229,241,241,291,311,341,341,358,318,318,318],"floor_reached":51,"playtime":3686,"items_purged":[],"score":813,"play_id":"8ceaaa86-fdb9-4ee2-b923-b04f60ec0e6f","local_time":"20190204185412","is_ascension_mode":false,"campfire_choices":[{"data":"Headbutt","floor":6,"key":"SMITH"},{"floor":10,"key":"REST"},{"floor":15,"key":"REST"},{"floor":23,"key":"REST"},{"floor":32,"key":"REST"},{"floor":42,"key":"REST"},{"floor":49,"key":"REST"}],"neow_cost":"NONE","seed_source_timestamp":37071911689146,"circlet_count":0,"master_deck":["Strike_R+1","Strike_R","Strike_R","Strike_R","Strike_R","Defend_R","Defend_R","Defend_R","Defend_R","Bash","Armaments","Headbutt+1","Pummel","Cleave","Iron Wave","Power Through","Shrug It Off","Bludgeon+1","Havoc","Infernal Blade","Apotheosis","Inflame","Perfected Strike","Uppercut","Rampage+1","Immolate","Shockwave+1","Juggernaut","Flame Barrier+1","Reaper","Seeing Red+1","Metallicize+1","Battle Trance+1"],"relics":["Burning Blood","Ancient Tea Set","Happy Flower","Oddly Smooth Stone","Tiny Chest","Vajra","Centennial Puzzle","Fusion Hammer","Bottled Flame","Regal Pillow","Omamori","Toxic Egg 2","Smiling Mask","Eternal Feather","Bag of Preparation","Pen Nib","Blood Vial","Meat on the Bone"],"potions_floor_usage":[5,25,29,29,29,30,40,41,50,50,50],"damage_taken":[{"damage":0,"enemies":"Small Slimes","floor":1,"turns":3},{"damage":5,"enemies":"Jaw Worm","floor":4,"turns":5},{"damage":1,"enemies":"Cultist","floor":5,"turns":4},{"damage":28,"enemies":"Gremlin Nob","floor":7,"turns":4},{"damage":11,"enemies":"Lots of Slimes","floor":8,"turns":5},{"damage":25,"enemies":"Lagavulin","floor":11,"turns":6},{"damage":0,"enemies":"Gremlin Gang","floor":12,"turns":3},{"damage":9,"enemies":"Exordium Wildlife","floor":14,"turns":4},{"damage":2,"enemies":"Slime Boss","floor":16,"turns":7},{"damage":12,"enemies":"Shell Parasite","floor":18,"turns":3},{"damage":1,"enemies":"3 Byrds","floor":20,"turns":5},{"damage":16,"enemies":"Cultist and Chosen","floor":21,"turns":5},{"damage":1,"enemies":"Chosen and Byrds","floor":24,"turns":4},{"damage":52,"enemies":"Slavers","floor":25,"turns":5},{"damage":26,"enemies":"Centurion and Healer","floor":28,"turns":5},{"damage":3,"enemies":"Book of Stabbing","floor":29,"turns":6},{"damage":0,"enemies":"Snecko","floor":30,"turns":3},{"damage":54,"enemies":"Collector","floor":33,"turns":8},{"damage":25,"enemies":"3 Shapes","floor":35,"turns":4},{"damage":14,"enemies":"Orb Walker","floor":37,"turns":4},{"damage":19,"enemies":"Jaw Worm Horde","floor":38,"turns":4},{"damage":8,"enemies":"4 Shapes","floor":39,"turns":5},{"damage":28,"enemies":"Reptomancer","floor":40,"turns":7},{"damage":26,"enemies":"Writhing Mass","floor":41,"turns":5},{"damage":17,"enemies":"Transient","floor":44,"turns":5},{"damage":27,"enemies":"Giant Head","floor":45,"turns":8},{"damage":18,"enemies":"Jaw Worm Horde","floor":47,"turns":3},{"damage":84,"enemies":"Donu and Deca","floor":50,"turns":10}],"seed_played":"4049072559305406566","potions_obtained":[{"floor":1,"key":"Dexterity Potion"},{"floor":4,"key":"Block Potion"},{"floor":5,"key":"Fruit Juice"},{"floor":14,"key":"Regen Potion"},{"floor":24,"key":"Regen Potion"},{"floor":28,"key":"Block Potion"},{"floor":29,"key":"SkillPotion"},{"floor":30,"key":"Fruit Juice"},{"floor":35,"key":"Ancient Potion"},{"floor":39,"key":"SkillPotion"},{"floor":40,"key":"Fire Potion"},{"floor":45,"key":"Energy Potion"}],"is_trial":false,"path_per_floor":["M","?","$","M","M","R","E","M","T","R","E","M","T","M","R","B",null,"M","T","M","M","$","R","M","E","T","$","M","E","M","$","R","B",null,"M","$","M","M","M","E","M","R","T","M","E","T","M","?","R","B",null],"character_chosen":"IRONCLAD","items_purchased":["Armaments","Apotheosis","Regal Pillow","Inflame","Perfected Strike","Uppercut","Shockwave+1","Seeing Red+1"],"campfire_rested":6,"item_purchase_floors":[3,22,22,22,22,22,27,36],"current_hp_per_floor":[80,62,62,63,73,73,51,46,46,71,52,58,58,55,80,84,85,79,79,84,74,74,85,85,51,51,51,31,49,60,60,90,42,90,71,71,63,60,58,57,37,90,90,79,58,58,60,60,90,33],"gold":318,"neow_bonus":"RANDOM_COMMON_RELIC","is_prod":false,"is_daily":false,"chose_seed":false,"campfire_upgraded":1,"win_rate":0.0,"timestamp":1549328052,"path_taken":["M","?","$","M","M","R","E","M","T","R","E","M","?","M","R","BOSS","M","?","M","M","$","R","M","E","T","$","?","E","M","$","R","BOSS","M","$","M","?","?","E","M","R","T","M","E","?","M","?","R","BOSS"],"build_version":"2019-01-23","purchased_purges":0,"victory":true,"max_hp_per_floor":[80,80,80,80,85,85,85,85,85,85,85,85,85,85,85,85,85,85,85,85,85,85,85,85,85,85,85,85,85,90,90,90,90,90,90,90,90,90,90,90,90,90,90,90,90,90,90,90,90,90],"card_choices":[{"not_picked":["Hemokinesis","Ghostly Armor","Searing Blow"],"picked":"SKIP","floor":1},{"not_picked":["Anger","Armaments","Feel No Pain"],"picked":"SKIP","floor":4},{"not_picked":["Corruption","Evolve"],"picked":"Headbutt","floor":5},{"not_picked":["Clash","Ghostly Armor"],"picked":"Pummel","floor":7},{"not_picked":["Flex","Warcry"],"picked":"Cleave","floor":8},{"not_picked":["Rampage","Body Slam"],"picked":"Iron Wave","floor":11},{"not_picked":["Sword Boomerang","Anger"],"picked":"Power Through","floor":12},{"not_picked":["Pommel Strike","Anger"],"picked":"Shrug It Off","floor":14},{"not_picked":["Limit Break","Brutality"],"picked":"Bludgeon","floor":16},{"not_picked":["Second Wind","Sentinel"],"picked":"Havoc","floor":18},{"not_picked":["Wild Strike","Bloodletting"],"picked":"Infernal Blade","floor":20},{"not_picked":["Dual Wield","Headbutt","Cleave"],"picked":"SKIP","floor":21},{"not_picked":["Power Through","Bloodletting"],"picked":"Rampage+1","floor":24},{"not_picked":["Blood for Blood","Burning Pact"],"picked":"Immolate","floor":25},{"not_picked":["Thunderclap","Pommel Strike","Body Slam"],"picked":"SKIP","floor":28},{"not_picked":["Immolate","Clothesline"],"picked":"Juggernaut","floor":29},{"not_picked":["Blood for Blood","Headbutt+1"],"picked":"Flame Barrier+1","floor":30},{"not_picked":["Limit Break+1","Fiend Fire"],"picked":"Reaper","floor":33},{"not_picked":["Flame Barrier+1","Havoc+1","Body Slam+1"],"picked":"SKIP","floor":35},{"not_picked":["Warcry+1","Pommel Strike","Entrench+1"],"picked":"SKIP","floor":37},{"not_picked":["Rampage","Thunderclap+1","Anger"],"picked":"SKIP","floor":38},{"not_picked":["Thunderclap","Flex+1","Heavy Blade+1"],"picked":"SKIP","floor":39},{"not_picked":["Havoc+1","Sword Boomerang+1","Perfected Strike"],"picked":"SKIP","floor":40},{"not_picked":["Exhume+1","Wild Strike"],"picked":"Metallicize+1","floor":41},{"not_picked":["Iron Wave","Pommel Strike+1","Fire Breathing+1"],"picked":"SKIP","floor":44},{"not_picked":["Sword Boomerang+1","Sentinel+1"],"picked":"Battle Trance+1","floor":45},{"not_picked":["Clash+1","Wild Strike","Body Slam+1"],"picked":"SKIP","floor":47}],"player_experience":95172,"relics_obtained":[{"floor":7,"key":"Oddly Smooth Stone"},{"floor":9,"key":"Tiny Chest"},{"floor":11,"key":"Vajra"},{"floor":13,"key":"Centennial Puzzle"},{"floor":19,"key":"Bottled Flame"},{"floor":25,"key":"Omamori"},{"floor":26,"key":"Toxic Egg 2"},{"floor":29,"key":"Smiling Mask"},{"floor":40,"key":"Bag of Preparation"},{"floor":43,"key":"Pen Nib"},{"floor":45,"key":"Blood Vial"},{"floor":46,"key":"Meat on the Bone"}],"event_choices":[{"damage_healed":0,"gold_gain":0,"player_choice":"Success","damage_taken":18,"relics_obtained":["Happy Flower"],"max_hp_gain":0,"max_hp_loss":0,"event_name":"Scrap Ooze","floor":2,"gold_loss":0},{"damage_healed":0,"gold_gain":0,"player_choice":"Upgraded Two","damage_taken":0,"max_hp_gain":0,"max_hp_loss":0,"event_name":"Designer","floor":48,"gold_loss":40,"cards_upgraded":["Bludgeon","Strike_R"]}],"is_beta":false,"boss_relics":[{"not_picked":["Mark of Pain","Empty Cage"],"picked":"Fusion Hammer"},{"not_picked":["Snecko Eye","Tiny House"],"picked":"Eternal Feather"}],"items_purged_floors":[],"is_endless":false,"potions_floor_spawned":[1,4,5,14,20,24,28,29,30,35,39,40,45],"ascension_level":0}