{"gold_per_floor":[115,115,130,147,147,147,117,117,117,157,170,14,27,50,50,175,175,199,220,220,246,246,246,284,298,298,312,77,102,102,125,125,248,248,267,65,65,80,99,99,99,99,99,99,122,138,163,178,178,178],"floor_reached":51,"playtime":2667,"items_purged":["Defend_B","Strike_B","Double Energy"],"score":860,"play_id":"33214cf1-e3c9-44d1-bab1-5c47e2190aa4","local_time":"20181229195532","is_ascension_mode":true,"campfire_choices":[{"floor":6,"key":"REST"},{"data":"Gash","floor":8,"key":"SMITH"},{"floor":15,"key":"REST"},{"data":"Rainbow","floor":23,"key":"SMITH"},{"floor":30,"key":"REST"},{"data":"Defragment","floor":32,"key":"SMITH"},{"floor":40,"key":"REST"},{"floor":42,"key":"REST"},{"data":"Chill","floor":44,"key":"SMITH"},{"data":"Biased Cognition","floor":49,"key":"SMITH"}],"neow_cost":"NONE","seed_source_timestamp":1463539633803354,"circlet_count":0,"master_deck":["Zap","Dualcast","Dramatic Entrance","Gash+1","Self Repair","Leap","Undo","Defragment+1","Cold Snap","Defragment","Rainbow+1","Chill+1","Ball Lightning","Coolheaded+1","Self Repair","Biased Cognition","Multi-Cast","Hologram","White Noise","Double Energy","Capacitor","Blizzard","Tempest","Deep Breath","Impatience","Glacier+1","Hologram+1","Biased Cognition+1","Loop+1"],"relics":["Cracked Core","Gambling Chip","Golden Idol","Pantograph","Dream Catcher","Nuclear Battery","Omamori","Art of War","Mummified Hand","Pandora\u0027s Box","Kunai"],"potions_floor_usage":[7,10,16,18,24,25,33,45,50,50],"damage_taken":[{"damage":1,"enemies":"Cultist","floor":1,"turns":3},{"damage":0,"enemies":"2 Louse","floor":3,"turns":2},{"damage":2,"enemies":"Jaw Worm","floor":4,"turns":4},{"damage":36,"enemies":"Gremlin Nob","floor":10,"turns":4},{"damage":6,"enemies":"Gremlin Gang","floor":11,"turns":4},{"damage":7,"enemies":"2 Fungi Beasts","floor":13,"turns":3},{"damage":2,"enemies":"Exordium Wildlife","floor":14,"turns":4},{"damage":35,"enemies":"Slime Boss","floor":16,"turns":12},{"damage":15,"enemies":"2 Thieves","floor":18,"turns":5},{"damage":13,"enemies":"Spheric Guardian","floor":19,"turns":4},{"damage":50,"enemies":"Gremlin Leader","floor":24,"turns":10},{"damage":17,"enemies":"Snake Plant","floor":25,"turns":4},{"damage":21,"enemies":"Shelled Parasite and Fungi","floor":27,"turns":7},{"damage":3,"enemies":"Snecko","floor":29,"turns":5},{"damage":3,"enemies":"Snake Plant","floor":31,"turns":4},{"damage":33,"enemies":"Champ","floor":33,"turns":12},{"damage":58,"enemies":"3 Darklings","floor":35,"turns":6},{"damage":11,"enemies":"Orb Walker","floor":38,"turns":3},{"damage":6,"enemies":"Transient","floor":39,"turns":5},{"damage":37,"enemies":"Spire Growth","floor":45,"turns":4},{"damage":2,"enemies":"Maw","floor":46,"turns":7},{"damage":29,"enemies":"3 Darklings","floor":47,"turns":6},{"damage":0,"enemies":"Transient","floor":48,"turns":5},{"damage":46,"enemies":"Donu and Deca","floor":50,"turns":10}],"seed_played":"3397203931798445496","potions_obtained":[{"floor":4,"key":"GamblersBrew"},{"floor":7,"key":"Fruit Juice"},{"floor":7,"key":"FairyPotion"},{"floor":10,"key":"FearPotion"},{"floor":14,"key":"EssenceOfSteel"},{"floor":16,"key":"PowerPotion"},{"floor":24,"key":"SkillPotion"},{"floor":25,"key":"Dexterity Potion"},{"floor":27,"key":"Weak Potion"},{"floor":31,"key":"FocusPotion"},{"floor":35,"key":"Strength Potion"},{"floor":41,"key":"Swift Potion"},{"floor":45,"key":"SkillPotion"}],"is_trial":false,"path_per_floor":["M","?","M","M","?","R","?","R","T","E","M","$","M","M","R","B",null,"M","M","?","T","?","R","E","M","T","M","$","M","R","M","R","B",null,"M","$","?","M","M","R","?","R","T","R","M","M","M","M","R","B",null],"character_chosen":"DEFECT","items_purchased":["Defragment","Biased Cognition","Tempest"],"campfire_rested":5,"item_purchase_floors":[12,28,36],"current_hp_per_floor":[67,34,34,39,21,43,48,48,48,19,20,20,20,25,49,46,72,64,58,80,80,80,80,37,27,27,20,20,31,55,66,66,61,75,31,31,21,17,25,49,49,73,73,73,50,62,47,61,61,48],"gold":178,"neow_bonus":"RANDOM_COLORLESS","is_prod":false,"is_daily":false,"chose_seed":false,"campfire_upgraded":5,"win_rate":0,"timestamp":1546113332,"path_taken":["M","?","M","M","?","R","?","R","T","E","M","$","M","?","R","BOSS","M","M","?","?","?","R","E","M","T","?","$","M","R","M","R","BOSS","M","$","?","M","M","R","?","R","T","R","M","M","M","M","R","BOSS"],"build_version":"2018-12-25","purchased_purges":3,"victory":true,"max_hp_per_floor":[75,75,75,75,75,75,80,80,80,80,80,80,80,80,80,80,80,80,80,80,80,80,80,80,80,80,80,80,80,80,80,80,80,80,80,80,80,80,80,80,80,80,80,80,80,80,80,80,80,80],"card_choices":[{"not_picked":["Rebound","Steam"],"picked":"Gash","floor":1},{"not_picked":["Heatsinks","Sweeping Beam"],"picked":"Self Repair","floor":3},{"not_picked":["Biased Cognition","Reinforced Body"],"picked":"Leap","floor":4},{"not_picked":["Leap","Turbo"],"picked":"Undo","floor":10},{"not_picked":["Sunder","Melter","Storm"],"picked":"SKIP","floor":11},{"not_picked":["Go for the Eyes","BootSequence"],"picked":"Cold Snap","floor":13},{"not_picked":["Gash","Turbo"],"picked":"Defragment","floor":14},{"not_picked":["Biased Cognition","Meteor Strike"],"picked":"Rainbow","floor":16},{"not_picked":["Auto Shields","Redo+1"],"picked":"Chill","floor":18},{"not_picked":["Aggregate","Go for the Eyes"],"picked":"Ball Lightning","floor":19},{"not_picked":["Skim","Steam"],"picked":"Coolheaded+1","floor":24},{"not_picked":["Cold Snap+1","Leap"],"picked":"Self Repair","floor":25},{"not_picked":["Reinforced Body+1","Compile Driver","Leap"],"picked":"SKIP","floor":27},{"not_picked":["Rainbow","Streamline+1","Heatsinks"],"picked":"SKIP","floor":29},{"not_picked":["Melter","Streamline","Hologram"],"picked":"SKIP","floor":31},{"not_picked":["Fission","Hyperbeam"],"picked":"Multi-Cast","floor":33},{"not_picked":["Barrage","Steam Power+1","Stack+1"],"picked":"SKIP","floor":35},{"not_picked":["Forethought","Sadistic Nature"],"picked":"Deep Breath","floor":37},{"not_picked":["Dark Shackles","Violence"],"picked":"Impatience","floor":37},{"not_picked":["Cold Snap+1","Beam Cell+1"],"picked":"Glacier+1","floor":38},{"not_picked":["Cold Snap+1","Steam Power+1"],"picked":"Hologram+1","floor":39},{"not_picked":["Hello World+1","Rip and Tear"],"picked":"Biased Cognition","floor":42},{"not_picked":["Conserve Battery+1","Go for the Eyes","Force Field"],"picked":"SKIP","floor":45},{"not_picked":["Reinforced Body","Go for the Eyes+1"],"picked":"Loop+1","floor":46},{"not_picked":["Aggregate+1","Auto Shields+1","Go for the Eyes+1"],"picked":"SKIP","floor":47},{"not_picked":["Cold Snap+1","Steam","Ball Lightning+1"],"picked":"SKIP","floor":48}],"player_experience":355234,"relics_obtained":[{"floor":9,"key":"Pantograph"},{"floor":10,"key":"Dream Catcher"},{"floor":21,"key":"Omamori"},{"floor":24,"key":"Art of War"},{"floor":26,"key":"Mummified Hand"},{"floor":43,"key":"Kunai"}],"event_choices":[{"damage_healed":0,"gold_gain":0,"player_choice":"Success","damage_taken":33,"relics_obtained":["Gambling Chip"],"max_hp_gain":0,"max_hp_loss":0,"event_name":"Scrap Ooze","floor":2,"gold_loss":0},{"damage_healed":0,"gold_gain":0,"player_choice":"Take Damage","damage_taken":18,"relics_obtained":["Golden Idol"],"max_hp_gain":0,"max_hp_loss":0,"event_name":"Golden Idol","floor":5,"gold_loss":0},{"damage_healed":0,"gold_gain":0,"player_choice":"Bought 2 Potions","damage_taken":0,"max_hp_gain":0,"max_hp_loss":0,"event_name":"The Woman in Blue","floor":7,"gold_loss":0},{"damage_healed":26,"gold_gain":0,"player_choice":"Heal","damage_taken":0,"max_hp_gain":0,"max_hp_loss":0,"event_name":"The Library","floor":20,"gold_loss":0},{"damage_healed":0,"gold_gain":0,"player_choice":"Ignored","damage_taken":0,"max_hp_gain":0,"max_hp_loss":0,"event_name":"Ghosts","floor":22,"gold_loss":0},{"damage_healed":0,"gold_gain":0,"player_choice":"Memory 3","damage_taken":10,"max_hp_gain":0,"max_hp_loss":0,"event_name":"SensoryStone","floor":37,"gold_loss":0},{"damage_healed":0,"gold_gain":0,"player_choice":"Got Potions","damage_taken":0,"max_hp_gain":0,"max_hp_loss":0,"event_name":"Lab","floor":41,"gold_loss":0}],"is_beta":true,"boss_relics":[{"not_picked":["Runic Pyramid","Snecko Eye"],"picked":"Nuclear Battery"},{"not_picked":["Coffee Dripper","Sozu"],"picked":"Pandora\u0027s Box"}],"items_purged_floors":[12,28,36],"is_endless":false,"potions_floor_spawned":[4,10,14,16,24,25,27,31,35,45],"ascension_level":6}