{"gold_per_floor":[114,129,129,129,129,129,159,159,184,199,214,229,16,31,31,131,181,151],"floor_reached":18,"playtime":783,"items_purged":[],"score":187,"play_id":"18aed988-435a-4cbc-99a1-34c842c0db49","local_time":"20181110002101","daily_mods":["SealedDeck","Uncertain Future","Night Terrors"],"is_ascension_mode":false,"campfire_choices":[{"data":"White Noise","floor":6,"key":"SMITH"},{"data":"Chill","floor":8,"key":"SMITH"},{"data":"Defragment","floor":15,"key":"SMITH"}],"neow_cost":"","seed_source_timestamp":0,"circlet_count":0,"master_deck":["White Noise+1","Leap","Streamline","Gash","Gash","Hologram+1","Cold Snap","Cold Snap","Chill+1","Coolheaded+1","Beam Cell","BootSequence","Defragment+1","All For One","Fission"],"special_seed":17845,"relics":["Cracked Core","Blood Vial","Dream Catcher","Tiny House"],"potions_floor_usage":[16],"damage_taken":[{"damage":0,"enemies":"Small Slimes","floor":1,"turns":2},{"damage":6,"enemies":"Jaw Worm","floor":2,"turns":2},{"damage":0,"enemies":"3 Sentries","floor":7,"turns":6},{"damage":0,"enemies":"2 Louse","floor":10,"turns":2},{"damage":0,"enemies":"Lots of Slimes","floor":11,"turns":3},{"damage":0,"enemies":"Exordium Wildlife","floor":12,"turns":3},{"damage":1,"enemies":"Looter","floor":14,"turns":3},{"damage":20,"enemies":"Hexaghost","floor":16,"turns":6},{"damage":4,"enemies":"2 Thieves","floor":18,"turns":2}],"seed_played":"720756091651424505","potions_obtained":[{"floor":2,"key":"Weak Potion"},{"floor":10,"key":"Poison Potion"},{"floor":12,"key":"Strength Potion"},{"floor":14,"key":"SteroidPotion"},{"floor":17,"key":"EssenceOfSteel"}],"is_trial":false,"path_per_floor":["M","M","$","?","?","R","E","R","T","M","M","M","$","M","R","B",null,"M"],"character_chosen":"DEFECT","items_purchased":["Defragment","All For One"],"campfire_rested":0,"item_purchase_floors":[13,13],"current_hp_per_floor":[75,69,69,69,69,69,69,69,69,71,73,75,75,74,74,55,80,76],"gold":151,"neow_bonus":"","is_prod":false,"is_daily":true,"chose_seed":false,"campfire_upgraded":3,"win_rate":0,"timestamp":1541809261,"path_taken":["M","M","$","?","?","R","E","R","T","M","M","M","?","M","R","BOSS","M"],"build_version":"2018-11-08","purchased_purges":0,"victory":false,"max_hp_per_floor":[75,75,75,75,75,75,75,75,75,75,75,75,75,75,75,75,80,80],"card_choices":[{"not_picked":["Leap","Sweeping Beam"],"picked":"Beam Cell","floor":1},{"not_picked":["Steam","Auto Shields"],"picked":"BootSequence","floor":2},{"not_picked":["Barrage","Streamline","Rainbow"],"picked":"SKIP","floor":7},{"not_picked":["Sweeping Beam","Beam Cell","Stack"],"picked":"SKIP","floor":10},{"not_picked":["Multi-Cast","Beam Cell","Consume"],"picked":"SKIP","floor":11},{"not_picked":["Cold Snap","Turbo","Steam"],"picked":"SKIP","floor":12},{"not_picked":["Stack","Steam","Cold Snap"],"picked":"SKIP","floor":14},{"not_picked":["Reboot","Rainbow"],"picked":"Fission","floor":16}],"player_experience":289905,"relics_obtained":[{"floor":7,"key":"Blood Vial"},{"floor":9,"key":"Dream Catcher"}],"event_choices":[{"damage_healed":0,"gold_gain":0,"player_choice":"Grow","damage_taken":0,"max_hp_gain":0,"max_hp_loss":0,"event_name":"Living Wall","floor":4,"gold_loss":0,"cards_upgraded":["Coolheaded"]},{"damage_healed":0,"gold_gain":0,"player_choice":"Ignored","damage_taken":0,"max_hp_gain":0,"max_hp_loss":0,"event_name":"Liars Game","floor":5,"gold_loss":0}],"is_beta":true,"boss_relics":[{"not_picked":["Philosopher\u0027s Stone","Pandora\u0027s Box"],"picked":"Tiny House"}],"items_purged_floors":[],"is_endless":false,"potions_floor_spawned":[2,10,12,14],"killed_by":"2 Thieves","ascension_level":0}