{"path_per_floor":["M","M","$","?","?","R","E","?","T","R","M","M","M","M","R","B",null,"M","?","?","M","$","R","E","M","T","R","?","M","$","?","R"],"character_chosen":"DEFECT","items_purchased":["Enlightenment","Hologram","Seek+1","Go for the Eyes","Fusion+1"],"gold_per_floor":[213,225,7,7,7,7,38,113,113,113,134,157,176,201,201,330,330,350,383,353,353,74,74,114,137,137,137,62,83,4,4,4,4],"floor_reached":33,"campfire_rested":6,"playtime":1595,"item_purchase_floors":[],"current_hp_per_floor":[66,66,66,48,33,55,22,11,11,33,33,27,24,24,46,25,75,62,11,11,11,11,33,16,12,12,34,34,19,19,19,41,0],"items_purged":["Strike_B"],"gold":4,"score":318,"play_id":"1f1a955f-cf2f-4061-b0f5-7eea810efc63","local_time":"20180607204157","is_prod":false,"is_daily":false,"chose_seed":false,"is_ascension_mode":true,"campfire_upgraded":0,"win_rate":0,"timestamp":1528400517,"campfire_choices":[{"floor":6.0,"key":"REST"},{"floor":10.0,"key":"REST"},{"floor":15.0,"key":"REST"},{"floor":23.0,"key":"REST"},{"floor":27,"key":"REST"},{"floor":32,"key":"REST"}],"path_taken":["M","M","$","?","?","R","E","?","T","R","?","?","M","M","R","BOSS","M","?","?","M","$","R","E","M","T","R","?","M","$","?","R","BOSS"],"build_version":"2018-06-06","seed_source_timestamp":0,"purchased_purges":1,"victory":false,"master_deck":["Strike_B","Strike_B+1","Defend_B+1","Defend_B","Defend_B","Defend_B","Zap","Dualcast","Go for the Eyes","Creative AI","Enlightenment","Hologram","Chill","Hologram+1","White Noise+1","Gash","Tempest+1","All For One","Recycle+1","Double Energy+1","Seek+1","Go for the Eyes","Double Energy+1","Gash","Fusion+1"],"max_hp_per_floor":[75,75,75,75,75,75,75,75,75,75,75,75,75,75,75,75,75,75,75,75,75,75,75,75,75,75,75,75,75,75,75,75,75],"relics":["Cracked Core","Golden Idol","DataDisk","Toxic Egg 2","Cursed Key","Red Mask","Blue Candle","Bag of Preparation"],"card_choices":[{"not_picked":["Beam Cell","Hologram"],"picked":"Go for the Eyes","floor":1.0},{"not_picked":["White Noise","Leap"],"picked":"Creative AI","floor":2.0},{"not_picked":["Reprogram","Cold Snap"],"picked":"Chill","floor":7.0},{"not_picked":["Lockon","Aggregate+1"],"picked":"Hologram+1","floor":11.0},{"not_picked":["Barrage","Beam Cell"],"picked":"White Noise+1","floor":12.0},{"not_picked":["Aggregate+1","Reprogram+1"],"picked":"Gash","floor":13.0},{"not_picked":["Conserve Battery+1","Scrape"],"picked":"Tempest+1","floor":14.0},{"not_picked":["Meteor Strike","Reboot+1"],"picked":"All For One","floor":16.0},{"not_picked":["Beam Cell+1","Consume+1"],"picked":"Recycle+1","floor":18.0},{"not_picked":["Coolheaded+1","Compile Driver"],"picked":"Double Energy+1","floor":19.0},{"not_picked":["Stack+1","Turbo+1"],"picked":"Double Energy+1","floor":24},{"not_picked":["Doom and Gloom+1","Compile Driver","Rebound"],"picked":"SKIP","floor":25},{"not_picked":["Capacitor","Compile Driver"],"picked":"Gash","floor":29}],"player_experience":240104,"potions_floor_usage":[25,29,33],"damage_taken":[{"damage":9.0,"enemies":"Jaw Worm","floor":1.0,"turns":4.0},{"damage":0.0,"enemies":"2 Louse","floor":2.0,"turns":2.0},{"damage":33.0,"enemies":"3 Sentries","floor":7.0,"turns":10.0},{"damage":0.0,"enemies":"Small Slimes","floor":11.0,"turns":2.0},{"damage":6.0,"enemies":"Looter","floor":12.0,"turns":4.0},{"damage":3.0,"enemies":"Blue Slaver","floor":13.0,"turns":4.0},{"damage":0.0,"enemies":"Large Slime","floor":14.0,"turns":4.0},{"damage":21.0,"enemies":"Hexaghost","floor":16.0,"turns":8.0},{"damage":13.0,"enemies":"Spheric Guardian","floor":18.0,"turns":6.0},{"damage":51.0,"floor":19.0,"turns":6.0},{"damage":0.0,"enemies":"3 Byrds","floor":21.0,"turns":2.0},{"damage":17,"enemies":"Slavers","floor":24,"turns":4},{"damage":4,"enemies":"Centurion and Healer","floor":25,"turns":6},{"damage":15,"enemies":"Snake Plant","floor":29,"turns":4},{"damage":64,"enemies":"Champ","floor":33,"turns":7}],"relics_obtained":[{"floor":7.0,"key":"DataDisk"},{"floor":9.0,"key":"Toxic Egg 2"},{"floor":19.0,"key":"Red Mask"},{"floor":24,"key":"Blue Candle"},{"floor":26,"key":"Bag of Preparation"}],"event_choices":[{"event_name":"Golden Idol","player_choice":"Take Damage","floor":4.0,"damage_taken":0.0},{"event_name":"Shining Light","player_choice":"Entered Light","floor":5.0,"damage_taken":0.0},{"event_name":"World of Goop","player_choice":"Gather Gold","floor":8.0,"damage_taken":0.0},{"event_name":"Masked Bandits","player_choice":"Fought over 350 gold","floor":19.0,"damage_taken":0.0},{"event_name":"The Woman in Blue","player_choice":"Bought 2 Potions","floor":20.0,"damage_taken":0.0},{"event_name":"Beggar","player_choice":"Gave Gold","floor":28,"damage_taken":0},{"event_name":"Purifier","player_choice":"One Purge","floor":31,"damage_taken":0}],"boss_relics":[{"not_picked":["Busted Crown","Runic Pyramid"],"picked":"Cursed Key"}],"items_purged_floors":[],"potions_floor_spawned":[7,13,14,16,19,24,25],"seed_played":"109332721129967794","killed_by":"Champ","ascension_level":4,"potions_obtained":[{"floor":7.0,"key":"Swift Potion"},{"floor":13.0,"key":"PowerPotion"},{"floor":14.0,"key":"SkillPotion"},{"floor":16.0,"key":"AttackPotion"},{"floor":19.0,"key":"Energy Potion"},{"floor":20.0,"key":"SmokeBomb"},{"floor":20.0,"key":"FearPotion"},{"floor":24,"key":"SkillPotion"},{"floor":25,"key":"AttackPotion"}],"is_trial":false}