{"path_per_floor":["M","?","M","M","?","E","$","R","T","$","R","T","M","?","R","B",null,"M","$","M","?","?","R","M","M","T","E","?","R"],"character_chosen":"DEFECT","items_purchased":["Magnetism"],"gold_per_floor":[116,116,128,143,143,175,175,175,222,44,44,94,105,105,105,200,200,211,136,146,71,71,71,89,103,128,159,159,159,159],"floor_reached":30,"campfire_rested":0,"playtime":902,"current_hp_per_floor":[73,73,66,64,75,64,64,64,64,64,64,64,64,64,64,48,75,75,75,72,72,72,72,58,60,60,33,33,33,0],"items_purged":["Strike_B"],"gold":159,"score":295,"play_id":"0ba2f01f-f3ef-4275-8592-48f0a1330d68","local_time":"20180507210912","is_prod":false,"is_daily":false,"chose_seed":false,"is_ascension_mode":true,"campfire_upgraded":5,"timestamp":1525752552,"path_taken":["M","?","M","?","?","E","?","R","T","$","R","?","?","?","R","BOSS","M","$","M","?","?","R","M","?","T","E","?","R","M"],"build_version":"2018-05-03","seed_source_timestamp":47949147767309,"purchased_purges":2,"victory":false,"master_deck":["Strike_B","Strike_B","Defend_B","Defend_B","Defend_B","Defend_B","Zap+1","Dualcast+1","Auto Shields+1","Melter","Magnetism+1","Skim+1","Writhe","Sunder+1"],"max_hp_per_floor":[75,75,75,75,75,75,75,75,75,75,75,75,75,75,75,75,75,75,75,75,75,75,75,77,79,79,79,79,79,79],"relics":["Cracked Core","Bronze Scales","Bag of Preparation","Dream Catcher","Happy Flower","Philosopher\u0027s Stone","Singing Bowl","Anchor","Frozen Egg 2"],"card_choices":[{"not_picked":["Ball Lightning","Beam Cell"],"picked":"Auto Shields","floor":1},{"not_picked":["Amplify","Chaos"],"picked":"Melter","floor":6},{"not_picked":["Stack","Axe Kick"],"picked":"Skim","floor":20},{"not_picked":["Leap","Reprogram"],"picked":"Sunder","floor":27}],"player_experience":182571,"potions_floor_usage":[16,16,20,24,27,27],"damage_taken":[{"damage":2,"enemies":"2 Louse","floor":1,"turns":3},{"damage":7,"enemies":"Small Slimes","floor":3,"turns":3},{"damage":2,"enemies":"Jaw Worm","floor":4,"turns":3},{"damage":11,"enemies":"3 Sentries","floor":6,"turns":7},{"damage":0,"enemies":"Red Slaver","floor":13,"turns":4},{"damage":20,"enemies":"Hexaghost","floor":16,"turns":9},{"damage":0,"enemies":"Chosen","floor":18,"turns":4},{"damage":3,"enemies":"3 Byrds","floor":20,"turns":2},{"damage":16,"enemies":"Snake Plant","floor":24,"turns":4},{"damage":0,"enemies":"Sentry and Sphere","floor":25,"turns":2},{"damage":27,"enemies":"Slavers","floor":27,"turns":6},{"damage":37,"enemies":"Centurion and Healer","floor":30,"turns":3}],"event_choices":[{"event_name":"Liars Game","player_choice":"disagreed","floor":2,"damage_taken":0},{"event_name":"Big Fish","player_choice":"Banana","floor":5,"damage_taken":0},{"event_name":"The Lab","player_choice":"Got Potions","floor":14,"damage_taken":0},{"event_name":"Beggar","player_choice":"Gave Gold","floor":21,"damage_taken":0},{"event_name":"The Mausoleum","player_choice":"Yes","floor":22,"damage_taken":0},{"event_name":"Vampires","player_choice":"Ignored","floor":28,"damage_taken":0}],"boss_relics":[{"not_picked":["Pandora\u0027s Box","Runic Dome"],"picked":"Philosopher\u0027s Stone"}],"potions_floor_spawned":[13,16,18,25],"seed_played":"4267676125253994017","killed_by":"Centurion and Healer","ascension_level":4,"is_trial":false}