{"path_per_floor":["M","$","?","M","M","R","E","M","T","M","M","R","?","E","R","B",null,"M","$","?","M","M","R","M","M","T"],"character_chosen":"DEFECT","items_purchased":["War Paint","Panache","Mercury Hourglass"],"gold_per_floor":[359,4,79,90,110,110,135,135,158,178,194,194,194,226,226,331,331,341,11,11,23,34,34,46,65,65,65],"floor_reached":27,"campfire_rested":2,"playtime":957,"current_hp_per_floor":[68,68,57,57,57,57,35,35,35,27,27,47,47,22,42,29,68,56,56,56,56,34,34,10,2,2,0],"items_purged":["Strike_B"],"gold":65,"score":272,"play_id":"764b3934-90aa-4f96-8426-180feb30eabf","local_time":"20180511145723","is_prod":false,"is_daily":false,"chose_seed":false,"is_ascension_mode":true,"campfire_upgraded":2,"timestamp":1526075843,"path_taken":["M","$","?","?","M","R","E","?","T","M","M","R","?","E","R","BOSS","M","$","?","?","M","R","M","M","T","M"],"build_version":"2018-05-10","seed_source_timestamp":142339812870997,"purchased_purges":1,"victory":false,"master_deck":["Strike_B","Strike_B","Strike_B","Defend_B","Defend_B","Defend_B","Defend_B+1","Zap+1","Dualcast","Ball Lightning+1","Panache","Axe Kick+1","Ball Lightning","All For One","Scrape","Thunder Strike"],"max_hp_per_floor":[68,68,68,68,68,68,68,68,68,68,68,68,68,68,68,68,68,68,68,68,68,68,68,68,68,68,68],"relics":["Cracked Core","War Paint","Art of War","Bag of Marbles","Oddly Smooth Stone","Orrery","Mercury Hourglass","Bird Faced Urn"],"card_choices":[{"not_picked":["Leap","Undo"],"picked":"Ball Lightning","floor":1},{"not_picked":["Sweeping Beam","Defragment"],"picked":"Axe Kick","floor":4},{"not_picked":["Rebound","Leap"],"picked":"Ball Lightning","floor":5},{"not_picked":["Melter","Creative AI"],"picked":"All For One","floor":7},{"not_picked":["Reprogram","Tempest"],"picked":"Scrape","floor":17},{"not_picked":["Skim","Cold Snap"],"picked":"Thunder Strike","floor":17}],"player_experience":205604,"potions_floor_usage":[8,14,16,21,22,25],"damage_taken":[{"damage":0,"enemies":"Small Slimes","floor":1,"turns":2},{"damage":0,"enemies":"2 Louse","floor":4,"turns":2},{"damage":0,"enemies":"Cultist","floor":5,"turns":2},{"damage":22,"enemies":"3 Sentries","floor":7,"turns":5},{"damage":0,"enemies":"Gremlin Gang","floor":8,"turns":1},{"damage":8,"enemies":"3 Louse","floor":10,"turns":2},{"damage":0,"enemies":"Large Slime","floor":11,"turns":2},{"damage":25,"enemies":"Lagavulin","floor":14,"turns":4},{"damage":13,"enemies":"Slime Boss","floor":16,"turns":8},{"damage":12,"enemies":"Chosen","floor":18,"turns":3},{"damage":0,"enemies":"Spheric Guardian","floor":21,"turns":1},{"damage":22,"enemies":"Snecko","floor":22,"turns":4},{"damage":24,"enemies":"Cultist and Chosen","floor":24,"turns":4},{"damage":8,"enemies":"Centurion and Healer","floor":25,"turns":3},{"damage":6,"enemies":"3 Cultists","floor":27,"turns":2}],"event_choices":[{"event_name":"World of Goop","player_choice":"Gather Gold","floor":3,"damage_taken":0},{"event_name":"Liars Game","player_choice":"disagreed","floor":13,"damage_taken":0},{"event_name":"Ghosts","player_choice":"Ignored","floor":20,"damage_taken":0}],"boss_relics":[{"not_picked":["Snecko Eye","Pandora\u0027s Box"],"picked":"Orrery"}],"potions_floor_spawned":[4,7,11,14,16,22],"seed_played":"6612198076043542899","killed_by":"3 Cultists","ascension_level":4,"is_trial":false}