{"path_per_floor":["M","M","M","M","?","R","E","R","T","M","$","$","M","M","R","B",null,"M","?","M","M","M","M","M","R","T","E","$","?","R","M","R"],"character_chosen":"THE_SILENT","items_purchased":["Backstab","Footwork","Orichalcum","Sadistic Nature"],"gold_per_floor":[114,129,144,159,159,159,189,189,189,204,124,51,66,81,81,181,181,196,207,222,237,237,252,267,267,267,297,28,28,28,43,43,43],"floor_reached":33,"campfire_rested":0,"playtime":2045,"current_hp_per_floor":[70,70,70,63,63,63,45,45,45,45,45,45,45,45,45,58,70,70,56,56,56,56,56,36,36,36,29,29,80,80,80,80,0],"items_purged":[],"gold":43,"score":398,"play_id":"42a4f575-4d34-460d-a2af-7a6eba245f8e","local_time":"20180511194602","daily_mods":["Brewmaster","Uncertain Future","Hoarder"],"is_prod":false,"is_daily":true,"chose_seed":false,"is_ascension_mode":false,"campfire_upgraded":6,"timestamp":1526064362,"path_taken":["M","M","M","M","?","R","E","R","T","M","?","$","?","M","R","BOSS","M","?","M","M","M","?","M","R","T","E","$","?","R","M","R","BOSS"],"build_version":"2018-05-10","seed_source_timestamp":4900915395494,"purchased_purges":0,"victory":false,"master_deck":["Defend_G","Defend_G","Defend_G","Defend_G","Defend_G","Strike_G","Strike_G","Strike_G","Strike_G","Strike_G","Survivor","Neutralize","Venomology+1","Venomology+1","Venomology+1","Venomology+1","Venomology+1","Venomology+1","Venomology","Venomology","Venomology","Venomology","Venomology","Venomology","Venomology","Venomology","Dagger Spray","Dagger Spray","Dagger Spray","Choke","Choke","Choke","Flying Knee","Flying Knee","Flying Knee","Outmaneuver","Outmaneuver","Outmaneuver","Backstab","Backstab","Backstab","Footwork","Footwork","Footwork","Outmaneuver","Outmaneuver","Outmaneuver","Escape Plan","Escape Plan","Escape Plan","Envenom","Envenom","Envenom","Prepared+1","Prepared+1","Prepared+1","Endless Agony","Endless Agony","Endless Agony","Backstab","Backstab","Backstab","Outmaneuver+1","Outmaneuver+1","Outmaneuver+1","Riddle With Holes","Riddle With Holes","Riddle With Holes","PiercingWail+1","PiercingWail+1","PiercingWail+1","Sadistic Nature","Sadistic Nature","Sadistic Nature"],"max_hp_per_floor":[70,70,70,70,70,70,70,70,70,70,70,70,70,70,70,70,70,70,70,70,70,70,70,70,70,70,70,70,80,80,80,80,80],"relics":["Ring of the Snake","White Beast Statue","Thread and Needle","Pantograph","White Beast Statue","Red Mask","The Courier","Smiling Mask","Orichalcum"],"card_choices":[{"not_picked":["Acrobatics","Dodge and Roll"],"picked":"Dagger Spray","floor":1},{"not_picked":["Underhanded Strike","Deadly Poison"],"picked":"Choke","floor":2},{"not_picked":["Choke","Endless Agony"],"picked":"Flying Knee","floor":3},{"not_picked":["Skewer","Sucker Punch"],"picked":"Outmaneuver","floor":7},{"not_picked":["Bane","Backflip"],"picked":"Outmaneuver","floor":13},{"not_picked":["Eviscerate","Infinite Blades"],"picked":"Escape Plan","floor":14},{"not_picked":["Tactician","Grand Finale"],"picked":"Envenom","floor":16},{"not_picked":["Dash","Deadly Poison"],"picked":"Prepared","floor":18},{"not_picked":["Poisoned Stab","Choke"],"picked":"Endless Agony","floor":19},{"not_picked":["Cloak And Dagger","Slice"],"picked":"Backstab","floor":20},{"not_picked":["Heel Hook","Dagger Spray"],"picked":"Outmaneuver","floor":21},{"not_picked":["Quick Slash","Flechettes"],"picked":"Riddle With Holes","floor":23},{"not_picked":["Bane","Calculated Gamble"],"picked":"PiercingWail","floor":27}],"player_experience":133701,"potions_floor_usage":[1,1,1,1,1,1,1,1,2,2,2,2,2,2,2,3,3,4,4,4,4,7,7,7,7,7,7,7,7,10,10,13,16,16,16,16,16,16,16,16,16,16,16,16,16,16,16,18,18,18,18,19,19,19,19,20,21,21,22,23,23,24,24,24,24,24,24,24,27,27,27,27,31,33,33,33,33,33,33,33,33,33,33,33,33],"damage_taken":[{"damage":0,"enemies":"2 Louse","floor":1,"turns":5},{"damage":0,"enemies":"Small Slimes","floor":2,"turns":3},{"damage":0,"enemies":"Cultist","floor":3,"turns":1},{"damage":22,"enemies":"Exordium Thugs","floor":4,"turns":8},{"damage":18,"enemies":"Lagavulin","floor":7,"turns":6},{"damage":0,"enemies":"Gremlin Gang","floor":10,"turns":1},{"damage":0,"enemies":"Looter","floor":13,"turns":2},{"damage":0,"enemies":"2 Fungi Beasts","floor":14,"turns":2},{"damage":27,"enemies":"Hexaghost","floor":16,"turns":8},{"damage":0,"enemies":"Shell Parasite","floor":18,"turns":2},{"damage":14,"enemies":"Masked Bandits","floor":19,"turns":6},{"damage":0,"enemies":"Chosen","floor":20,"turns":3},{"damage":0,"enemies":"Snecko","floor":21,"turns":2},{"damage":0,"enemies":"Centurion and Healer","floor":22,"turns":1},{"damage":0,"enemies":"3 Cultists","floor":23,"turns":4},{"damage":29,"enemies":"Cultist and Chosen","floor":24,"turns":5},{"damage":7,"enemies":"Book of Stabbing","floor":27,"turns":3},{"damage":0,"enemies":"Snake Plant","floor":31,"turns":1},{"damage":91,"enemies":"Automaton","floor":33,"turns":12}],"event_choices":[{"event_name":"Liars Game","player_choice":"disagreed","floor":5,"damage_taken":0},{"event_name":"Masked Bandits","player_choice":"Fought over 196 gold","floor":19,"damage_taken":0},{"event_name":"Bonfire Elementals","player_choice":"RARE","floor":29,"damage_taken":0}],"boss_relics":[{"not_picked":["Tiny House","Runic Dome"],"picked":"White Beast Statue"}],"potions_floor_spawned":[1,2,3,4,7,10,13,14,16,18,19,20,21,22,23,24,27,31],"seed_played":"8049798504463620783","killed_by":"Automaton","ascension_level":0,"is_trial":false}