{"gold_per_floor":[15,15,15,29,29,61,61,61,143,143,172,105,105,122,122,224,224,237,337,337,356,368,368,368,368,368,368,368,393,407,419,419,517,517,529,529,542,553,569,600,97,112,112,112,138,138,166,178,178,178],"floor_reached":51,"playtime":2648,"items_purged":["Defend_B"],"score":996,"play_id":"294fd603-cc35-4a61-b802-3653ad0018e0","local_time":"20181101213947","is_ascension_mode":true,"campfire_choices":[{"data":"Zap","floor":7.0,"key":"SMITH"},{"data":"Gash","floor":10.0,"key":"SMITH"},{"floor":15.0,"key":"REST"},{"floor":23,"key":"REST"},{"data":"Dualcast","floor":25,"key":"SMITH"},{"data":"Beam Cell","floor":27,"key":"SMITH"},{"floor":32,"key":"REST"},{"data":"Darkness","floor":49,"key":"SMITH"}],"neow_cost":"NO_GOLD","seed_source_timestamp":0,"circlet_count":0,"master_deck":["Strike_B+1","Defend_B","Zap+1","Dualcast+1","Darkness+1","Gash+1","Gash+1","Leap","Skim+1","Chill+1","All For One","BootSequence","Beam Cell+1","Hologram+1","Go for the Eyes+1","Electrodynamics","Recycle+1","Sadistic Nature","Bandage Up+1","Gash+1"],"special_seed":0,"relics":["Cracked Core","Art of War","Kunai","PreservedInsect","Empty Cage","Bird Faced Urn","Letter Opener","Unceasing Top","Potion Belt","Runic Pyramid","Molten Egg 2","Orichalcum","Juzu Bracelet","War Paint","Bronze Scales"],"potions_floor_usage":[33,40,40,45,50,50,50],"damage_taken":[{"damage":4.0,"enemies":"Small Slimes","floor":1.0,"turns":3.0},{"damage":0.0,"enemies":"Cultist","floor":4.0,"turns":3.0},{"damage":18.0,"enemies":"Gremlin Nob","floor":6.0,"turns":3.0},{"damage":23.0,"enemies":"3 Sentries","floor":11.0,"turns":6.0},{"damage":0.0,"enemies":"2 Louse","floor":14.0,"turns":1.0},{"damage":20.0,"enemies":"Slime Boss","floor":16.0,"turns":7.0},{"damage":9.0,"enemies":"2 Thieves","floor":18.0,"turns":3.0},{"damage":10.0,"enemies":"Colosseum Slavers","floor":19.0,"turns":4.0},{"damage":44.0,"enemies":"Colosseum Nobs","floor":19.0,"turns":5.0},{"damage":3,"enemies":"Shell Parasite","floor":21,"turns":4},{"damage":0,"enemies":"Snecko","floor":22,"turns":3},{"damage":0,"enemies":"Book of Stabbing","floor":29,"turns":3},{"damage":0,"enemies":"Centurion and Healer","floor":30,"turns":3},{"damage":0,"enemies":"Shelled Parasite and Fungi","floor":31,"turns":3},{"damage":28,"enemies":"Collector","floor":33,"turns":8},{"damage":9,"enemies":"Orb Walker","floor":35,"turns":3},{"damage":9,"enemies":"3 Shapes","floor":37,"turns":3},{"damage":0,"enemies":"3 Darklings","floor":38,"turns":3},{"damage":1,"enemies":"Spire Growth","floor":39,"turns":3},{"damage":3,"enemies":"Reptomancer","floor":40,"turns":4},{"damage":0,"enemies":"Sphere and 2 Shapes","floor":42,"turns":3},{"damage":25,"enemies":"Nemesis","floor":45,"turns":4},{"damage":0,"enemies":"Reptomancer","floor":47,"turns":3},{"damage":0,"enemies":"4 Shapes","floor":48,"turns":4},{"damage":7,"enemies":"Donu and Deca","floor":50,"turns":4}],"seed_played":"8389266825724491363","potions_obtained":[{"floor":4.0,"key":"Explosive Potion"},{"floor":11.0,"key":"Weak Potion"},{"floor":16.0,"key":"Fire Potion"},{"floor":22,"key":"Weak Potion"},{"floor":30,"key":"Weak Potion"},{"floor":33,"key":"Block Potion"},{"floor":35,"key":"GamblersBrew"},{"floor":40,"key":"Weak Potion"},{"floor":42,"key":"FearPotion"},{"floor":48,"key":"Energy Potion"}],"is_trial":false,"path_per_floor":["M","?","?","M","$","E","R","?","T","R","E","$","?","M","R","B",null,"M","?","?","M","M","R","?","R","T","R","?","E","M","M","R","B",null,"M","?","M","M","M","E","$","M","T","?","E","?","E","M","R","B",null],"character_chosen":"DEFECT","items_purchased":["Chill","Sadistic Nature","Orichalcum","Bandage Up"],"campfire_rested":3,"item_purchase_floors":[12,41,41,41],"current_hp_per_floor":[71,75,60,60,60,42,42,42,42,42,19,19,19,19,41,21,75,66,12,12,9,9,31,31,31,31,31,17,17,17,17,41,13,80,71,71,64,66,67,66,66,72,72,72,51,51,53,63,63,64],"gold":178,"neow_bonus":"TRANSFORM_TWO_CARDS","is_prod":false,"is_daily":false,"chose_seed":false,"campfire_upgraded":5,"win_rate":0,"timestamp":1541108387,"path_taken":["M","?","?","M","$","E","R","?","T","R","E","$","?","M","R","BOSS","M","?","?","?","M","R","?","R","T","R","?","E","M","M","R","BOSS","M","?","M","?","M","E","$","M","T","?","E","?","E","M","R","BOSS"],"build_version":"2018-10-31v2","purchased_purges":1,"victory":true,"max_hp_per_floor":[75,75,75,75,75,75,75,75,75,75,75,75,75,75,75,75,75,75,75,75,75,75,75,75,75,75,75,80,80,80,80,80,80,80,80,80,80,80,80,80,80,80,80,76,76,76,76,76,76,76],"card_choices":[{"not_picked":["Conserve Battery","Force Field"],"picked":"Gash","floor":1.0},{"not_picked":["Rainbow","Steam"],"picked":"Gash","floor":4.0},{"not_picked":["Rebound","Electrodynamics"],"picked":"Leap","floor":6.0},{"not_picked":["Doom and Gloom","Stack"],"picked":"Skim","floor":11.0},{"not_picked":["Steam","Go for the Eyes","Conserve Battery"],"picked":"SKIP","floor":14.0},{"not_picked":["Amplify","Hyperbeam"],"picked":"All For One","floor":16.0},{"not_picked":["Lockon","Beam Cell"],"picked":"BootSequence","floor":18.0},{"not_picked":["Rebound","Rip and Tear"],"picked":"Beam Cell","floor":19.0},{"not_picked":["Chaos","Compile Driver+1","Rebound"],"picked":"SKIP","floor":21},{"not_picked":["Chaos","Leap"],"picked":"Hologram+1","floor":22},{"not_picked":["Reboot","Conserve Battery"],"picked":"Go for the Eyes+1","floor":29},{"not_picked":["Stack+1","Beam Cell","Gash"],"picked":"SKIP","floor":30},{"not_picked":["Rebound+1","Gash","Beam Cell"],"picked":"SKIP","floor":31},{"not_picked":["Hyperbeam","Thunder Strike"],"picked":"Electrodynamics","floor":33},{"not_picked":["Fusion","Streamline+1"],"picked":"Recycle+1","floor":35},{"not_picked":["Chaos","Ball Lightning","Steam"],"picked":"SKIP","floor":37},{"not_picked":["Rip and Tear","Ball Lightning+1","Compile Driver"],"picked":"SKIP","floor":38},{"not_picked":["Loop","Steam","Go for the Eyes"],"picked":"SKIP","floor":39},{"not_picked":["Auto Shields+1","Barrage","Rip and Tear+1"],"picked":"SKIP","floor":40},{"not_picked":["Rebound+1","Coolheaded+1"],"picked":"Gash+1","floor":42},{"not_picked":["Multi-Cast","Barrage+1","Compile Driver+1"],"picked":"SKIP","floor":45},{"not_picked":["Consume+1","Compile Driver+1","Steam Power+1"],"picked":"SKIP","floor":47},{"not_picked":["Cold Snap+1","Go for the Eyes+1","Sweeping Beam+1"],"picked":"SKIP","floor":48}],"player_experience":283665,"relics_obtained":[{"floor":6.0,"key":"Art of War"},{"floor":9.0,"key":"Kunai"},{"floor":11.0,"key":"PreservedInsect"},{"floor":19.0,"key":"Bird Faced Urn"},{"floor":19.0,"key":"Letter Opener"},{"floor":26,"key":"Unceasing Top"},{"floor":29,"key":"Potion Belt"},{"floor":40,"key":"Molten Egg 2"},{"floor":43,"key":"Juzu Bracelet"},{"floor":45,"key":"War Paint"},{"floor":47,"key":"Bronze Scales"}],"event_choices":[{"event_name":"Bonfire Elementals","player_choice":"UNCOMMON","floor":2.0,"damage_taken":0.0},{"event_name":"Shining Light","player_choice":"Entered Light","floor":3.0,"damage_taken":0.0},{"event_name":"Purifier","player_choice":"One Purge","floor":8.0,"damage_taken":0.0},{"event_name":"Golden Wing","player_choice":"Ignored","floor":13.0,"damage_taken":0.0},{"event_name":"Colosseum","player_choice":"Fight","floor":19.0,"damage_taken":0.0},{"event_name":"Colosseum","player_choice":"Fought Nobs","floor":19.0,"damage_taken":0.0},{"event_name":"Vampires","player_choice":"Ignored","floor":20.0,"damage_taken":0.0},{"damage_healed":0,"gold_gain":0,"player_choice":"Ignored","damage_taken":0,"max_hp_gain":0,"max_hp_loss":0,"event_name":"Ghosts","floor":24,"gold_loss":0},{"damage_healed":0,"gold_gain":0,"player_choice":"Shed Blood","damage_taken":19,"max_hp_gain":5,"max_hp_loss":0,"event_name":"Forgotten Altar","floor":28,"gold_loss":0},{"damage_healed":0,"gold_gain":0,"player_choice":"Ignored","damage_taken":0,"max_hp_gain":0,"max_hp_loss":0,"event_name":"SecretPortal","floor":36,"gold_loss":0},{"damage_healed":0,"gold_gain":0,"player_choice":"Max HP","damage_taken":0,"max_hp_gain":0,"max_hp_loss":4,"event_name":"Winding Halls","floor":44,"gold_loss":0},{"damage_healed":0,"gold_gain":0,"player_choice":"Forge","damage_taken":0,"max_hp_gain":0,"max_hp_loss":0,"event_name":"Accursed Blacksmith","floor":46,"gold_loss":0,"cards_upgraded":["Skim"]}],"is_beta":true,"boss_relics":[{"not_picked":["Fusion Hammer","Busted Crown"],"picked":"Empty Cage"},{"not_picked":["Velvet Choker","Sozu"],"picked":"Runic Pyramid"}],"items_purged_floors":[41],"is_endless":false,"potions_floor_spawned":[4,11,16,19,22,30,33,35,40,42,48],"ascension_level":4}