{"gold_per_floor":[111,130,305,305,323,323,352,352,352,368,381,411,411,54,54,156,156,174,185,195,195,82,82,101,118,118,118],"floor_reached":27,"playtime":1249,"items_purged":[],"score":273,"play_id":"d745c383-7045-47f4-9765-89c30b2c5f8b","local_time":"20190201224128","is_ascension_mode":true,"campfire_choices":[{"data":"Flying Knee","floor":6,"key":"SMITH"},{"data":"Bane","floor":8,"key":"SMITH"},{"floor":15,"key":"REST"},{"data":"Noxious Fumes","floor":23,"key":"SMITH"}],"neow_cost":"NONE","seed_source_timestamp":28606534634116,"circlet_count":0,"master_deck":["Defend_G","Defend_G","Defend_G","Defend_G","Defend_G","Strike_G","Strike_G","Strike_G","Strike_G","Strike_G","Survivor","Neutralize","Blade Dance","Bane+1","Flying Knee+1","Deadly Poison","Deflect","Noxious Fumes","PiercingWail","Poisoned Stab","Dagger Throw","Bouncing Flask+1","Venomology+1","Noxious Fumes","Blur+1","Cloak And Dagger+1","Noxious Fumes+1","Masterful Stab","Underhanded Strike+1","Backflip+1"],"relics":["Ring of the Snake","Ancient Tea Set","Peace Pipe","Prayer Wheel","Singing Bowl","Toxic Egg 2","Torii","Sozu","Strawberry","Kunai"],"potions_floor_usage":[7,27],"damage_taken":[{"damage":0,"enemies":"Small Slimes","floor":1,"turns":3},{"damage":16,"enemies":"Jaw Worm","floor":2,"turns":5},{"damage":0,"enemies":"Cultist","floor":5,"turns":4},{"damage":14,"enemies":"Gremlin Nob","floor":7,"turns":5},{"damage":3,"enemies":"Exordium Thugs","floor":10,"turns":4},{"damage":10,"enemies":"2 Fungi Beasts","floor":11,"turns":3},{"damage":13,"enemies":"Lagavulin","floor":12,"turns":5},{"damage":8,"enemies":"The Guardian","floor":16,"turns":7},{"damage":7,"enemies":"Chosen","floor":18,"turns":4},{"damage":1,"enemies":"3 Byrds","floor":19,"turns":5},{"damage":21,"enemies":"Centurion and Healer","floor":20,"turns":7},{"damage":0,"enemies":"Sentry and Sphere","floor":24,"turns":3},{"damage":40,"enemies":"Shelled Parasite and Fungi","floor":25,"turns":5},{"damage":23,"enemies":"Slavers","floor":27,"turns":3}],"seed_played":"-6095470774458409727","potions_obtained":[{"floor":5,"key":"Block Potion"},{"floor":11,"key":"SkillPotion"},{"floor":16,"key":"GamblersBrew"}],"is_trial":false,"path_per_floor":["M","M","?","?","M","R","E","R","T","M","M","E","T","$","R","B",null,"M","M","M","?","$","R","M","M","T","E"],"character_chosen":"THE_SILENT","items_purchased":["Torii","Bouncing Flask+1","Noxious Fumes","Masterful Stab"],"campfire_rested":1,"item_purchase_floors":[14,14,22,22],"current_hp_per_floor":[70,54,54,54,54,54,40,40,40,37,27,14,14,14,35,27,70,67,68,47,54,54,54,56,18,18,0],"gold":118,"neow_bonus":"RANDOM_COMMON_RELIC","is_prod":false,"is_daily":false,"chose_seed":false,"campfire_upgraded":3,"win_rate":0,"timestamp":1549057288,"path_taken":["M","M","?","?","?","R","E","R","T","M","M","E","?","$","R","BOSS","M","M","M","?","$","R","M","?","T","E"],"build_version":"2019-01-23","purchased_purges":0,"victory":false,"max_hp_per_floor":[70,70,70,70,70,70,70,70,70,70,70,70,70,70,70,70,70,74,76,76,83,83,83,85,87,87,87],"card_choices":[{"not_picked":["Well Laid Plans","Dagger Spray"],"picked":"Blade Dance","floor":1},{"not_picked":["Caltrops","Dagger Spray"],"picked":"Bane","floor":2},{"not_picked":["Concentrate","Bane"],"picked":"Flying Knee","floor":5},{"not_picked":["Prepared","Acrobatics"],"picked":"Deadly Poison","floor":7},{"not_picked":["Bane","Calculated Gamble"],"picked":"Deflect","floor":10},{"not_picked":["Crippling Poison","Die Die Die"],"picked":"Noxious Fumes","floor":10},{"not_picked":["Acrobatics","Backflip"],"picked":"PiercingWail","floor":11},{"not_picked":["Concentrate","Crippling Poison"],"picked":"Poisoned Stab","floor":11},{"not_picked":["Dodge and Roll","Malaise"],"picked":"Dagger Throw","floor":12},{"not_picked":["Storm of Steel+1","A Thousand Cuts"],"picked":"Venomology+1","floor":16},{"not_picked":["Skewer","Slice","Sucker Punch"],"picked":"Singing Bowl","floor":18},{"not_picked":["Caltrops","Dagger Spray","Flying Knee"],"picked":"Singing Bowl","floor":18},{"not_picked":["Poisoned Stab","Blade Dance+1"],"picked":"Noxious Fumes","floor":19},{"not_picked":["Well Laid Plans+1","Slice","Acrobatics+1"],"picked":"Singing Bowl","floor":19},{"not_picked":["Heel Hook","Concentrate+1"],"picked":"Blur+1","floor":20},{"not_picked":["Die Die Die","Dagger Spray"],"picked":"Cloak And Dagger+1","floor":20},{"not_picked":["Outmaneuver+1","Well Laid Plans+1","Concentrate+1"],"picked":"Singing Bowl","floor":24},{"not_picked":["Deflect+1","Reflex+1"],"picked":"Underhanded Strike+1","floor":24},{"not_picked":["Deflect+1","Heel Hook","All Out Attack"],"picked":"Singing Bowl","floor":25},{"not_picked":["Deflect+1","Reflex+1"],"picked":"Backflip+1","floor":25}],"player_experience":161083,"relics_obtained":[{"floor":7,"key":"Peace Pipe"},{"floor":9,"key":"Prayer Wheel"},{"floor":12,"key":"Singing Bowl"},{"floor":13,"key":"Toxic Egg 2"},{"floor":26,"key":"Kunai"}],"event_choices":[{"damage_healed":0,"gold_gain":175,"player_choice":"AGREE","damage_taken":0,"max_hp_gain":0,"max_hp_loss":0,"event_name":"Liars Game","floor":3,"gold_loss":0,"cards_obtained":["Doubt"]},{"cards_removed":["Doubt"],"damage_healed":0,"gold_gain":0,"player_choice":"Removed Curses","damage_taken":0,"max_hp_gain":0,"max_hp_loss":0,"event_name":"Fountain of Cleansing","floor":4,"gold_loss":0},{"damage_healed":0,"gold_gain":0,"player_choice":"Gave Potion","damage_taken":0,"relics_obtained":["Strawberry"],"max_hp_gain":0,"max_hp_loss":0,"event_name":"WeMeetAgain","floor":21,"gold_loss":0}],"is_beta":false,"boss_relics":[{"not_picked":["Fusion Hammer","Lizard Tail"],"picked":"Sozu"}],"items_purged_floors":[],"is_endless":false,"potions_floor_spawned":[5,11,16,24,25],"killed_by":"Slavers","ascension_level":2}