{"path_per_floor":["M","M","?","$","M","E","M","M","T","?","?","M","$","M","R"],"character_chosen":"THE_SILENT","items_purchased":["Infinite Blades","Prepared","Bullet Time"],"gold_per_floor":[109,125,125,3,23,58,78,89,89,89,151,164,25,42,42],"floor_reached":16,"campfire_rested":0,"playtime":1461,"current_hp_per_floor":[70,69,74,74,74,59,57,57,57,57,68,58,58,54,54],"items_purged":[],"gold":42,"score":104,"play_id":"77d2cc2f-c662-441f-b21e-81d882cbd704","is_prod":false,"is_daily":false,"is_ascension_mode":false,"campfire_upgraded":1,"path_taken":["M","M","?","?","?","E","M","?","T","?","?","?","?","M","R","BOSS"],"build_version":"2018-02-15-PROD1","purchased_purges":0,"victory":false,"master_deck":["Defend_G","Defend_G","Defend_G","Defend_G","Defend_G","Strike_G","Strike_G","Strike_G","Strike_G","Survivor","Neutralize","Dagger Spray","Terror","Infinite Blades","Prepared","Acrobatics","Bullet Time","Flying Knee","Leg Sweep","Distraction","Dagger Throw","Bullet Time+1"],"max_hp_per_floor":[70,70,75,75,75,75,75,75,75,75,82,82,82,82,82],"relics":["Ring of the Snake","Mummified Hand","Bottled Flame","Strawberry"],"card_choices":[{"not_picked":["Poisoned Stab","Eviscerate"],"picked":"Dagger Spray"},{"not_picked":["Poisoned Stab","Outmaneuver"],"picked":"Terror"},{"not_picked":["Deflect","Masterful Stab"],"picked":"Acrobatics"},{"not_picked":["Outmaneuver","Deflect"],"picked":"Bullet Time"},{"not_picked":["Endless Agony","Poisoned Stab"],"picked":"Flying Knee"},{"not_picked":["Flying Knee","Prepared"],"picked":"Leg Sweep"},{"not_picked":["Poisoned Stab","Slice"],"picked":"Dagger Throw"}],"player_experience":2435,"potions_floor_usage":[11],"damage_taken":[{"damage":0,"enemies":"Cultist","floor":1,"turns":4},{"damage":1,"enemies":"Jaw Worm","floor":2,"turns":6},{"damage":0,"enemies":"Small Slimes","floor":5,"turns":3},{"damage":15,"enemies":"3 Sentries","floor":6,"turns":8},{"damage":2,"enemies":"Exordium Thugs","floor":7,"turns":5},{"damage":0,"enemies":"Red Slaver","floor":8,"turns":3},{"damage":11,"enemies":"3 Sentries","floor":11,"turns":9},{"damage":10,"enemies":"Gremlin Gang","floor":12,"turns":4},{"damage":4,"enemies":"Large Slime","floor":14,"turns":6},{"damage":57,"enemies":"Hexaghost","floor":16,"turns":11}],"event_choices":[{"event_name":"Big Fish","player_choice":"Donut","floor":3,"damage_taken":0},{"event_name":"Transmorgrifier","player_choice":"Transform","floor":10,"damage_taken":0},{"event_name":"Dead Adventurer","player_choice":"Searched \u00271\u0027 times","floor":11,"damage_taken":0}],"boss_relics":[],"potions_floor_spawned":[6,8,12,14],"seed_played":"-2536238118334869078","killed_by":"Hexaghost","ascension_level":0,"is_trial":false}