{"path_per_floor":["M","M","M","?","$","E","M","R","T","?","M","M","M","M","R","B",null,"M","M","M","M","?","E","T","M","T","?","M","$","R","M","R","B",null,"M","M","?","?","M","$","M","M","T","R","M","R","E","M","R","B"],"character_chosen":"IRONCLAD","items_purchased":["Dark Shackles","Carnage+1","Bottled Tornado","Corruption","Rupture","Armaments+1"],"gold_per_floor":[114,129,144,144,50,80,95,95,95,95,140,155,170,185,185,285,285,300,315,330,345,345,375,400,415,465,465,480,69,69,84,84,184,184,199,214,214,214,229,51,66,81,81,81,96,96,126,141,141,141],"floor_reached":51,"campfire_rested":0,"playtime":2209,"item_purchase_floors":[5,29,29,29,40,40],"current_hp_per_floor":[80,80,80,64,64,65,58,58,58,55,64,71,75,83,83,83,83,76,80,86,89,89,92,92,89,89,73,85,85,85,96,96,101,101,107,107,107,94,98,98,112,112,122,122,122,122,125,125,125,134],"items_purged":["Rage+1"],"gold":141,"score":1109,"play_id":"21582354-1751-4cf2-95b7-88a6d9c872c0","local_time":"20180531004015","daily_mods":["Shiny","Uncertain Future","Vintage"],"is_prod":false,"is_daily":true,"chose_seed":false,"is_ascension_mode":false,"campfire_upgraded":7,"win_rate":0,"timestamp":1527723615,"campfire_choices":[{"data":"Dark Shackles","floor":8,"key":"SMITH"},{"data":"Immolate","floor":15,"key":"SMITH"},{"data":"Barricade","floor":30,"key":"SMITH"},{"data":"Corruption","floor":32,"key":"SMITH"},{"data":"Dark Embrace","floor":44,"key":"SMITH"},{"data":"Offering","floor":46,"key":"SMITH"},{"data":"Rupture","floor":49,"key":"SMITH"}],"path_taken":["M","M","M","?","$","E","?","R","T","?","M","M","M","M","R","BOSS","M","M","M","M","?","E","?","M","T","?","M","$","R","M","R","BOSS","M","M","?","?","M","$","M","M","T","R","?","R","E","M","R","BOSS"],"build_version":"2018-05-30","seed_source_timestamp":0,"purchased_purges":1,"victory":true,"master_deck":["Double Tap+1","Demon Form+1","Bludgeon+1","Feed","Limit Break+1","Barricade+1","Fiend Fire+1","Berserk","Impervious","Juggernaut","Brutality","Reaper+1","Exhume","Offering+1","Immolate+1","Dark Shackles+1","Feed","Necronomicurse","Carnage+1","Corruption+1","Dark Embrace+1","Madness+1","Madness+1","Rupture+1","Armaments+1"],"max_hp_per_floor":[80,80,80,80,80,80,80,80,80,80,83,83,83,83,83,83,83,86,86,86,89,89,92,92,95,95,95,95,95,95,98,98,101,101,107,107,107,107,112,112,112,112,122,122,122,122,134,134,134,134],"relics":["Black Blood","War Paint","Bronze Scales","Paper Frog","Toxic Egg 2","Self Forming Clay","Prayer Wheel","Pantograph","Tiny Chest","Blood Vial","Lantern","Sundial","Bottled Flame","Singing Bowl","Matryoshka","Happy Flower","Mummified Hand","Molten Egg 2","Regal Pillow","Dream Catcher","Meat on the Bone","Vajra","Bag of Preparation","Necronomicon","Dead Branch","Bottled Tornado","Omamori","Question Card","White Beast Statue","Mercury Hourglass","Orichalcum","Centennial Puzzle","Bag of Marbles","Toolbox","Pear","Whetstone","Strawberry","Blue Candle"],"card_choices":[{"not_picked":["Clash","Havoc","Pommel Strike"],"picked":"SKIP","floor":6},{"not_picked":["Berserk","Fiend Fire"],"picked":"Feed","floor":16},{"not_picked":["Flex+1","Sentinel+1"],"picked":"Rage+1","floor":23},{"not_picked":["Brutality","Berserk"],"picked":"Dark Embrace","floor":33},{"not_picked":["Perfected Strike+1","Uppercut+1","Pummel+1","Clash+1"],"picked":"Singing Bowl","floor":47}],"player_experience":217013,"potions_floor_usage":[6,19,25,25,36,39,39,50,50,50],"damage_taken":[{"damage":0,"enemies":"2 Louse","floor":1,"turns":1},{"damage":1,"enemies":"Small Slimes","floor":2,"turns":2},{"damage":0,"enemies":"Cultist","floor":3,"turns":2},{"damage":5,"enemies":"Gremlin Nob","floor":6,"turns":3},{"damage":16,"enemies":"Blue Slaver","floor":7,"turns":2},{"damage":0,"enemies":"Exordium Wildlife","floor":11,"turns":3},{"damage":8,"enemies":"Gremlin Gang","floor":12,"turns":2},{"damage":4,"enemies":"Blue Slaver","floor":13,"turns":1},{"damage":0,"enemies":"Red Slaver","floor":14,"turns":1},{"damage":12,"enemies":"Slime Boss","floor":16,"turns":11},{"damage":20,"enemies":"2 Thieves","floor":18,"turns":3},{"damage":12,"enemies":"Shell Parasite","floor":19,"turns":5},{"damage":4,"enemies":"Snake Plant","floor":20,"turns":2},{"damage":11,"enemies":"3 Cultists","floor":21,"turns":4},{"damage":6,"enemies":"Gremlin Leader","floor":23,"turns":5},{"damage":22,"enemies":"Cultist and Chosen","floor":25,"turns":4},{"damage":0,"enemies":"Sentry and Sphere","floor":28,"turns":1},{"damage":4,"enemies":"Centurion and Healer","floor":31,"turns":1},{"damage":5,"enemies":"Automaton","floor":33,"turns":2},{"damage":4,"enemies":"Flame Bruiser 1 Orb","floor":35,"turns":2},{"damage":0,"enemies":"3 Darklings","floor":36,"turns":2},{"damage":13,"enemies":"Spire Growth","floor":39,"turns":2},{"damage":0,"enemies":"Sphere and 2 Shapes","floor":41,"turns":1},{"damage":9,"enemies":"4 Shapes","floor":42,"turns":1},{"damage":4,"enemies":"Spire Growth","floor":45,"turns":2},{"damage":19,"enemies":"2 Orb Walkers","floor":47,"turns":2},{"damage":12,"enemies":"Transient","floor":48,"turns":5},{"damage":15,"enemies":"Donu and Deca","floor":50,"turns":3}],"relics_obtained":[{"floor":1,"key":"War Paint"},{"floor":2,"key":"Bronze Scales"},{"floor":3,"key":"Paper Frog"},{"floor":6,"key":"Toxic Egg 2"},{"floor":7,"key":"Self Forming Clay"},{"floor":9,"key":"Prayer Wheel"},{"floor":11,"key":"Tiny Chest"},{"floor":12,"key":"Blood Vial"},{"floor":13,"key":"Lantern"},{"floor":14,"key":"Sundial"},{"floor":16,"key":"Bottled Flame"},{"floor":18,"key":"Singing Bowl"},{"floor":19,"key":"Matryoshka"},{"floor":20,"key":"Happy Flower"},{"floor":21,"key":"Mummified Hand"},{"floor":23,"key":"Molten Egg 2"},{"floor":24,"key":"Regal Pillow"},{"floor":24,"key":"Dream Catcher"},{"floor":25,"key":"Meat on the Bone"},{"floor":26,"key":"Vajra"},{"floor":26,"key":"Bag of Preparation"},{"floor":27,"key":"Necronomicon"},{"floor":28,"key":"Dead Branch"},{"floor":31,"key":"Omamori"},{"floor":33,"key":"Question Card"},{"floor":35,"key":"Mercury Hourglass"},{"floor":36,"key":"Orichalcum"},{"floor":39,"key":"Centennial Puzzle"},{"floor":41,"key":"Bag of Marbles"},{"floor":42,"key":"Toolbox"},{"floor":43,"key":"Pear"},{"floor":45,"key":"Whetstone"},{"floor":47,"key":"Strawberry"},{"floor":48,"key":"Blue Candle"}],"event_choices":[{"event_name":"Shining Light","player_choice":"Entered Light","floor":4,"damage_taken":0},{"event_name":"Scrap Ooze","player_choice":"success","floor":10,"damage_taken":3},{"event_name":"Wheel of Change","player_choice":"Card Removal","floor":22,"damage_taken":0},{"event_name":"Cursed Tome","player_choice":"Obtained Book","floor":27,"damage_taken":0},{"event_name":"Tomb of Lord Red Mask","player_choice":"Ignored","floor":37,"damage_taken":0},{"event_name":"Winding Halls","player_choice":"Embrace Madness","floor":38,"damage_taken":0}],"boss_relics":[{"not_picked":["Runic Cube","Philosopher\u0027s Stone"],"picked":"Black Blood"},{"not_picked":["Eternal Feather","Runic Pyramid"],"picked":"White Beast Statue"}],"items_purged_floors":[40],"potions_floor_spawned":[3,7,12,14,16,18,19,21,33,35,36,39,41,42,45,47,48],"seed_played":"-522671777961550399","ascension_level":0,"potions_obtained":[{"floor":3,"key":"SkillPotion"},{"floor":7,"key":"EssenceOfSteel"},{"floor":12,"key":"SneckoOil"},{"floor":14,"key":"Fire Potion"},{"floor":18,"key":"Block Potion"},{"floor":19,"key":"Block Potion"},{"floor":33,"key":"Explosive Potion"},{"floor":35,"key":"FearPotion"},{"floor":36,"key":"Fruit Juice"},{"floor":39,"key":"BloodPotion"},{"floor":41,"key":"Dexterity Potion"}],"is_trial":false}