{"gold_per_floor":[18,18,18,18,34,62,62,12,12,12,12,47,63,75,75,176,176,189,589,589,504,514,514,184,215,215,229,245,259,259,286,286,387,437,453,453,453,466,466,466,494,769,769,784,852,97,57,67,67,67],"floor_reached":51,"playtime":2916,"items_purged":["Strike_G","Regret"],"score":1092,"play_id":"133b5aed-d39a-47f7-8d2e-569e2f21c9d4","local_time":"20190129045118","is_ascension_mode":true,"campfire_choices":[{"data":"Blade Dance","floor":7.0,"key":"SMITH"},{"data":"Neutralize","floor":10.0,"key":"SMITH"},{"floor":15.0,"key":"REST"},{"floor":23.0,"key":"REST"},{"floor":30.0,"key":"REST"},{"floor":32.0,"key":"REST"},{"floor":40.0,"key":"REST"},{"floor":49,"key":"REST"}],"neow_cost":"NO_GOLD","seed_source_timestamp":0,"circlet_count":0,"master_deck":["AscendersBane","Defend_G+1","Defend_G+1","Strike_G","Strike_G","Survivor","Neutralize+1","PiercingWail","Finisher+1","Blade Dance+1","Slice","Terror","PiercingWail","Envenom+1","Blade Dance","Finisher+1","Well Laid Plans+1","Infinite Blades+1","Tools of the Trade+1","Hologram","Turbo","Dual Wield+1","Well Laid Plans+1","Warcry+1","Pummel+1","Impatience","Steam","Fire Breathing+1","Accuracy+1","Cloak And Dagger","Burst","Mayhem+1","Good Instincts","Finesse"],"special_seed":0,"relics":["Ring of the Snake","Smiling Mask","Snake Skull","Anchor","Kunai","WristBlade","Old Coin","Frozen Egg 2","Dream Catcher","PrismaticShard","Red Mask","Dodecahedron","War Paint","Tiny House","Question Card","Tingsha","Pear","Membership Card","Meat on the Bone","Bronze Scales"],"potions_floor_usage":[50,50],"damage_taken":[{"damage":3.0,"enemies":"Cultist","floor":1.0,"turns":5.0},{"damage":4.0,"enemies":"Jaw Worm","floor":5.0,"turns":4.0},{"damage":28.0,"enemies":"Gremlin Nob","floor":6.0,"turns":5.0},{"damage":12.0,"enemies":"Lagavulin","floor":12.0,"turns":6.0},{"damage":0.0,"enemies":"Small Slimes","floor":13.0,"turns":2.0},{"damage":0.0,"enemies":"Looter","floor":14.0,"turns":1.0},{"damage":13.0,"enemies":"Hexaghost","floor":16.0,"turns":8.0},{"damage":0.0,"enemies":"Chosen","floor":18.0,"turns":3.0},{"damage":13.0,"enemies":"Colosseum Slavers","floor":19.0,"turns":3.0},{"damage":5.0,"enemies":"Colosseum Nobs","floor":19.0,"turns":5.0},{"damage":14.0,"enemies":"2 Thieves","floor":22.0,"turns":4.0},{"damage":37.0,"enemies":"Masked Bandits","floor":25.0,"turns":4.0},{"damage":0.0,"enemies":"Chosen and Byrds","floor":27.0,"turns":3.0},{"damage":4.0,"enemies":"Shelled Parasite and Fungi","floor":28.0,"turns":3.0},{"damage":0.0,"enemies":"Cultist and Chosen","floor":29.0,"turns":4.0},{"damage":0.0,"enemies":"Book of Stabbing","floor":31.0,"turns":4.0},{"damage":31.0,"enemies":"Collector","floor":33.0,"turns":6.0},{"damage":13.0,"enemies":"Orb Walker","floor":35.0,"turns":4.0},{"damage":2.0,"enemies":"3 Shapes","floor":36.0,"turns":3.0},{"damage":43.0,"enemies":"Spire Growth","floor":38.0,"turns":4.0},{"damage":7.0,"enemies":"Nemesis","floor":41.0,"turns":3.0},{"damage":2.0,"enemies":"4 Shapes","floor":44.0,"turns":9.0},{"damage":2,"enemies":"Maw","floor":48,"turns":6},{"damage":44,"enemies":"Donu and Deca","floor":50,"turns":8}],"seed_played":"1273793521313935621","potions_obtained":[{"floor":1.0,"key":"Swift Potion"},{"floor":5.0,"key":"Regen Potion"},{"floor":14.0,"key":"Dexterity Potion"},{"floor":16.0,"key":"Energy Potion"},{"floor":18.0,"key":"Weak Potion"},{"floor":22.0,"key":"SteroidPotion"},{"floor":31.0,"key":"AttackPotion"},{"floor":33.0,"key":"Dexterity Potion"},{"floor":34.0,"key":"SmokeBomb"},{"floor":38.0,"key":"Strength Potion"},{"floor":41.0,"key":"Poison Potion"},{"floor":44.0,"key":"EssenceOfSteel"}],"is_trial":false,"path_per_floor":["M","?","T","?","M","E","R","?","T","R","?","E","M","M","R","B",null,"M","?","?","?","M","R","$","?","T","M","M","M","R","E","R","B",null,"M","M","?","M","?","R","E","?","T","M","T","$","?","M","R","B",null],"character_chosen":"THE_SILENT","items_purchased":["Infinite Blades+1","PrismaticShard","Membership Card","Accuracy+1","Cloak And Dagger","Burst","Meat on the Bone","Bronze Scales","Mayhem+1","Good Instincts","EssenceOfSteel","SteroidPotion"],"campfire_rested":6,"item_purchase_floors":[24,24,46,46,46,46,46,46,46,46,46,46],"current_hp_per_floor":[60,53,53,53,49,35,35,35,35,35,35,23,23,23,44,31,60,60,42,42,42,28,49,49,12,12,12,8,8,29,29,50,19,62,49,47,47,4,4,25,18,18,18,16,26,26,26,36,60,28],"gold":67,"neow_bonus":"REMOVE_TWO","is_prod":false,"is_daily":false,"chose_seed":false,"campfire_upgraded":2,"win_rate":0,"timestamp":1548737478,"path_taken":["M","?","?","?","?","E","R","?","T","R","?","E","?","M","R","BOSS","M","?","?","?","M","R","$","?","T","M","?","M","R","E","R","BOSS","M","M","?","M","?","R","E","?","T","?","?","$","?","M","R","BOSS"],"build_version":"2019-01-23","purchased_purges":2,"victory":true,"max_hp_per_floor":[70,70,70,70,70,70,70,70,70,70,70,70,70,70,70,70,70,70,70,70,70,70,70,70,70,70,70,70,70,70,70,70,70,75,75,75,71,71,71,71,71,71,71,71,81,81,81,81,81,81],"card_choices":[{"not_picked":["Concentrate","Blur"],"picked":"PiercingWail","floor":1.0},{"not_picked":["Prepared","Acrobatics"],"picked":"Finisher","floor":5.0},{"not_picked":["Heel Hook","Flying Knee"],"picked":"Blade Dance","floor":6.0},{"not_picked":["Dash","Night Terror"],"picked":"Slice","floor":12.0},{"not_picked":["Deadly Poison","Skewer"],"picked":"Terror","floor":13.0},{"not_picked":["Poisoned Stab","Choke"],"picked":"PiercingWail","floor":14.0},{"not_picked":["Grand Finale","Corpse Explosion"],"picked":"Envenom","floor":16.0},{"not_picked":["Quick Slash","Reflex+1"],"picked":"Blade Dance","floor":18.0},{"not_picked":["Quick Slash","Cloak And Dagger"],"picked":"Finisher+1","floor":19.0},{"not_picked":["Concentrate","Slice"],"picked":"Well Laid Plans+1","floor":22.0},{"not_picked":["Slice+1","Rip and Tear+1"],"picked":"Tools of the Trade+1","floor":25.0},{"not_picked":["Quick Slash","Glacier"],"picked":"Hologram","floor":27.0},{"not_picked":["Cleave","Expertise+1"],"picked":"Turbo","floor":28.0},{"not_picked":["Power Through","Beam Cell"],"picked":"Dual Wield","floor":29.0},{"not_picked":["Wraith Form v2+1","Slice"],"picked":"Well Laid Plans+1","floor":31.0},{"not_picked":["Prepared","Anger"],"picked":"Warcry+1","floor":34.0},{"not_picked":["Barrage+1","Double Energy+1"],"picked":"Pummel+1","floor":35.0},{"not_picked":["Cleave+1","Perfected Strike+1","Enlightenment"],"picked":"SKIP","floor":38.0},{"not_picked":["PanicButton","Dramatic Entrance"],"picked":"Impatience","floor":39.0},{"not_picked":["Swift Strike","Blizzard+1"],"picked":"Steam","floor":40.0},{"not_picked":["Biased Cognition+1","Genetic Algorithm+1","Wild Strike"],"picked":"SKIP","floor":41.0},{"not_picked":["Pommel Strike+1","Bane+1","Leap+1"],"picked":"Fire Breathing+1","floor":44.0},{"not_picked":["Pommel Strike","Twin Strike+1","Armaments"],"picked":"Finesse","floor":48}],"player_experience":513135,"relics_obtained":[{"floor":3.0,"key":"Smiling Mask"},{"floor":6.0,"key":"Snake Skull"},{"floor":9.0,"key":"Anchor"},{"floor":12.0,"key":"Kunai"},{"floor":19.0,"key":"Old Coin"},{"floor":19.0,"key":"Frozen Egg 2"},{"floor":25.0,"key":"Red Mask"},{"floor":26.0,"key":"Dodecahedron"},{"floor":31.0,"key":"War Paint"},{"floor":41.0,"key":"Question Card"},{"floor":43.0,"key":"Tingsha"},{"floor":45.0,"key":"Pear"}],"event_choices":[{"cards_removed":["Defend_G"],"damage_healed":0.0,"max_hp_gain":0.0,"max_hp_loss":0.0,"gold_gain":0.0,"event_name":"Golden Wing","player_choice":"Card Removal","floor":2.0,"gold_loss":0.0,"damage_taken":7.0},{"cards_removed":["Defend_G"],"damage_healed":0.0,"max_hp_gain":0.0,"max_hp_loss":0.0,"gold_gain":0.0,"event_name":"Purifier","player_choice":"Purged","floor":4.0,"gold_loss":0.0,"damage_taken":0.0},{"cards_removed":["Strike_G"],"damage_healed":0.0,"max_hp_gain":0.0,"max_hp_loss":0.0,"gold_gain":0.0,"event_name":"The Cleric","player_choice":"Card Removal","floor":8.0,"gold_loss":50.0,"damage_taken":0.0},{"damage_healed":0.0,"max_hp_gain":0.0,"max_hp_loss":0.0,"gold_gain":0.0,"event_name":"Upgrade Shrine","player_choice":"Upgraded","floor":11.0,"gold_loss":0.0,"damage_taken":0.0,"cards_upgraded":["Finisher"]},{"damage_healed":0.0,"max_hp_gain":0.0,"max_hp_loss":0.0,"gold_gain":0.0,"event_name":"Colosseum","player_choice":"Fight","floor":19.0,"gold_loss":0.0,"damage_taken":0.0},{"damage_healed":0.0,"max_hp_gain":0.0,"max_hp_loss":0.0,"gold_gain":0.0,"event_name":"Colosseum","player_choice":"Fought Nobs","floor":19.0,"gold_loss":0.0,"damage_taken":0.0},{"damage_healed":0.0,"max_hp_gain":0.0,"max_hp_loss":0.0,"gold_gain":0.0,"event_name":"Ghosts","player_choice":"Ignored","floor":20.0,"gold_loss":0.0,"damage_taken":0.0},{"damage_healed":0.0,"max_hp_gain":0.0,"max_hp_loss":0.0,"gold_gain":0.0,"event_name":"Addict","player_choice":"Obtained Relic","floor":21.0,"gold_loss":85.0,"damage_taken":0.0,"relics_obtained":["Dream Catcher"]},{"damage_healed":0.0,"max_hp_gain":0.0,"max_hp_loss":0.0,"gold_gain":0.0,"event_name":"Masked Bandits","player_choice":"Fought Bandits","floor":25.0,"gold_loss":0.0,"damage_taken":0.0},{"damage_healed":0.0,"max_hp_gain":0.0,"max_hp_loss":4.0,"gold_gain":0.0,"event_name":"Winding Halls","player_choice":"Max HP","floor":37.0,"gold_loss":0.0,"damage_taken":0.0},{"damage_healed":0.0,"max_hp_gain":0.0,"max_hp_loss":0.0,"gold_gain":0.0,"event_name":"SensoryStone","player_choice":"Memory 1","floor":39.0,"gold_loss":0.0,"damage_taken":0.0},{"damage_healed":0.0,"max_hp_gain":0.0,"max_hp_loss":0.0,"gold_gain":275.0,"event_name":"Golden Shrine","player_choice":"Desecrate","floor":42.0,"gold_loss":0.0,"damage_taken":0.0,"cards_obtained":["Regret"]},{"damage_healed":0.0,"max_hp_gain":0.0,"max_hp_loss":0.0,"gold_gain":0.0,"event_name":"Designer","player_choice":"Upgrade","floor":47.0,"gold_loss":40.0,"damage_taken":0.0,"cards_upgraded":["Envenom"]}],"is_beta":true,"boss_relics":[{"not_picked":["Coffee Dripper","Ectoplasm"],"picked":"WristBlade"},{"not_picked":["Black Star","Fusion Hammer"],"picked":"Tiny House"}],"items_purged_floors":[24,46],"is_endless":false,"potions_floor_spawned":[1,5,14,16,18,19,22,31,33,38,41,44,48],"ascension_level":10}