{"gold_per_floor":[110,110,129,148,161,161,190,190,260,272,272,33,61,75,75,149,149,169,25,36,54,73,73,73,83,110,110,35,49,49],"floor_reached":30,"playtime":1042,"items_purged":["Strike_B"],"score":427,"play_id":"57c0a21b-819a-44b9-984f-afdeeaf166c9","local_time":"20181217020535","is_ascension_mode":true,"campfire_choices":[{"data":"Hologram","floor":6,"key":"SMITH"},{"data":"Zap","floor":11,"key":"SMITH"},{"floor":15,"key":"REST"},{"floor":23,"key":"REST"},{"floor":27,"key":"REST"}],"neow_cost":"NONE","seed_source_timestamp":12463058062414,"circlet_count":0,"master_deck":["AscendersBane","Strike_B","Strike_B","Defend_B","Defend_B","Defend_B","Defend_B","Zap+1","Dualcast","Streamline","Conserve Battery","Go for the Eyes","Hologram+1","Sweeping Beam","Compile Driver","Electrodynamics","Tempest","Seek","Fusion","Loop","Self Repair"],"relics":["Cracked Core","Ice Cream","Ornamental Fan","Singing Bowl","Bronze Scales","Sozu","PreservedInsect"],"potions_floor_usage":[16],"damage_taken":[{"damage":1,"enemies":"Cultist","floor":1,"turns":4},{"damage":5,"enemies":"2 Louse","floor":3,"turns":3},{"damage":0,"enemies":"Jaw Worm","floor":4,"turns":2},{"damage":1,"enemies":"Large Slime","floor":5,"turns":5},{"damage":22,"enemies":"Lagavulin","floor":7,"turns":6},{"damage":4,"enemies":"Red Slaver","floor":10,"turns":3},{"damage":15,"enemies":"3 Sentries","floor":13,"turns":4},{"damage":3,"enemies":"Lots of Slimes","floor":14,"turns":2},{"damage":16,"enemies":"Slime Boss","floor":16,"turns":7},{"damage":20,"enemies":"Shell Parasite","floor":18,"turns":5},{"damage":3,"enemies":"Chosen","floor":20,"turns":3},{"damage":16,"enemies":"Snecko","floor":21,"turns":4},{"damage":12,"enemies":"Centurion and Healer","floor":22,"turns":5},{"damage":23,"enemies":"Snake Plant","floor":25,"turns":4},{"damage":31,"enemies":"Shelled Parasite and Fungi","floor":29,"turns":5},{"damage":20,"enemies":"Sentry and Sphere","floor":30,"turns":3}],"seed_played":"-7722921960131870233","potions_obtained":[{"floor":4,"key":"PowerPotion"},{"floor":7,"key":"Weak Potion"},{"floor":13,"key":"EssenceOfSteel"}],"is_trial":false,"path_per_floor":["M","?","M","M","M","R","E","?","T","M","R","$","E","M","R","B",null,"M","$","M","M","M","R","?","M","T","R","$","M","M"],"character_chosen":"DEFECT","items_purchased":["Singing Bowl","Loop","Self Repair"],"campfire_rested":3,"item_purchase_floors":[12,19,28],"current_hp_per_floor":[63,63,58,58,57,57,35,35,35,31,31,31,16,15,36,20,60,40,40,39,25,15,38,38,17,17,41,41,19,0],"gold":49,"neow_bonus":"THREE_CARDS","is_prod":false,"is_daily":false,"chose_seed":false,"campfire_upgraded":2,"win_rate":0,"timestamp":1545041135,"path_taken":["M","?","M","M","M","R","E","?","T","?","R","?","E","M","R","BOSS","M","$","M","?","M","R","?","M","T","R","$","M","M"],"build_version":"2018-12-13","purchased_purges":1,"victory":false,"max_hp_per_floor":[71,71,71,71,71,71,71,71,71,71,71,71,71,73,73,73,73,73,73,75,77,79,79,79,81,81,81,81,83,83],"card_choices":[{"not_picked":["Sweeping Beam","Recycle"],"picked":"Streamline","floor":0},{"not_picked":["Fusion","Double Energy"],"picked":"Conserve Battery","floor":1},{"not_picked":["Streamline","Scrape"],"picked":"Go for the Eyes","floor":3},{"not_picked":["Rebound","Barrage"],"picked":"Hologram","floor":4},{"not_picked":["Conserve Battery","Heatsinks"],"picked":"Sweeping Beam","floor":5},{"not_picked":["Darkness","Barrage"],"picked":"Compile Driver","floor":7},{"not_picked":["Conserve Battery","White Noise"],"picked":"Electrodynamics","floor":10},{"not_picked":["Recycle","Lockon"],"picked":"Tempest","floor":13},{"not_picked":["Sunder","Aggregate","Blizzard"],"picked":"Singing Bowl","floor":14},{"not_picked":["Core Surge","Machine Learning"],"picked":"Seek","floor":16},{"not_picked":["Sweeping Beam","Scrape"],"picked":"Fusion","floor":18},{"not_picked":["Beam Cell","Rip and Tear","Compile Driver"],"picked":"Singing Bowl","floor":20},{"not_picked":["Chaos","Heatsinks","Conserve Battery"],"picked":"Singing Bowl","floor":21},{"not_picked":["Turbo","Compile Driver","Consume"],"picked":"Singing Bowl","floor":22},{"not_picked":["Streamline","Steam","Conserve Battery"],"picked":"Singing Bowl","floor":25},{"not_picked":["Recycle","Steam","Heatsinks"],"picked":"Singing Bowl","floor":29}],"player_experience":394640,"relics_obtained":[{"floor":7,"key":"Ice Cream"},{"floor":9,"key":"Ornamental Fan"},{"floor":13,"key":"Bronze Scales"},{"floor":26,"key":"PreservedInsect"}],"event_choices":[{"damage_healed":0,"gold_gain":0,"player_choice":"Ignored","damage_taken":0,"max_hp_gain":0,"max_hp_loss":0,"event_name":"Liars Game","floor":2,"gold_loss":0},{"cards_removed":["Strike_B"],"damage_healed":0,"gold_gain":0,"player_choice":"Offered Basic","damage_taken":0,"max_hp_gain":0,"max_hp_loss":0,"event_name":"Bonfire Elementals","floor":8,"gold_loss":0},{"damage_healed":0,"gold_gain":0,"player_choice":"Ignored","damage_taken":0,"max_hp_gain":0,"max_hp_loss":0,"event_name":"Ghosts","floor":24,"gold_loss":0}],"is_beta":false,"boss_relics":[{"not_picked":["Velvet Choker","Empty Cage"],"picked":"Sozu"}],"items_purged_floors":[19],"is_endless":false,"potions_floor_spawned":[4,7,13,14,21,25,29],"killed_by":"Sentry and Sphere","ascension_level":15}