{"gold_per_floor":[366,444,404,58,68,68,86,86,112,132,162,162,237,143,143,247,247,230,230,230,230],"floor_reached":21,"playtime":956,"items_purged":["Parasite"],"score":245,"play_id":"6513916a-1ec6-40e2-a160-615e108e91f3","local_time":"20190131160028","is_ascension_mode":true,"campfire_choices":[{"data":"Outmaneuver","floor":6,"key":"SMITH"},{"data":"Neutralize","floor":8,"key":"SMITH"},{"floor":15,"key":"REST"}],"neow_cost":"CURSE","seed_source_timestamp":5445309527555,"circlet_count":0,"master_deck":["Defend_G","Defend_G+1","Defend_G","Defend_G","Defend_G","Strike_G","Strike_G","Strike_G","Strike_G","Strike_G+1","Survivor","Neutralize+1","Masterful Stab","Masterful Stab","Slice","Well Laid Plans","Outmaneuver+1","Slice","A Thousand Cuts","Good Instincts","Grand Finale","Distraction","Footwork"],"relics":["Ring of the Snake","Shuriken","Tiny Chest","Strawberry","Odd Mushroom","Lantern","Philosopher\u0027s Stone"],"potions_floor_usage":[11,16,16,16,21],"damage_taken":[{"damage":0,"enemies":"Cultist","floor":1,"turns":4},{"damage":0,"enemies":"Jaw Worm","floor":5,"turns":2},{"damage":0,"enemies":"2 Louse","floor":7,"turns":1},{"damage":4,"enemies":"The Mushroom Lair","floor":10,"turns":4},{"damage":11,"enemies":"Lagavulin","floor":11,"turns":6},{"damage":0,"enemies":"Slime Boss","floor":16,"turns":7},{"damage":20,"enemies":"2 Thieves","floor":18,"turns":4},{"damage":17,"enemies":"Colosseum Slavers","floor":21,"turns":6},{"damage":41,"enemies":"Colosseum Nobs","floor":21,"turns":4}],"seed_played":"8663896682464422992","potions_obtained":[{"floor":3,"key":"GamblersBrew"},{"floor":3,"key":"FearPotion"},{"floor":3,"key":"EntropicBrew"},{"floor":7,"key":"Dexterity Potion"}],"is_trial":false,"path_per_floor":["M","T","?","$","M","R","M","R","T","?","E","?","?","$","R","B",null,"M","?","?","?"],"character_chosen":"THE_SILENT","items_purchased":["Tiny Chest","Masterful Stab","Slice","Well Laid Plans","Good Instincts"],"campfire_rested":1,"item_purchase_floors":[4,4,4,4,14],"current_hp_per_floor":[70,70,70,67,67,67,67,67,74,70,59,44,33,33,55,55,74,54,54,54,0],"gold":230,"neow_bonus":"TWO_FIFTY_GOLD","is_prod":false,"is_daily":false,"chose_seed":false,"campfire_upgraded":2,"win_rate":0,"timestamp":1548946828,"path_taken":["M","?","?","$","M","R","?","R","T","?","E","?","?","$","R","BOSS","M","?","?","?"],"build_version":"2019-01-23","purchased_purges":1,"victory":false,"max_hp_per_floor":[70,70,70,67,67,67,67,67,74,74,74,74,74,74,74,74,74,74,74,74,74],"card_choices":[{"not_picked":["Flying Knee","Bane"],"picked":"Masterful Stab","floor":1},{"not_picked":["Setup","Underhanded Strike"],"picked":"Outmaneuver","floor":5},{"not_picked":["Blade Dance","Reflex","Dash"],"picked":"SKIP","floor":7},{"not_picked":["Cloak And Dagger","Crippling Poison"],"picked":"Slice","floor":10},{"not_picked":["Terror","Dagger Throw"],"picked":"A Thousand Cuts","floor":11},{"not_picked":["Phantasmal Killer","Tools of the Trade"],"picked":"Grand Finale","floor":16},{"not_picked":["Sucker Punch+1","Backflip"],"picked":"Distraction","floor":18}],"player_experience":125056,"relics_obtained":[{"floor":2,"key":"Shuriken"},{"floor":9,"key":"Strawberry"},{"floor":10,"key":"Odd Mushroom"},{"floor":11,"key":"Lantern"}],"event_choices":[{"damage_healed":0,"gold_gain":0,"player_choice":"Bought 3 Potions","damage_taken":0,"max_hp_gain":0,"max_hp_loss":0,"event_name":"The Woman in Blue","floor":3,"gold_loss":0},{"damage_healed":0,"gold_gain":0,"player_choice":"Fought Mushrooms","damage_taken":0,"max_hp_gain":0,"max_hp_loss":0,"event_name":"Mushrooms","floor":10,"gold_loss":0},{"damage_healed":0,"gold_gain":0,"player_choice":"Entered Light","damage_taken":15,"max_hp_gain":0,"max_hp_loss":0,"event_name":"Shining Light","floor":12,"gold_loss":0,"cards_upgraded":["Defend_G","Strike_G"]},{"damage_healed":0,"gold_gain":75,"player_choice":"Gather Gold","damage_taken":11,"max_hp_gain":0,"max_hp_loss":0,"event_name":"World of Goop","floor":13,"gold_loss":0},{"damage_healed":0,"gold_gain":0,"player_choice":"Read","damage_taken":0,"max_hp_gain":0,"max_hp_loss":0,"event_name":"The Library","floor":19,"gold_loss":0,"cards_obtained":["Footwork"]},{"damage_healed":0,"gold_gain":0,"player_choice":"Ignored","damage_taken":0,"max_hp_gain":0,"max_hp_loss":0,"event_name":"Vampires","floor":20,"gold_loss":0},{"damage_healed":0,"gold_gain":0,"player_choice":"Fight","damage_taken":0,"max_hp_gain":0,"max_hp_loss":0,"event_name":"Colosseum","floor":21,"gold_loss":0},{"damage_healed":0,"gold_gain":0,"player_choice":"Fought Nobs","damage_taken":0,"max_hp_gain":0,"max_hp_loss":0,"event_name":"Colosseum","floor":21,"gold_loss":0}],"is_beta":false,"boss_relics":[{"not_picked":["Ectoplasm","Busted Crown"],"picked":"Philosopher\u0027s Stone"}],"items_purged_floors":[4],"is_endless":false,"potions_floor_spawned":[7,10],"killed_by":"Colosseum Nobs","ascension_level":2}