{"gold_per_floor":[217,217,217,235,248,266,292,356,408,408,440,440],"floor_reached":12,"playtime":788,"items_purged":[],"score":126,"play_id":"6295bba1-de76-48b6-8c92-066bba96a479","local_time":"20190204235643","is_ascension_mode":true,"campfire_choices":[{"floor":10,"key":"REST"}],"neow_cost":"NONE","seed_source_timestamp":5921457208100,"circlet_count":0,"master_deck":["Defend_G","Defend_G","Defend_G","Defend_G","Defend_G","Strike_G","Strike_G","Strike_G","Strike_G","Strike_G","Survivor","Neutralize","PiercingWail","Blur","Caltrops+1","Poisoned Stab","Catalyst","Deadly Poison"],"relics":["Ring of the Snake","Frozen Egg 2","Strawberry","Mango","Dream Catcher","Ice Cream"],"potions_floor_usage":[7],"damage_taken":[{"damage":9,"enemies":"2 Louse","floor":1,"turns":5},{"damage":4,"enemies":"Jaw Worm","floor":4,"turns":6},{"damage":1,"enemies":"Small Slimes","floor":5,"turns":5},{"damage":17,"enemies":"Gremlin Gang","floor":6,"turns":13},{"damage":18,"enemies":"3 Sentries","floor":7,"turns":12},{"damage":19,"enemies":"3 Sentries","floor":8,"turns":10},{"damage":42,"enemies":"Lagavulin","floor":11,"turns":7},{"damage":19,"enemies":"Large Slime","floor":12,"turns":8}],"seed_played":"6279680479076113121","potions_obtained":[{"floor":1,"key":"PowerPotion"},{"floor":7,"key":"FairyPotion"}],"is_trial":false,"path_per_floor":["M","?","?","M","M","M","E","?","T","R","E","M"],"character_chosen":"THE_SILENT","items_purchased":[],"campfire_rested":1,"item_purchase_floors":[],"current_hp_per_floor":[61,61,54,50,49,32,21,16,16,43,1,0],"gold":440,"neow_bonus":"HUNDRED_GOLD","is_prod":false,"is_daily":false,"chose_seed":false,"campfire_upgraded":0,"win_rate":0,"timestamp":1549321003,"path_taken":["M","?","?","M","M","M","E","?","T","R","E","M"],"build_version":"2019-01-23","purchased_purges":0,"victory":false,"max_hp_per_floor":[70,70,70,70,70,70,77,91,91,91,91,91],"card_choices":[{"not_picked":["Setup","Acrobatics"],"picked":"PiercingWail","floor":1},{"not_picked":["Heel Hook","Flying Knee"],"picked":"Blur","floor":4},{"not_picked":["Blade Dance","Backflip","Quick Slash"],"picked":"SKIP","floor":5},{"not_picked":["Predator","Blade Dance"],"picked":"Caltrops+1","floor":6},{"not_picked":["Malaise","Choke"],"picked":"Poisoned Stab","floor":7},{"not_picked":["Dagger Spray","Masterful Stab"],"picked":"Catalyst","floor":8},{"not_picked":["Prepared","Blade Dance"],"picked":"Deadly Poison","floor":10},{"not_picked":["Escape Plan","Dagger Throw","Masterful Stab"],"picked":"SKIP","floor":11}],"player_experience":209838,"relics_obtained":[{"floor":7,"key":"Strawberry"},{"floor":9,"key":"Dream Catcher"},{"floor":11,"key":"Ice Cream"}],"event_choices":[{"damage_healed":0,"gold_gain":0,"player_choice":"Box","damage_taken":0,"relics_obtained":["Frozen Egg 2"],"max_hp_gain":0,"max_hp_loss":0,"event_name":"Big Fish","floor":2,"gold_loss":0,"cards_obtained":["Regret"]},{"cards_removed":["Regret"],"damage_healed":0,"gold_gain":0,"player_choice":"Card Removal","damage_taken":7,"max_hp_gain":0,"max_hp_loss":0,"event_name":"Golden Wing","floor":3,"gold_loss":0},{"damage_healed":0,"gold_gain":30,"player_choice":"Searched \u00273\u0027 times","damage_taken":0,"relics_obtained":["Mango"],"max_hp_gain":0,"max_hp_loss":0,"event_name":"Dead Adventurer","floor":8,"gold_loss":0}],"is_beta":false,"boss_relics":[],"items_purged_floors":[],"is_endless":false,"potions_floor_spawned":[1,7],"killed_by":"Large Slime","ascension_level":3}