{"gold_per_floor":[11,11,11,30,48,48,48,223,223,17,17,33,73,96,96,222,222,222,3,3,3,0,0,0,0,0,0,19,19,35,58,58,181,181,195,62,62,81,145,145,37,37,88,106,120,201,201,536,536,536],"floor_reached":51,"playtime":1537,"items_purged":[],"score":1063,"play_id":"a6f710ff-af12-436b-bdbc-e8d44c46215e","local_time":"20190128054531","is_ascension_mode":true,"campfire_choices":[{"data":"Body Slam","floor":6,"key":"SMITH"},{"data":"Pommel Strike","floor":15,"key":"SMITH"},{"data":"Mayhem","floor":23,"key":"SMITH"},{"data":"Bash","floor":27,"key":"SMITH"},{"data":"Ghostly Armor","floor":29,"key":"SMITH"},{"data":"Defend_R","floor":32,"key":"SMITH"},{"floor":40,"key":"REST"},{"data":"Corruption","floor":47,"key":"SMITH"},{"floor":49,"key":"REST"}],"neow_cost":"NO_GOLD","seed_source_timestamp":1516610463999990,"circlet_count":0,"master_deck":["AscendersBane","Strike_R","Strike_R","Defend_R+1","Defend_R","Bash+1","Body Slam+1","Ghostly Armor+1","Pommel Strike+1","Disarm+1","Disarm+1","Mayhem+1","Shrug It Off+1","Battle Trance+1","Seeing Red+1","Armaments+1","Feed","Whirlwind+1","Sword Boomerang+1","Sever Soul+1","Clash+1","Bloodletting+1","Swift Strike","Sword Boomerang","Shrug It Off+1","Corruption+1","Burning Pact+1","Entrench+1","Anger+1","Pummel+1"],"relics":["Burning Blood","Torii","Golden Idol","Toxic Egg 2","Brimstone","Pen Nib","Runic Cube","Ornamental Fan","Astrolabe","Bottled Lightning","Incense Burner","PreservedInsect","Mercury Hourglass","Old Coin"],"potions_floor_usage":[13,16,18,30,33,45,50,50],"damage_taken":[{"damage":2,"enemies":"Cultist","floor":1,"turns":4},{"damage":13,"enemies":"Jaw Worm","floor":4,"turns":5},{"damage":0,"enemies":"2 Louse","floor":5,"turns":4},{"damage":1,"enemies":"Looter","floor":12,"turns":2},{"damage":1,"enemies":"Gremlin Nob","floor":13,"turns":3},{"damage":13,"enemies":"2 Fungi Beasts","floor":14,"turns":3},{"damage":22,"enemies":"The Guardian","floor":16,"turns":9},{"damage":1,"enemies":"Spheric Guardian","floor":18,"turns":3},{"damage":0,"enemies":"Chosen","floor":28,"turns":4},{"damage":1,"enemies":"3 Cultists","floor":30,"turns":3},{"damage":9,"enemies":"Centurion and Healer","floor":31,"turns":4},{"damage":26,"enemies":"Champ","floor":33,"turns":7},{"damage":0,"enemies":"3 Darklings","floor":35,"turns":1},{"damage":23,"enemies":"3 Shapes","floor":38,"turns":1},{"damage":29,"enemies":"2 Orb Walkers","floor":39,"turns":3},{"damage":3,"enemies":"Jaw Worm Horde","floor":44,"turns":1},{"damage":4,"enemies":"Maw","floor":45,"turns":5},{"damage":26,"enemies":"Giant Head","floor":48,"turns":6},{"damage":34,"enemies":"Awakened One","floor":50,"turns":7}],"seed_played":"-9186247459016043094","potions_obtained":[{"floor":4,"key":"PowerPotion"},{"floor":12,"key":"SmokeBomb"},{"floor":13,"key":"SpeedPotion"},{"floor":28,"key":"AttackPotion"},{"floor":30,"key":"FearPotion"},{"floor":39,"key":"BloodPotion"},{"floor":44,"key":"Dexterity Potion"},{"floor":45,"key":"LiquidBronze"}],"is_trial":false,"path_per_floor":["M","$","?","M","M","R","?","?","T","$","?","M","E","M","R","B",null,"M","$","?","?","?","R","$","?","T","R","M","R","M","M","R","B",null,"M","$","T","M","?","R","$","$","T","M","M","T","R","E","R","B",null],"character_chosen":"IRONCLAD","items_purchased":["Brimstone","Mayhem","Shrug It Off+1","Bloodletting+1","Swift Strike","Corruption","Burning Pact+1"],"campfire_rested":2,"item_purchase_floors":[10,19,19,36,36,41,41],"current_hp_per_floor":[76,76,76,69,75,75,74,74,74,74,74,74,74,67,67,51,68,73,73,73,73,73,73,73,73,73,73,74,74,74,71,71,51,68,74,74,74,60,40,64,64,64,64,67,77,77,77,60,83,55],"gold":536,"neow_bonus":"ONE_RARE_RELIC","is_prod":false,"is_daily":false,"chose_seed":false,"campfire_upgraded":7,"win_rate":0,"timestamp":1548654331,"path_taken":["M","?","?","M","?","R","?","?","T","$","?","M","E","M","R","BOSS","M","$","?","?","?","R","?","?","T","R","M","R","M","M","R","BOSS","M","$","?","M","?","R","?","$","T","M","M","?","R","E","R","BOSS"],"build_version":"2019-01-23","purchased_purges":0,"victory":true,"max_hp_per_floor":[80,80,80,80,80,80,74,74,74,74,74,74,74,74,74,74,74,74,74,74,74,74,74,74,74,74,74,74,74,74,74,74,74,74,74,74,74,77,80,80,80,80,80,80,80,80,80,83,83,83],"card_choices":[{"not_picked":["Pommel Strike","Shrug It Off"],"picked":"Body Slam","floor":1},{"not_picked":["Headbutt","Pommel Strike"],"picked":"Ghostly Armor","floor":4},{"not_picked":["True Grit","Shrug It Off"],"picked":"Pommel Strike","floor":5},{"not_picked":["Havoc+1","Shrug It Off+1"],"picked":"Disarm+1","floor":12},{"not_picked":["Pommel Strike","Sword Boomerang"],"picked":"Disarm+1","floor":13},{"not_picked":["Clothesline","Evolve","Shockwave+1"],"picked":"SKIP","floor":14},{"not_picked":["Twin Strike+1","Inflame"],"picked":"Seeing Red+1","floor":28},{"not_picked":["Sever Soul+1","Pommel Strike"],"picked":"Armaments+1","floor":30},{"not_picked":["Headbutt","Heavy Blade","Havoc+1"],"picked":"SKIP","floor":31},{"not_picked":["Fiend Fire","Brutality"],"picked":"Feed","floor":33},{"not_picked":["Battle Trance+1","Searing Blow+1"],"picked":"Clash+1","floor":35},{"not_picked":["Perfected Strike+1","Carnage+1"],"picked":"Sword Boomerang","floor":38},{"not_picked":["Flex+1","Twin Strike"],"picked":"Shrug It Off+1","floor":39},{"not_picked":["Clash+1","Cleave+1"],"picked":"Entrench+1","floor":44},{"not_picked":["True Grit+1","Searing Blow"],"picked":"Anger+1","floor":45},{"not_picked":["Wild Strike","Pommel Strike"],"picked":"Pummel+1","floor":48}],"player_experience":497817,"relics_obtained":[{"floor":9,"key":"Toxic Egg 2"},{"floor":13,"key":"Pen Nib"},{"floor":26,"key":"Ornamental Fan"},{"floor":37,"key":"Bottled Lightning"},{"floor":39,"key":"Incense Burner"},{"floor":43,"key":"PreservedInsect"},{"floor":46,"key":"Mercury Hourglass"},{"floor":48,"key":"Old Coin"}],"event_choices":[{"cards_removed":["Strike_R"],"damage_healed":0,"gold_gain":0,"player_choice":"Offered Basic","damage_taken":0,"max_hp_gain":0,"max_hp_loss":0,"event_name":"Bonfire Elementals","floor":3,"gold_loss":0},{"damage_healed":0,"gold_gain":0,"player_choice":"Lose Max HP","damage_taken":0,"relics_obtained":["Golden Idol"],"max_hp_gain":0,"max_hp_loss":6,"event_name":"Golden Idol","floor":7,"gold_loss":0},{"damage_healed":0,"gold_gain":175,"player_choice":"AGREE","damage_taken":0,"max_hp_gain":0,"max_hp_loss":0,"event_name":"Liars Game","floor":8,"gold_loss":0,"cards_obtained":["Doubt"]},{"cards_removed":["Doubt"],"damage_healed":0,"gold_gain":0,"player_choice":"Forget","damage_taken":0,"max_hp_gain":0,"max_hp_loss":0,"event_name":"Living Wall","floor":11,"gold_loss":0},{"damage_healed":0,"gold_gain":0,"player_choice":"Read","damage_taken":0,"max_hp_gain":0,"max_hp_loss":0,"event_name":"The Library","floor":20,"gold_loss":0,"cards_obtained":["Battle Trance"]},{"damage_healed":0,"gold_gain":0,"player_choice":"Paid Fearfully","damage_taken":0,"max_hp_gain":0,"max_hp_loss":0,"event_name":"Masked Bandits","floor":22,"gold_loss":3},{"cards_removed":["Defend_R"],"damage_healed":0,"gold_gain":0,"player_choice":"Purged","damage_taken":0,"max_hp_gain":0,"max_hp_loss":0,"event_name":"Purifier","floor":25,"gold_loss":0},{"damage_healed":0,"gold_gain":0,"player_choice":"Fight","damage_taken":0,"max_hp_gain":0,"max_hp_loss":0,"event_name":"Mysterious Sphere","floor":39,"gold_loss":0}],"is_beta":true,"boss_relics":[{"not_picked":["Coffee Dripper","Runic Dome"],"picked":"Runic Cube"},{"not_picked":["Philosopher\u0027s Stone","Eternal Feather"],"picked":"Astrolabe"}],"items_purged_floors":[],"is_endless":false,"potions_floor_spawned":[4,12,13,18,28,30,39,44,45,48],"ascension_level":11}