{"gold_per_floor":[113,39,39,50,69,102,102,121,121,121,141,141,66,66,66,161,161,173,173,173,27,27,57,87,428,496,508,530,542,69,89,89,186,186,204,214,214,214],"floor_reached":38,"playtime":1680,"items_purged":["Strike_G"],"score":584,"play_id":"91418d34-7328-45fa-a224-342bbb361ea2","local_time":"20190211170628","is_ascension_mode":true,"campfire_choices":[{"data":"Noxious Fumes","floor":7,"key":"SMITH"},{"floor":10,"key":"REST"},{"data":"Bane","floor":12,"key":"SMITH"},{"data":"Dash","floor":15,"key":"SMITH"},{"floor":27,"key":"REST"},{"data":"Noxious Fumes","floor":32,"key":"SMITH"}],"neow_cost":"NONE","seed_source_timestamp":99318396394475,"circlet_count":0,"master_deck":["Defend_G","Defend_G","Defend_G","Defend_G","Defend_G","Survivor","Neutralize","After Image","Dash+1","Noxious Fumes+1","Infinite Blades","Bane+1","Cloak And Dagger","Finisher","Cloak And Dagger","Accuracy","After Image","Terror","Noxious Fumes+1","Bite","Bite","Bite","Bite","Bite","Accuracy+1","Backstab","A Thousand Cuts","Blade Dance+1"],"relics":["Ring of the Snake","Mercury Hourglass","Ornamental Fan","Darkstone Periapt","Busted Crown","MutagenicStrength","Boot","MawBank","Old Coin","Tiny Chest","Blood Vial","Oddly Smooth Stone","Sundial","Black Star"],"potions_floor_usage":[6,16,33,37],"damage_taken":[{"damage":12,"enemies":"Jaw Worm","floor":1,"turns":6},{"damage":1,"enemies":"Cultist","floor":4,"turns":6},{"damage":4,"enemies":"Small Slimes","floor":5,"turns":4},{"damage":22,"enemies":"Lagavulin","floor":6,"turns":6},{"damage":1,"enemies":"Looter","floor":8,"turns":4},{"damage":2,"enemies":"Blue Slaver","floor":11,"turns":4},{"damage":27,"enemies":"The Guardian","floor":16,"turns":10},{"damage":6,"enemies":"Chosen","floor":18,"turns":5},{"damage":21,"enemies":"Book of Stabbing","floor":23,"turns":5},{"damage":4,"enemies":"Shell Parasite","floor":24,"turns":5},{"damage":31,"enemies":"Slavers","floor":25,"turns":7},{"damage":0,"enemies":"Snecko","floor":28,"turns":4},{"damage":3,"enemies":"3 Cultists","floor":31,"turns":5},{"damage":23,"enemies":"Champ","floor":33,"turns":10},{"damage":9,"enemies":"3 Shapes","floor":35,"turns":4},{"damage":25,"enemies":"3 Darklings","floor":36,"turns":4},{"damage":14,"enemies":"Sphere and 2 Shapes","floor":37,"turns":5},{"damage":64,"enemies":"Writhing Mass","floor":38,"turns":3}],"seed_played":"-6395285062673696060","potions_obtained":[{"floor":1,"key":"AttackPotion"},{"floor":3,"key":"SkillPotion"},{"floor":3,"key":"SmokeBomb"},{"floor":11,"key":"FearPotion"},{"floor":23,"key":"GhostInAJar"},{"floor":28,"key":"Block Potion"},{"floor":33,"key":"Dexterity Potion"},{"floor":35,"key":"GamblersBrew"}],"is_trial":false,"path_per_floor":["M","$","?","M","M","E","R","M","T","R","M","R","$","?","R","B",null,"M","?","?","$","?","E","M","E","T","R","M","?","$","M","R","B",null,"M","M","M","M"],"character_chosen":"THE_SILENT","items_purchased":["Noxious Fumes","Accuracy","Noxious Fumes","Oddly Smooth Stone","Sundial","Backstab"],"campfire_rested":2,"item_purchase_floors":[2,13,21,30,30,30],"current_hp_per_floor":[51,51,51,50,46,24,24,23,23,44,42,42,42,35,35,8,55,49,49,49,49,49,32,38,17,17,31,37,37,37,46,46,46,48,42,27,23,0],"gold":214,"neow_bonus":"ONE_RANDOM_RARE_CARD","is_prod":false,"is_daily":false,"chose_seed":false,"campfire_upgraded":4,"win_rate":0,"timestamp":1549901188,"path_taken":["M","$","?","M","M","E","R","M","T","R","M","R","?","?","R","BOSS","M","?","?","$","?","E","M","E","T","R","?","?","$","M","R","BOSS","M","?","M","M"],"build_version":"2019-01-23","purchased_purges":1,"victory":false,"max_hp_per_floor":[70,70,70,70,70,70,70,70,70,70,70,70,70,70,70,70,70,70,70,70,70,49,49,49,49,49,49,49,49,49,49,49,49,49,49,49,49,49],"card_choices":[{"not_picked":["Calculated Gamble","Setup"],"picked":"Dash","floor":1},{"not_picked":["Setup","All Out Attack"],"picked":"Infinite Blades","floor":4},{"not_picked":["Prepared","Predator"],"picked":"Bane","floor":5},{"not_picked":["Dagger Throw","Bullet Time"],"picked":"Cloak And Dagger","floor":6},{"not_picked":["Concentrate","Eviscerate"],"picked":"Finisher","floor":8},{"not_picked":["Slice","Distraction"],"picked":"Cloak And Dagger","floor":11},{"not_picked":["Envenom","Phantasmal Killer"],"picked":"After Image","floor":16},{"not_picked":[],"picked":"Terror","floor":18},{"not_picked":["Flying Knee+1"],"picked":"SKIP","floor":23},{"not_picked":["Bane"],"picked":"SKIP","floor":24},{"not_picked":[],"picked":"Accuracy+1","floor":25},{"not_picked":["Predator"],"picked":"SKIP","floor":28},{"not_picked":["Eviscerate+1"],"picked":"SKIP","floor":31},{"not_picked":[],"picked":"A Thousand Cuts","floor":33},{"not_picked":[],"picked":"Blade Dance+1","floor":35},{"not_picked":["Concentrate+1"],"picked":"SKIP","floor":36}],"player_experience":285879,"relics_obtained":[{"floor":6,"key":"Mercury Hourglass"},{"floor":9,"key":"Ornamental Fan"},{"floor":23,"key":"MawBank"},{"floor":25,"key":"Old Coin"},{"floor":26,"key":"Tiny Chest"}],"event_choices":[{"damage_healed":0,"gold_gain":0,"player_choice":"Got Potions","damage_taken":0,"max_hp_gain":0,"max_hp_loss":0,"event_name":"Lab","floor":3,"gold_loss":0},{"damage_healed":0,"gold_gain":0,"player_choice":"Success","damage_taken":7,"relics_obtained":["Darkstone Periapt"],"max_hp_gain":0,"max_hp_loss":0,"event_name":"Scrap Ooze","floor":14,"gold_loss":0},{"damage_healed":0,"gold_gain":0,"player_choice":"Inject Mutagens","damage_taken":0,"relics_obtained":["MutagenicStrength"],"max_hp_gain":0,"max_hp_loss":0,"event_name":"Drug Dealer","floor":19,"gold_loss":0},{"damage_healed":0,"gold_gain":0,"player_choice":"Opened","damage_taken":0,"relics_obtained":["Boot"],"max_hp_gain":0,"max_hp_loss":0,"event_name":"The Mausoleum","floor":20,"gold_loss":0},{"damage_healed":0,"gold_gain":0,"player_choice":"Became a vampire","damage_taken":0,"max_hp_gain":0,"max_hp_loss":21,"event_name":"Vampires","floor":22,"gold_loss":0,"cards_obtained":["Bite","Bite","Bite","Bite","Bite"]},{"damage_healed":0,"gold_gain":0,"player_choice":"Gave Potion","damage_taken":0,"relics_obtained":["Blood Vial"],"max_hp_gain":0,"max_hp_loss":0,"event_name":"WeMeetAgain","floor":29,"gold_loss":0}],"is_beta":false,"boss_relics":[{"not_picked":["Ring of the Serpent","Tiny House"],"picked":"Busted Crown"},{"not_picked":["White Beast Statue","Philosopher\u0027s Stone"],"picked":"Black Star"}],"items_purged_floors":[21],"is_endless":false,"potions_floor_spawned":[1,5,11,23,28,33,35,37],"killed_by":"Writhing Mass","ascension_level":7}