{"gold_per_floor":[119,119,138,45,45,45,78,95,119,134,134,165,175,201,201,296,296,310,585,97,112,130,144,144,175,254,254,254,285,285,300,300,396,396,412,425,425,128,128,128,128,78,102,131,131,131,149,166,166,166],"floor_reached":51,"playtime":2343,"items_purged":["Regret","Defend_B","Strike_B"],"score":1208,"play_id":"c8412f47-336d-46ba-8bee-820caa5afb34","local_time":"20190205220403","is_ascension_mode":true,"campfire_choices":[{"data":"Blizzard","floor":6.0,"key":"SMITH"},{"data":"Chill","floor":11.0,"key":"SMITH"},{"floor":15.0,"key":"REST"},{"data":"Echo Form","floor":24.0,"key":"SMITH"},{"data":"Creative AI","floor":28.0,"key":"SMITH"},{"data":"Blizzard","floor":30.0,"key":"SMITH"},{"data":"Dualcast","floor":32.0,"key":"SMITH"},{"data":"Coolheaded","floor":40.0,"key":"SMITH"},{"data":"Coolheaded","floor":46,"key":"SMITH"},{"data":"Go for the Eyes","floor":49,"key":"SMITH"}],"neow_cost":"NONE","seed_source_timestamp":0,"circlet_count":0,"master_deck":["AscendersBane","Strike_B","Strike_B","Defend_B","Defend_B","Defend_B","Zap","Dualcast+1","Cold Snap","Blizzard+1","Coolheaded+1","Go for the Eyes+1","Cold Snap","Coolheaded+1","Chill+1","Echo Form+1","Capacitor","Creative AI+1","Defragment+1","Glacier","Bandage Up","Blizzard+1","Core Surge","Parasite","Seek"],"special_seed":0,"relics":["Cracked Core","NeowsBlessing","CultistMask","Smiling Mask","Art of War","Dream Catcher","Question Card","Eternal Feather","Thread and Needle","Centennial Puzzle","Gremlin Horn","WingedGreaves","Bronze Scales","Sozu","Bottled Tornado","Pen Nib","The Courier","Blue Candle"],"potions_floor_usage":[44],"damage_taken":[{"damage":0.0,"enemies":"Cultist","floor":1.0,"turns":1.0},{"damage":0.0,"enemies":"2 Louse","floor":3.0,"turns":1.0},{"damage":0.0,"enemies":"Gremlin Nob","floor":7.0,"turns":1.0},{"damage":5.0,"enemies":"Jaw Worm","floor":8.0,"turns":3.0},{"damage":20.0,"enemies":"Lots of Slimes","floor":10.0,"turns":3.0},{"damage":6.0,"enemies":"Lagavulin","floor":12.0,"turns":6.0},{"damage":0.0,"enemies":"Exordium Thugs","floor":13.0,"turns":5.0},{"damage":27.0,"enemies":"Gremlin Nob","floor":14.0,"turns":6.0},{"damage":37.0,"enemies":"Slime Boss","floor":16.0,"turns":10.0},{"damage":10.0,"enemies":"2 Thieves","floor":18.0,"turns":5.0},{"damage":0.0,"enemies":"Shell Parasite","floor":21.0,"turns":9.0},{"damage":4.0,"enemies":"Centurion and Healer","floor":22.0,"turns":10.0},{"damage":6.0,"enemies":"Chosen and Byrds","floor":23.0,"turns":9.0},{"damage":20.0,"enemies":"Slavers","floor":25.0,"turns":8.0},{"damage":46.0,"enemies":"Book of Stabbing","floor":29.0,"turns":9.0},{"damage":5.0,"enemies":"Shelled Parasite and Fungi","floor":31.0,"turns":5.0},{"damage":14.0,"enemies":"Champ","floor":33.0,"turns":9.0},{"damage":6.0,"enemies":"3 Darklings","floor":35.0,"turns":4.0},{"damage":9.0,"enemies":"Orb Walker","floor":36.0,"turns":3.0},{"damage":11,"enemies":"Giant Head","floor":44,"turns":9},{"damage":12,"enemies":"Writhing Mass","floor":47,"turns":6},{"damage":16,"enemies":"3 Darklings","floor":48,"turns":4},{"damage":42,"enemies":"Time Eater","floor":50,"turns":9}],"seed_played":"-7472941093259118371","potions_obtained":[{"floor":3.0,"key":"Swift Potion"},{"floor":12.0,"key":"Weak Potion"},{"floor":13.0,"key":"Regen Potion"},{"floor":14.0,"key":"Energy Potion"},{"floor":18.0,"key":"Regen Potion"},{"floor":21.0,"key":"Poison Potion"},{"floor":25.0,"key":"Ancient Potion"},{"floor":33.0,"key":"SkillPotion"}],"is_trial":false,"path_per_floor":["M","?","M","$","?","R","E","M","T","M","R","E","M","E","R","B",null,"M","?","$","M","M","M","R","E","T","T","R","E","R","M","R","B",null,"M","M","?","$","?","R","?","$","T","E","T","R","M","M","R","B",null],"character_chosen":"DEFECT","items_purchased":["Coolheaded","Go for the Eyes","Thread and Needle","Glacier","Bandage Up","Bottled Tornado"],"campfire_rested":1,"item_purchase_floors":[4,4,20,20,20,38],"current_hp_per_floor":[68,68,68,68,61,61,61,56,56,36,36,30,30,18,40,3,57,47,47,47,51,51,64,75,59,59,59,71,29,44,43,58,52,69,67,62,62,62,62,71,71,71,71,60,60,71,67,55,70,32],"gold":166,"neow_bonus":"THREE_ENEMY_KILL","is_prod":false,"is_daily":false,"chose_seed":false,"campfire_upgraded":9,"win_rate":0,"timestamp":1549404243,"path_taken":["M","?","?","$","?","R","E","M","T","M","R","E","M","E","R","BOSS","M","?","$","?","?","M","R","E","T","?","R","E","R","M","R","BOSS","M","?","?","$","?","R","?","$","T","E","?","R","M","M","R","BOSS"],"build_version":"2019-01-23","purchased_purges":3,"victory":true,"max_hp_per_floor":[75,75,75,75,75,75,75,75,75,75,75,75,75,75,75,75,75,75,75,75,75,75,75,75,75,75,75,75,75,75,75,75,75,75,75,75,71,71,71,71,71,71,71,71,71,71,71,71,71,71],"card_choices":[{"not_picked":["Hologram","Redo"],"picked":"Cold Snap","floor":1.0},{"not_picked":["Sweeping Beam","Recycle"],"picked":"Blizzard","floor":3.0},{"not_picked":["Beam Cell","Leap"],"picked":"Cold Snap","floor":7.0},{"not_picked":["Aggregate","Skim"],"picked":"Coolheaded","floor":8.0},{"not_picked":["Beam Cell","Hologram"],"picked":"Chill","floor":10.0},{"not_picked":["Stack","Redo"],"picked":"Echo Form","floor":12.0},{"not_picked":["Storm","Doom and Gloom","Blizzard"],"picked":"SKIP","floor":13.0},{"not_picked":["Ball Lightning","Turbo"],"picked":"Beam Cell","floor":14.0},{"not_picked":["Ball Lightning","Gash","Barrage"],"picked":"Capacitor","floor":15.0},{"not_picked":["Reboot","Multi-Cast","Thunder Strike"],"picked":"Creative AI","floor":16.0},{"not_picked":["Leap","Recycle","Steam"],"picked":"Defragment+1","floor":18.0},{"not_picked":["Cold Snap","Go for the Eyes","Ball Lightning","Gash"],"picked":"SKIP","floor":21.0},{"not_picked":["Beam Cell","Rebound","Hello World+1","Cold Snap+1"],"picked":"SKIP","floor":22.0},{"not_picked":["Skim","Redo","Force Field","Stack"],"picked":"SKIP","floor":23.0},{"not_picked":["Auto Shields","Ball Lightning","Sunder","Leap"],"picked":"SKIP","floor":25.0},{"not_picked":["Beam Cell","Sweeping Beam","Buffer"],"picked":"Blizzard","floor":29.0},{"not_picked":["Cold Snap","Coolheaded","Barrage","Redo"],"picked":"SKIP","floor":31.0},{"not_picked":["Creative AI","Biased Cognition","All For One"],"picked":"Core Surge","floor":33.0},{"not_picked":["Go for the Eyes","Compile Driver","Force Field+1","Hologram"],"picked":"SKIP","floor":35.0},{"not_picked":["Conserve Battery","Self Repair","Go for the Eyes+1","Scrape"],"picked":"SKIP","floor":36.0},{"not_picked":["Thunder Strike","Gash+1","Redo","Conserve Battery+1"],"picked":"SKIP","floor":44},{"not_picked":["Reprogram","Coolheaded","Recycle"],"picked":"Seek","floor":47},{"not_picked":["Cold Snap","Barrage","Genetic Algorithm","Go for the Eyes+1"],"picked":"SKIP","floor":48}],"player_experience":562489,"relics_obtained":[{"floor":7.0,"key":"Smiling Mask"},{"floor":9.0,"key":"Art of War"},{"floor":12.0,"key":"Dream Catcher"},{"floor":14.0,"key":"Question Card"},{"floor":25.0,"key":"Centennial Puzzle"},{"floor":26.0,"key":"Gremlin Horn"},{"floor":27.0,"key":"WingedGreaves"},{"floor":29.0,"key":"Bronze Scales"},{"floor":43,"key":"Pen Nib"},{"floor":44,"key":"The Courier"},{"floor":45,"key":"Blue Candle"}],"event_choices":[{"damage_healed":0.0,"max_hp_gain":0.0,"max_hp_loss":0.0,"gold_gain":0.0,"event_name":"FaceTrader","player_choice":"Trade","floor":2.0,"gold_loss":0.0,"damage_taken":0.0,"relics_obtained":["CultistMask"]},{"cards_removed":["Strike_B"],"damage_healed":0.0,"max_hp_gain":0.0,"max_hp_loss":0.0,"gold_gain":0.0,"event_name":"Golden Wing","player_choice":"Card Removal","floor":5.0,"gold_loss":0.0,"damage_taken":7.0},{"damage_healed":0.0,"max_hp_gain":0.0,"max_hp_loss":0.0,"gold_gain":275.0,"event_name":"Golden Shrine","player_choice":"Desecrate","floor":19.0,"gold_loss":0.0,"damage_taken":0.0,"cards_obtained":["Regret"]},{"damage_healed":0.0,"max_hp_gain":0.0,"max_hp_loss":4.0,"gold_gain":0.0,"event_name":"Winding Halls","player_choice":"Max HP","floor":37.0,"gold_loss":0.0,"damage_taken":0.0},{"cards_removed":["Beam Cell"],"damage_healed":0.0,"max_hp_gain":0.0,"max_hp_loss":0.0,"gold_gain":0.0,"event_name":"Falling","player_choice":"Removed Attack","floor":39.0,"gold_loss":0.0,"damage_taken":0.0},{"damage_healed":0,"gold_gain":0,"player_choice":"Ignored","damage_taken":0,"max_hp_gain":0,"max_hp_loss":0,"event_name":"Mysterious Sphere","floor":41,"gold_loss":0}],"is_beta":true,"boss_relics":[{"not_picked":["Lizard Tail","Inserter"],"picked":"Eternal Feather"},{"not_picked":["Orrery","Pandora\u0027s Box"],"picked":"Sozu"}],"items_purged_floors":[20,38,42],"is_endless":false,"potions_floor_spawned":[3,12,13,14,18,21,25,33,35,36,48],"ascension_level":12}