{"gold_per_floor":[111,26,101,0,12,12,88,88,165,165,184,25,85,85,85,159,159,171,171,86,60,17,17,31,60,60,60,76,76,0,0,0,78,78,91,366,383,396,406,406,439,439,439,65,65,0,0,18,18,18,18],"floor_reached":52,"playtime":2822,"items_purged":["Defend_B","Strike_B","Defend_B"],"score":2193,"play_id":"e127894b-7ade-404c-8810-7198c53a54b8","local_time":"20190202235357","is_ascension_mode":true,"campfire_choices":[{"data":"Hologram","floor":6.0,"key":"SMITH"},{"data":"Zap","floor":8.0,"key":"SMITH"},{"data":"Dualcast","floor":10.0,"key":"SMITH"},{"data":"Defragment","floor":15,"key":"SMITH"},{"data":"Hologram","floor":23,"key":"SMITH"},{"floor":29,"key":"REST"},{"data":"Hologram","floor":32,"key":"SMITH"},{"data":"Coolheaded","floor":40,"key":"SMITH"},{"data":"Reinforced Body","floor":42,"key":"SMITH"},{"floor":45,"key":"REST"},{"data":"Glacier","floor":47,"key":"SMITH"},{"data":"Stack","floor":49,"key":"SMITH"}],"neow_cost":"NONE","seed_source_timestamp":74429121060849,"circlet_count":0,"master_deck":["AscendersBane","Defend_B","Zap+1","Dualcast+1","Lockon+1","Consume+1","Turbo+1","Cold Snap","Hologram+1","Stack+1","Coolheaded+1","Auto Shields","Hologram+1","Steam","Defragment+1","Echo Form","Sunder+1","Hologram+1","Glacier+1","Streamline","Conserve Battery","Streamline","Hello World","Thunder Strike","Defragment+1","Reinforced Body+1","Sweeping Beam+1","Capacitor+1","All For One","Core Surge","Ball Lightning"],"special_seed":0,"relics":["Astrolabe","Matryoshka","DataDisk","Juzu Bracelet","FossilizedHelix","Snecko Eye","Unceasing Top","Omamori","Smiling Mask","Sundial","Necronomicon","Bottled Lightning","Sozu","Ginger","Bottled Tornado","Red Mask"],"potions_floor_usage":[13,13,33,50,51],"damage_taken":[{"damage":12.0,"enemies":"2 Louse","floor":1.0,"turns":3.0},{"damage":10.0,"enemies":"Jaw Worm","floor":5.0,"turns":3.0},{"damage":0.0,"enemies":"Small Slimes","floor":11.0,"turns":4.0},{"damage":30,"enemies":"Gremlin Nob","floor":13,"turns":6},{"damage":0,"enemies":"The Guardian","floor":16,"turns":14},{"damage":5,"enemies":"Shell Parasite","floor":18,"turns":7},{"damage":0,"enemies":"2 Thieves","floor":21,"turns":4},{"damage":0,"enemies":"Snake Plant","floor":24,"turns":5},{"damage":15,"enemies":"Book of Stabbing","floor":25,"turns":6},{"damage":0,"enemies":"Centurion and Healer","floor":28,"turns":4},{"damage":0,"enemies":"Champ","floor":33,"turns":19},{"damage":0,"enemies":"Orb Walker","floor":35,"turns":3},{"damage":0,"enemies":"3 Darklings","floor":37,"turns":4},{"damage":0,"enemies":"Jaw Worm Horde","floor":38,"turns":7},{"damage":0,"enemies":"Sphere and 2 Shapes","floor":39,"turns":7},{"damage":0,"enemies":"Nemesis","floor":41,"turns":9},{"damage":0,"enemies":"Writhing Mass","floor":48,"turns":8},{"damage":0,"enemies":"Awakened One","floor":50,"turns":12},{"damage":0,"enemies":"Donu and Deca","floor":51,"turns":7}],"seed_played":"7765255852857625075","potions_obtained":[{"floor":1.0,"key":"FocusPotion"},{"floor":5.0,"key":"Strength Potion"},{"floor":25,"key":"FocusPotion"},{"floor":28,"key":"SkillPotion"},{"floor":33,"key":"FocusPotion"}],"is_trial":false,"path_per_floor":["M","$","?","$","M","R","?","R","T","R","M","$","?","T","R","B",null,"M","?","?","M","$","R","M","E","T","?","M","R","$","T","R","B",null,"M","?","M","M","M","R","E","R","T","$","R","?","R","M","R","B","B",null],"character_chosen":"DEFECT","items_purchased":["Hologram","Stack","Coolheaded","Steam","Glacier","Hello World","All For One","Core Surge"],"campfire_rested":2,"item_purchase_floors":[2,2,4,12,22,30,44,44],"current_hp_per_floor":[52,52,41,41,31,31,31,31,31,31,31,31,1,1,1,1,54,49,49,49,49,49,49,49,34,34,13,13,34,34,34,34,34,62,62,62,62,62,62,62,62,62,62,62,71,71,71,71,71,71,71],"gold":18,"neow_bonus":"BOSS_RELIC","is_prod":false,"is_daily":false,"chose_seed":false,"campfire_upgraded":10,"win_rate":0,"timestamp":1549180437,"path_taken":["M","$","?","$","M","R","?","R","T","R","M","$","?","?","R","BOSS","M","?","?","M","$","R","M","E","T","?","M","R","?","?","R","BOSS","M","?","M","M","M","R","E","R","T","$","R","?","R","M","R","BOSS","BOSS"],"build_version":"2019-01-23","purchased_purges":3,"victory":true,"max_hp_per_floor":[71,71,71,71,71,71,71,71,71,71,71,71,71,71,71,71,71,71,71,71,71,71,71,71,71,71,71,71,71,71,71,71,71,71,71,71,71,71,71,71,71,71,71,71,71,71,71,71,71,71,71],"card_choices":[{"not_picked":["Skim","Gash"],"picked":"Cold Snap","floor":1.0},{"not_picked":["Static Discharge","Aggregate"],"picked":"Auto Shields","floor":5.0},{"not_picked":["Redo","Beam Cell"],"picked":"Hologram","floor":11.0},{"not_picked":["Hologram","Go for the Eyes"],"picked":"Defragment","floor":13},{"not_picked":["Biased Cognition","Meteor Strike"],"picked":"Echo Form","floor":16},{"not_picked":["Lockon+1","FTL"],"picked":"Sunder+1","floor":18},{"not_picked":["FTL","Steam+1"],"picked":"Hologram","floor":21},{"not_picked":["Stack","Steam Power"],"picked":"Streamline","floor":24},{"not_picked":["Tempest","Redo+1"],"picked":"Conserve Battery","floor":25},{"not_picked":["Stack","Cold Snap"],"picked":"Streamline","floor":28},{"not_picked":["Biased Cognition","Hyperbeam"],"picked":"Thunder Strike","floor":33},{"not_picked":["Leap","Barrage"],"picked":"Defragment+1","floor":35},{"not_picked":["Cold Snap","Heatsinks"],"picked":"Reinforced Body","floor":38},{"not_picked":["Stack","Cold Snap"],"picked":"Sweeping Beam+1","floor":39},{"not_picked":["Melter","Coolheaded+1"],"picked":"Capacitor+1","floor":41},{"not_picked":["Stack","Doom and Gloom"],"picked":"Ball Lightning","floor":48}],"player_experience":1114455,"relics_obtained":[{"floor":9.0,"key":"Matryoshka"},{"floor":13,"key":"DataDisk"},{"floor":14,"key":"Juzu Bracelet"},{"floor":14,"key":"FossilizedHelix"},{"floor":25,"key":"Omamori"},{"floor":26,"key":"Smiling Mask"},{"floor":26,"key":"Sundial"},{"floor":27,"key":"Necronomicon"},{"floor":31,"key":"Bottled Lightning"},{"floor":41,"key":"Ginger"},{"floor":43,"key":"Bottled Tornado"}],"event_choices":[{"damage_healed":0.0,"max_hp_gain":0.0,"max_hp_loss":0.0,"gold_gain":75.0,"event_name":"World of Goop","player_choice":"Gather Gold","floor":3.0,"gold_loss":0.0,"damage_taken":11.0},{"damage_healed":0.0,"max_hp_gain":0.0,"max_hp_loss":0.0,"gold_gain":76.0,"event_name":"Golden Wing","player_choice":"Gained Gold","floor":7.0,"gold_loss":0.0,"damage_taken":0.0},{"damage_healed":0,"gold_gain":0,"player_choice":"Searched \u00272\u0027 times","damage_taken":0,"max_hp_gain":0,"max_hp_loss":0,"event_name":"Dead Adventurer","floor":13,"gold_loss":0},{"cards_removed":["Strike_B"],"damage_healed":0,"gold_gain":0,"player_choice":"Elegance","damage_taken":0,"max_hp_gain":0,"max_hp_loss":0,"event_name":"Back to Basics","floor":19,"gold_loss":0},{"damage_healed":0,"gold_gain":0,"player_choice":"Obtained Relic","damage_taken":0,"relics_obtained":["Unceasing Top"],"max_hp_gain":0,"max_hp_loss":0,"event_name":"Addict","floor":20,"gold_loss":85},{"damage_healed":0,"gold_gain":0,"player_choice":"Obtained Book","damage_taken":21,"max_hp_gain":0,"max_hp_loss":0,"event_name":"Cursed Tome","floor":27,"gold_loss":0},{"damage_healed":0,"gold_gain":275,"player_choice":"Desecrate","damage_taken":0,"max_hp_gain":0,"max_hp_loss":0,"event_name":"Golden Shrine","floor":36,"gold_loss":0,"cards_obtained":["Regret"]},{"damage_healed":0,"gold_gain":0,"player_choice":"Paid","damage_taken":0,"relics_obtained":["Red Mask"],"max_hp_gain":0,"max_hp_loss":0,"event_name":"Tomb of Lord Red Mask","floor":46,"gold_loss":65}],"is_beta":true,"boss_relics":[{"not_picked":["Empty Cage","Lizard Tail"],"picked":"Snecko Eye"},{"not_picked":["White Beast Statue","Calling Bell"],"picked":"Sozu"}],"items_purged_floors":[4,12,44],"is_endless":false,"potions_floor_spawned":[1,5,25,28,33,37,39,48],"ascension_level":20}