{"gold_per_floor":[115,75,85,95,112,112,112,141,141,141,154,164,189,203,203,203],"floor_reached":16,"playtime":847,"items_purged":[],"score":154,"play_id":"5d8e809c-c9bf-4b8a-b2eb-7f4a518425d2","local_time":"20190106222818","is_ascension_mode":true,"campfire_choices":[{"data":"Buffer","floor":6,"key":"SMITH"},{"data":"Redo","floor":10,"key":"SMITH"},{"floor":15,"key":"REST"}],"neow_cost":"NONE","seed_source_timestamp":349476612568172,"circlet_count":0,"master_deck":["Strike_B","Strike_B","Defend_B","Defend_B","Defend_B","Defend_B","Zap","Dualcast","Buffer+1","Redo+1","Conserve Battery","Cold Snap","Core Surge","Loop","Hologram"],"relics":["Cracked Core","Blue Candle","Letter Opener","Pen Nib"],"potions_floor_usage":[5,11,13,13,16],"damage_taken":[{"damage":0,"enemies":"Jaw Worm","floor":1,"turns":3},{"damage":0,"enemies":"Cultist","floor":3,"turns":3},{"damage":0,"enemies":"Small Slimes","floor":4,"turns":3},{"damage":6,"enemies":"3 Louse","floor":5,"turns":5},{"damage":4,"enemies":"Lagavulin","floor":8,"turns":8},{"damage":11,"enemies":"Exordium Thugs","floor":11,"turns":4},{"damage":5,"enemies":"2 Fungi Beasts","floor":12,"turns":3},{"damage":14,"enemies":"3 Sentries","floor":13,"turns":6},{"damage":0,"enemies":"Exordium Wildlife","floor":14,"turns":4},{"damage":60,"enemies":"Hexaghost","floor":16,"turns":14}],"seed_played":"4170042470529494332","potions_obtained":[{"floor":2,"key":"Ancient Potion"},{"floor":2,"key":"FairyPotion"},{"floor":2,"key":"LiquidBronze"},{"floor":4,"key":"SkillPotion"},{"floor":8,"key":"FearPotion"},{"floor":11,"key":"Dexterity Potion"},{"floor":14,"key":"Swift Potion"}],"is_trial":false,"path_per_floor":["M","?","M","M","M","R","?","E","T","R","M","M","E","M","R","B"],"character_chosen":"DEFECT","items_purchased":[],"campfire_rested":1,"item_purchase_floors":[],"current_hp_per_floor":[68,68,68,68,62,62,55,51,51,51,40,35,21,21,43,0],"gold":203,"neow_bonus":"TRANSFORM_CARD","is_prod":false,"is_daily":false,"chose_seed":false,"campfire_upgraded":2,"win_rate":0,"timestamp":1546813698,"path_taken":["M","?","M","?","M","R","?","E","T","R","M","M","E","M","R","BOSS"],"build_version":"2019-01-03v4","purchased_purges":0,"victory":false,"max_hp_per_floor":[75,75,75,75,75,75,75,75,75,75,75,75,75,75,75,75],"card_choices":[{"not_picked":["Gash","Rebound"],"picked":"Redo","floor":1},{"not_picked":["Ball Lightning","Streamline"],"picked":"Conserve Battery","floor":3},{"not_picked":["Redo","Stack"],"picked":"Cold Snap","floor":4},{"not_picked":["Gash","Go for the Eyes","Rebound"],"picked":"SKIP","floor":5},{"not_picked":["Fusion","Cold Snap"],"picked":"Core Surge","floor":8},{"not_picked":["Rebound","Heatsinks","Conserve Battery"],"picked":"SKIP","floor":11},{"not_picked":["Melter","Streamline","Leap"],"picked":"SKIP","floor":12},{"not_picked":["Rebound","Fission"],"picked":"Loop","floor":13},{"not_picked":["Leap","Blizzard"],"picked":"Hologram","floor":14}],"player_experience":376118,"relics_obtained":[{"floor":8,"key":"Blue Candle"},{"floor":9,"key":"Letter Opener"},{"floor":13,"key":"Pen Nib"}],"event_choices":[{"damage_healed":0,"gold_gain":0,"player_choice":"Bought 3 Potions","damage_taken":0,"max_hp_gain":0,"max_hp_loss":0,"event_name":"The Woman in Blue","floor":2,"gold_loss":0},{"cards_removed":["Strike_B"],"damage_healed":0,"gold_gain":0,"player_choice":"Card Removal","damage_taken":7,"max_hp_gain":0,"max_hp_loss":0,"event_name":"Golden Wing","floor":7,"gold_loss":0}],"is_beta":true,"boss_relics":[],"items_purged_floors":[],"is_endless":false,"potions_floor_spawned":[4,8,11,14],"killed_by":"Hexaghost","ascension_level":7}