{"gold_per_floor":[111,111,111,124,124,124,147,147,174,188,232,12,36,52,52,180,180,204,159,258,383,239,239],"floor_reached":23,"playtime":721,"items_purged":[],"score":227,"play_id":"1590d257-dfa2-40a9-93a0-25834a49d220","local_time":"20190206143520","is_ascension_mode":true,"campfire_choices":[{"data":"Searing Blow","floor":6,"key":"SMITH"},{"data":"Searing Blow+1","floor":8,"key":"SMITH"},{"data":"Searing Blow+2","floor":15,"key":"SMITH"}],"neow_cost":"NONE","seed_source_timestamp":2843565167244,"circlet_count":0,"master_deck":["Strike_R","Strike_R","Strike_R","Strike_R","Defend_R","Defend_R","Defend_R","Defend_R","Bash","Sentinel","Searing Blow+3","Flex","Spot Weakness","Metallicize","Headbutt","Double Tap","Armaments"],"relics":["Burning Blood","Vajra","Golden Idol","Pen Nib","Ancient Tea Set","Bag of Marbles","Red Skull","Mark of Pain","Girya","Gremlin Horn","Oddly Smooth Stone"],"potions_floor_usage":[11,16,16],"damage_taken":[{"damage":6,"enemies":"Cultist","floor":1,"turns":3},{"damage":9,"enemies":"Small Slimes","floor":4,"turns":5},{"damage":0,"enemies":"2 Louse","floor":7,"turns":3},{"damage":5,"enemies":"2 Fungi Beasts","floor":10,"turns":3},{"damage":20,"enemies":"Lagavulin","floor":11,"turns":3},{"damage":1,"enemies":"Looter","floor":13,"turns":5},{"damage":0,"enemies":"Blue Slaver","floor":14,"turns":1},{"damage":26,"enemies":"Slime Boss","floor":16,"turns":6},{"damage":12,"enemies":"Chosen","floor":18,"turns":3},{"damage":37,"enemies":"Colosseum Slavers","floor":21,"turns":4},{"damage":7,"enemies":"Colosseum Nobs","floor":21,"turns":3},{"damage":52,"enemies":"Slavers","floor":23,"turns":4}],"seed_played":"8890325311122846160","potions_obtained":[{"floor":1,"key":"LiquidBronze"},{"floor":7,"key":"Fire Potion"},{"floor":11,"key":"Swift Potion"},{"floor":13,"key":"Explosive Potion"}],"is_trial":false,"path_per_floor":["M","?","?","M","?","R","M","R","T","M","E","$","M","M","R","B",null,"M","$","?","?","$","E"],"character_chosen":"IRONCLAD","items_purchased":["Red Skull","Metallicize","Armaments","Oddly Smooth Stone"],"campfire_rested":0,"item_purchase_floors":[12,12,19,22],"current_hp_per_floor":[80,60,53,50,38,38,44,44,44,45,31,31,36,42,42,22,80,74,74,74,42,42,0],"gold":239,"neow_bonus":"RANDOM_COMMON_RELIC","is_prod":false,"is_daily":false,"chose_seed":false,"campfire_upgraded":3,"win_rate":0,"timestamp":1549460120,"path_taken":["M","?","?","M","?","R","M","R","T","M","E","$","M","M","R","BOSS","M","$","?","?","$","E"],"build_version":"2019-01-23","purchased_purges":0,"victory":false,"max_hp_per_floor":[80,80,80,80,80,80,80,80,80,80,80,80,80,80,80,80,80,80,80,80,80,80,80],"card_choices":[{"not_picked":["Pommel Strike","Disarm"],"picked":"Sentinel","floor":1},{"not_picked":["Headbutt","Sword Boomerang"],"picked":"Searing Blow","floor":4},{"not_picked":["Pummel","Burning Pact"],"picked":"Flex","floor":7},{"not_picked":["Disarm","Clothesline"],"picked":"Spot Weakness","floor":10},{"not_picked":["Immolate","Wild Strike","Heavy Blade"],"picked":"SKIP","floor":11},{"not_picked":["Clothesline","Thunderclap"],"picked":"Headbutt","floor":13},{"not_picked":["Iron Wave","Heavy Blade","Wild Strike"],"picked":"SKIP","floor":14},{"not_picked":["Dark Embrace","Offering"],"picked":"Double Tap","floor":16},{"not_picked":["Cleave","Perfected Strike+1","Pommel Strike"],"picked":"SKIP","floor":18}],"player_experience":219788,"relics_obtained":[{"floor":9,"key":"Ancient Tea Set"},{"floor":11,"key":"Bag of Marbles"},{"floor":21,"key":"Girya"},{"floor":21,"key":"Gremlin Horn"}],"event_choices":[{"damage_healed":0,"gold_gain":0,"player_choice":"Take Damage","damage_taken":20,"relics_obtained":["Golden Idol"],"max_hp_gain":0,"max_hp_loss":0,"event_name":"Golden Idol","floor":2,"gold_loss":0},{"cards_removed":["Strike_R"],"damage_healed":0,"gold_gain":0,"player_choice":"Card Removal","damage_taken":7,"max_hp_gain":0,"max_hp_loss":0,"event_name":"Golden Wing","floor":3,"gold_loss":0},{"damage_healed":0,"gold_gain":0,"player_choice":"Success","damage_taken":12,"relics_obtained":["Pen Nib"],"max_hp_gain":0,"max_hp_loss":0,"event_name":"Scrap Ooze","floor":5,"gold_loss":0},{"damage_healed":0,"gold_gain":99,"player_choice":"Stole From Cult","damage_taken":0,"max_hp_gain":0,"max_hp_loss":0,"event_name":"Nest","floor":20,"gold_loss":0},{"damage_healed":0,"gold_gain":0,"player_choice":"Fight","damage_taken":0,"max_hp_gain":0,"max_hp_loss":0,"event_name":"Colosseum","floor":21,"gold_loss":0},{"damage_healed":0,"gold_gain":0,"player_choice":"Fought Nobs","damage_taken":0,"max_hp_gain":0,"max_hp_loss":0,"event_name":"Colosseum","floor":21,"gold_loss":0}],"is_beta":false,"boss_relics":[{"not_picked":["Runic Cube","Pandora\u0027s Box"],"picked":"Mark of Pain"}],"items_purged_floors":[],"is_endless":false,"potions_floor_spawned":[1,7,11,13],"killed_by":"Slavers","ascension_level":4}