{"gold_per_floor":[110,410,421,421,421,450,469,469,469,33,47,47,78,89,89,187,187,198,130,130,130,147,147,157,157,157,157,35,52,66,85,85,183,183,197,23,41,41,141,141,153,186,186,6,6,25,43,94,94,94],"floor_reached":50,"playtime":2684,"items_purged":["Strike_R","Pain"],"score":760,"play_id":"2c192be6-9d1e-4cfb-880d-f7257aa5d15e","local_time":"20190123043408","is_ascension_mode":true,"campfire_choices":[{"floor":8,"key":"REST"},{"floor":15,"key":"REST"},{"data":"Armaments","floor":23,"key":"SMITH"},{"data":"True Grit","floor":27,"key":"SMITH"},{"data":"Barricade","floor":32,"key":"SMITH"},{"floor":40,"key":"REST"},{"data":"Apotheosis","floor":49,"key":"SMITH"}],"neow_cost":"TEN_PERCENT_HP_LOSS","seed_source_timestamp":1079188765330578,"circlet_count":0,"master_deck":["Strike_R","Defend_R","Defend_R","Defend_R","Bash","Thinking Ahead","Trip","Metallicize","Cleave","Dropkick","Metamorphosis","Disarm","Clash","Flex","Barricade+1","Reaper+1","Power Through+1","Entrench+1","Intimidate","Feel No Pain","Armaments+1","True Grit+1","Body Slam","Shrug It Off","Demon Form","Flame Barrier+1","Apotheosis+1","Warcry+1","Second Wind+1","Corruption","Battle Trance","Battle Trance"],"relics":["Burning Blood","Old Coin","Turnip","Ornamental Fan","Question Card","Kunai","Mercury Hourglass","Astrolabe","WarpedTongs","Pear","Philosopher\u0027s Stone","Mango","Sundial","Bottled Lightning","Vajra"],"potions_floor_usage":[13,18,33,33,33],"damage_taken":[{"damage":1,"enemies":"Cultist","floor":1,"turns":4},{"damage":2,"enemies":"Jaw Worm","floor":3,"turns":5},{"damage":50,"enemies":"Lagavulin","floor":6,"turns":9},{"damage":8,"enemies":"Small Slimes","floor":7,"turns":4},{"damage":2,"enemies":"Blue Slaver","floor":11,"turns":4},{"damage":11,"enemies":"Gremlin Nob","floor":13,"turns":5},{"damage":0,"enemies":"Lots of Slimes","floor":14,"turns":3},{"damage":25,"enemies":"The Guardian","floor":16,"turns":12},{"damage":16,"enemies":"2 Thieves","floor":18,"turns":4},{"damage":3,"enemies":"Chosen","floor":22,"turns":5},{"damage":41,"enemies":"3 Cultists","floor":24,"turns":6},{"damage":19,"enemies":"Centurion and Healer","floor":29,"turns":10},{"damage":0,"enemies":"Snecko","floor":30,"turns":7},{"damage":5,"enemies":"Sentry and Sphere","floor":31,"turns":8},{"damage":53,"enemies":"Collector","floor":33,"turns":12},{"damage":35,"enemies":"3 Darklings","floor":35,"turns":5},{"damage":19,"enemies":"Orb Walker","floor":37,"turns":5},{"damage":2,"enemies":"Mind Bloom Boss Battle","floor":39,"turns":6},{"damage":53,"enemies":"4 Shapes","floor":41,"turns":5},{"damage":43,"enemies":"Nemesis","floor":42,"turns":11},{"damage":0,"enemies":"Maw","floor":46,"turns":6},{"damage":5,"enemies":"3 Darklings","floor":47,"turns":5},{"damage":57,"enemies":"Awakened One","floor":50,"turns":5}],"seed_played":"-3281873971232111598","potions_obtained":[{"floor":11,"key":"Weak Potion"},{"floor":16,"key":"SteroidPotion"},{"floor":24,"key":"PowerPotion"},{"floor":29,"key":"Dexterity Potion"},{"floor":31,"key":"LiquidBronze"},{"floor":37,"key":"FearPotion"},{"floor":47,"key":"FearPotion"}],"is_trial":false,"path_per_floor":["T","?","?","$","M","?","?","?","M","?","?","$","?","M","T"],"character_chosen":"IRONCLAD","items_purchased":["Kunai","Metamorphosis","Feel No Pain","Shrug It Off","Apotheosis","Corruption"],"campfire_rested":3,"item_purchase_floors":[10,10,19,28,36,44],"current_hp_per_floor":[72,72,72,65,58,14,12,33,33,33,37,37,32,38,59,40,64,66,66,66,66,69,69,44,44,54,54,54,55,66,71,71,24,68,39,39,26,26,44,71,44,7,7,7,7,38,53,53,53,0],"gold":94,"neow_bonus":"RANDOM_COLORLESS_2","is_prod":false,"is_daily":false,"chose_seed":false,"campfire_upgraded":4,"win_rate":0,"timestamp":1548218048,"path_taken":["M","?","M","?","?","E","M","R","T","?","M","$","E","?","R","BOSS","M","$","?","?","M","R","M","?","T","R","$","M","?","M","R","BOSS","M","$","M","?","?","R","M","E","T","?","?","M","?","?","R","BOSS"],"build_version":"2019-01-22","purchased_purges":2,"victory":false,"max_hp_per_floor":[72,72,72,72,72,72,72,72,72,72,72,72,72,72,72,72,72,72,72,72,72,72,72,72,72,82,82,82,82,82,82,82,82,82,82,82,82,78,92,92,92,92,92,92,92,92,92,92,92,92],"card_choices":[{"not_picked":["Pommel Strike","Havoc"],"picked":"Metallicize","floor":1},{"not_picked":["Second Wind","Clothesline"],"picked":"Cleave","floor":3},{"not_picked":["Flame Barrier","Body Slam"],"picked":"Metallicize","floor":6},{"not_picked":["Havoc","Pommel Strike"],"picked":"Dropkick","floor":7},{"not_picked":["Clothesline","Burning Pact","Carnage"],"picked":"Disarm","floor":11},{"not_picked":["Fiend Fire","Sword Boomerang","Hemokinesis"],"picked":"Clash","floor":13},{"not_picked":["Headbutt","Cleave","Power Through"],"picked":"Flex","floor":14},{"not_picked":["Berserk","Brutality","Limit Break"],"picked":"Barricade","floor":16},{"not_picked":["Thunderclap","Pommel Strike","Seeing Red"],"picked":"Intimidate","floor":18},{"not_picked":["Warcry","Clothesline","Shrug It Off"],"picked":"True Grit","floor":22},{"not_picked":["Clash","Iron Wave","Havoc"],"picked":"Body Slam","floor":24},{"not_picked":["Wild Strike","Clash","Carnage","Power Through+1"],"picked":"SKIP","floor":29},{"not_picked":["Shockwave","Feel No Pain+1","Entrench"],"picked":"Demon Form","floor":30},{"not_picked":["Havoc","Inflame","Sword Boomerang"],"picked":"Flame Barrier+1","floor":31},{"not_picked":["Warcry","Flame Barrier","Headbutt","Shrug It Off"],"picked":"SKIP","floor":35},{"not_picked":["Battle Trance","Armaments+1","Cleave"],"picked":"Warcry+1","floor":37},{"not_picked":["Flex","Anger+1","Perfected Strike"],"picked":"Second Wind+1","floor":41},{"not_picked":["Carnage+1","Headbutt","Combust","Perfected Strike+1"],"picked":"SKIP","floor":42},{"not_picked":["Warcry+1","Flame Barrier+1","Sentinel"],"picked":"Battle Trance","floor":46},{"not_picked":["Iron Wave+1","Flex","Exhume"],"picked":"Battle Trance","floor":47}],"player_experience":454169,"relics_obtained":[{"floor":2,"key":"Old Coin"},{"floor":6,"key":"Ornamental Fan"},{"floor":9,"key":"Question Card"},{"floor":13,"key":"Mercury Hourglass"},{"floor":26,"key":"Pear"},{"floor":39,"key":"Mango"},{"floor":42,"key":"Sundial"},{"floor":43,"key":"Bottled Lightning"},{"floor":48,"key":"Vajra"}],"event_choices":[{"cards_removed":["Strike_R"],"damage_healed":0,"gold_gain":0,"player_choice":"Card Removal","damage_taken":7,"max_hp_gain":0,"max_hp_loss":0,"event_name":"Golden Wing","floor":4,"gold_loss":0},{"damage_healed":0,"gold_gain":0,"player_choice":"Success","damage_taken":7,"relics_obtained":["Turnip"],"max_hp_gain":0,"max_hp_loss":0,"event_name":"Scrap Ooze","floor":5,"gold_loss":0},{"damage_healed":0,"gold_gain":0,"player_choice":"Read","damage_taken":0,"max_hp_gain":0,"max_hp_loss":0,"event_name":"The Library","floor":20,"gold_loss":0,"cards_obtained":["Armaments"]},{"damage_healed":0,"gold_gain":0,"player_choice":"Ignored","damage_taken":0,"max_hp_gain":0,"max_hp_loss":0,"event_name":"Vampires","floor":21,"gold_loss":0},{"damage_healed":0,"gold_gain":0,"player_choice":"Rummage","damage_taken":0,"relics_obtained":["WarpedTongs"],"max_hp_gain":0,"max_hp_loss":0,"event_name":"Accursed Blacksmith","floor":25,"gold_loss":0,"cards_obtained":["Pain"]},{"damage_healed":0,"gold_gain":0,"player_choice":"Max HP","damage_taken":0,"max_hp_gain":0,"max_hp_loss":4,"event_name":"Winding Halls","floor":38,"gold_loss":0},{"damage_healed":0,"gold_gain":0,"player_choice":"Fight","damage_taken":0,"max_hp_gain":0,"max_hp_loss":0,"event_name":"MindBloom","floor":39,"gold_loss":0},{"cards_removed":["Metallicize"],"damage_healed":0,"gold_gain":0,"player_choice":"Removed Power","damage_taken":0,"max_hp_gain":0,"max_hp_loss":0,"event_name":"Falling","floor":45,"gold_loss":0}],"is_beta":true,"boss_relics":[{"not_picked":["Snecko Eye","Runic Pyramid"],"picked":"Astrolabe"},{"not_picked":["Orrery","Calling Bell"],"picked":"Philosopher\u0027s Stone"}],"items_purged_floors":[28,44],"is_endless":false,"potions_floor_spawned":[11,16,24,29,31,37,47],"killed_by":"Awakened One","ascension_level":8}