{"gold_per_floor":[114,114,127,146,99,99,174,174,174,192,207,241,241,253,253,355,355,372,147,246,246,17,51,51,51],"floor_reached":25,"playtime":875,"items_purged":["Shame"],"score":263,"play_id":"512ce24b-2e7b-435d-8346-4bd363a90cae","local_time":"20190207205355","is_ascension_mode":true,"campfire_choices":[{"data":"Armaments","floor":6,"key":"SMITH"},{"data":"Uppercut","floor":8,"key":"SMITH"},{"floor":13,"key":"REST"},{"floor":15,"key":"REST"},{"data":"Searing Blow","floor":24,"key":"SMITH"}],"neow_cost":"CURSE","seed_source_timestamp":19685653764461,"circlet_count":0,"master_deck":["Strike_R","Strike_R","Strike_R","Strike_R","Strike_R","Defend_R","Defend_R+1","Defend_R+1","Defend_R","Bash+1","Shame","Juggernaut","Iron Wave","Seeing Red","Uppercut+1","Armaments+1","Flex","Demon Form","Infernal Blade","Feed","Ghostly Armor","Disarm+1","Searing Blow+1"],"relics":["Burning Blood","Bottled Tornado","Pear","Velvet Choker","Anchor","Orichalcum","War Paint","Bottled Lightning"],"potions_floor_usage":[12,12,16],"damage_taken":[{"damage":17,"enemies":"Jaw Worm","floor":1,"turns":5},{"damage":9,"enemies":"2 Louse","floor":3,"turns":3},{"damage":4,"enemies":"Cultist","floor":4,"turns":4},{"damage":13,"enemies":"Looter","floor":10,"turns":4},{"damage":5,"enemies":"Exordium Wildlife","floor":11,"turns":3},{"damage":28,"enemies":"Gremlin Nob","floor":12,"turns":4},{"damage":26,"enemies":"Exordium Thugs","floor":14,"turns":4},{"damage":42,"enemies":"Hexaghost","floor":16,"turns":10},{"damage":4,"enemies":"Chosen","floor":18,"turns":4},{"damage":56,"enemies":"Slavers","floor":23,"turns":8},{"damage":51,"enemies":"Gremlin Leader","floor":25,"turns":4}],"seed_played":"-4645099551038392283","potions_obtained":[{"floor":1,"key":"PowerPotion"},{"floor":10,"key":"AttackPotion"},{"floor":14,"key":"Dexterity Potion"}],"is_trial":false,"path_per_floor":["M","?","M","M","$","R","?","R","T","M","M","E","R","M","R","B",null,"M","$","?","?","$","E","R","E"],"character_chosen":"IRONCLAD","items_purchased":["Armaments","Anchor","Disarm","War Paint"],"campfire_rested":2,"item_purchase_floors":[5,19,19,22],"current_hp_per_floor":[69,53,50,52,52,52,41,41,41,34,35,23,50,30,57,21,90,90,90,90,90,90,43,43,0],"gold":51,"neow_bonus":"THREE_RARE_CARDS","is_prod":false,"is_daily":false,"chose_seed":false,"campfire_upgraded":3,"win_rate":0,"timestamp":1549569235,"path_taken":["M","?","M","M","$","R","?","R","T","?","M","E","R","M","R","BOSS","M","$","?","?","$","E","R","E"],"build_version":"2019-01-23","purchased_purges":1,"victory":false,"max_hp_per_floor":[80,80,80,80,80,80,80,80,80,80,80,90,90,90,90,90,90,90,90,90,90,90,93,93,93],"card_choices":[{"not_picked":["Immolate","Offering"],"picked":"Juggernaut","floor":0},{"not_picked":["Pommel Strike","Wild Strike"],"picked":"Iron Wave","floor":1},{"not_picked":["Thunderclap","Reckless Charge"],"picked":"Seeing Red","floor":3},{"not_picked":["Cleave","Clothesline"],"picked":"Uppercut","floor":4},{"not_picked":["Perfected Strike","Pommel Strike"],"picked":"Flex","floor":10},{"not_picked":["Headbutt","Sword Boomerang"],"picked":"Demon Form","floor":11},{"not_picked":["Shockwave","Offering"],"picked":"Infernal Blade","floor":12},{"not_picked":["Thunderclap","Armaments","Intimidate"],"picked":"SKIP","floor":14},{"not_picked":["Limit Break","Offering"],"picked":"Feed","floor":16},{"not_picked":["Disarm","Pommel Strike"],"picked":"Ghostly Armor","floor":18},{"not_picked":["Armaments","True Grit"],"picked":"Searing Blow","floor":23}],"player_experience":237719,"relics_obtained":[{"floor":9,"key":"Bottled Tornado"},{"floor":12,"key":"Pear"},{"floor":23,"key":"Bottled Lightning"}],"event_choices":[{"damage_healed":0,"gold_gain":0,"player_choice":"Entered Light","damage_taken":16,"max_hp_gain":0,"max_hp_loss":0,"event_name":"Shining Light","floor":2,"gold_loss":0,"cards_upgraded":["Bash","Defend_R"]},{"damage_healed":0,"gold_gain":75,"player_choice":"Gather Gold","damage_taken":11,"max_hp_gain":0,"max_hp_loss":0,"event_name":"World of Goop","floor":7,"gold_loss":0},{"damage_healed":0,"gold_gain":99,"player_choice":"Stole From Cult","damage_taken":0,"max_hp_gain":0,"max_hp_loss":0,"event_name":"Nest","floor":20,"gold_loss":0},{"damage_healed":0,"gold_gain":0,"player_choice":"Stole Relic","damage_taken":0,"relics_obtained":["Orichalcum"],"max_hp_gain":0,"max_hp_loss":0,"event_name":"Addict","floor":21,"gold_loss":0,"cards_obtained":["Shame"]}],"is_beta":false,"boss_relics":[{"not_picked":["Runic Dome","Ectoplasm"],"picked":"Velvet Choker"}],"items_purged_floors":[22],"is_endless":false,"potions_floor_spawned":[1,10,14],"killed_by":"Gremlin Leader","ascension_level":4}