{"path_per_floor":["M","M","?","M","M","R","M","R","T","?","M","$","M","?","R","B",null,"M","$","?","M","M"],"character_chosen":"DEFECT","items_purchased":["Deep Breath","Flash of Steel"],"gold_per_floor":[14,30,30,41,57,57,75,75,75,75,91,31,41,41,41,145,145,161,15,15,30,45,45],"floor_reached":23,"campfire_rested":1,"playtime":753,"current_hp_per_floor":[75,74,74,73,71,71,64,64,64,49,49,49,48,48,70,42,75,60,60,60,42,29,0],"items_purged":["Defend_B"],"gold":45,"score":185,"play_id":"3f181264-e2cd-4915-82d9-f6045bfb5919","local_time":"20180504233056","is_prod":false,"is_daily":false,"chose_seed":false,"is_ascension_mode":false,"campfire_upgraded":2,"timestamp":1525501856,"path_taken":["M","M","?","M","?","R","M","R","T","?","M","$","M","?","R","BOSS","M","$","?","M","M","M"],"build_version":"2018-05-03","seed_source_timestamp":1488400542443162,"purchased_purges":1,"victory":false,"master_deck":["Strike_B","Strike_B+1","Strike_B+1","Defend_B","Defend_B+1","Zap+1","Dualcast","Fusion","Coolheaded","Deep Breath","Flash of Steel"],"max_hp_per_floor":[75,75,75,75,75,75,75,75,75,75,75,75,75,75,75,75,75,75,75,75,75,75,75],"relics":["Cracked Core","Nuclear Battery","Nloth\u0027s Gift"],"card_choices":[{"not_picked":["Impulse","Coolheaded"],"picked":"Fusion","floor":7},{"not_picked":["Storm","Hologram"],"picked":"Coolheaded","floor":13}],"player_experience":161880,"potions_floor_usage":[16,16,21],"damage_taken":[{"damage":0,"enemies":"Small Slimes","floor":1,"turns":2},{"damage":1,"enemies":"Jaw Worm","floor":2,"turns":4},{"damage":1,"enemies":"Cultist","floor":4,"turns":3},{"damage":2,"enemies":"Looter","floor":5,"turns":4},{"damage":7,"enemies":"Blue Slaver","floor":7,"turns":3},{"damage":0,"enemies":"Large Slime","floor":11,"turns":4},{"damage":1,"enemies":"3 Louse","floor":13,"turns":2},{"damage":28,"enemies":"The Guardian","floor":16,"turns":14},{"damage":15,"enemies":"Shell Parasite","floor":18,"turns":4},{"damage":18,"enemies":"2 Thieves","floor":21,"turns":4},{"damage":13,"enemies":"Snecko","floor":22,"turns":5},{"damage":44,"enemies":"Cultist and Chosen","floor":23,"turns":3}],"event_choices":[{"event_name":"Scrap Ooze","player_choice":"unsuccessful","floor":3,"damage_taken":0},{"event_name":"Shining Light","player_choice":"Entered Light","floor":10,"damage_taken":0},{"event_name":"Liars Game","player_choice":"disagreed","floor":14,"damage_taken":0},{"event_name":"N\u0027loth","player_choice":"Traded a The Courier","floor":20,"damage_taken":0}],"boss_relics":[{"not_picked":["Ectoplasm","Eternal Feather"],"picked":"Nuclear Battery"}],"potions_floor_spawned":[7,13,16,18,21],"seed_played":"2357838133507550923","killed_by":"Cultist and Chosen","ascension_level":0,"is_trial":false}