{"gold_per_floor":[109,69,88,88,105,105,130,130,130,159,159,82,82,82,82,183,183,199,214,225,236,10,10,38,38,38,38,54,54,54,65,65,163,163,180,180,197,217,217],"floor_reached":39,"playtime":2308,"items_purged":[],"score":532,"play_id":"c1040827-1cae-4acc-81b1-8bb09f7f434d","local_time":"20190201175934","is_ascension_mode":true,"campfire_choices":[{"floor":6,"key":"DIG"},{"floor":8,"key":"DIG"},{"floor":11,"key":"DIG"},{"floor":13,"key":"DIG"},{"floor":15,"key":"DIG"},{"floor":23,"key":"DIG"},{"floor":25,"key":"DIG"},{"floor":27,"key":"DIG"},{"floor":32,"key":"DIG"}],"neow_cost":"PERCENT_DAMAGE","seed_source_timestamp":10630641823640,"circlet_count":0,"master_deck":["Defend_G","Defend_G","Defend_G","Defend_G+1","Defend_G","Strike_G","Strike_G","Strike_G","Strike_G","Strike_G","Survivor","Neutralize+1","Blur","Underhanded Strike","Poisoned Stab+1","Blur+1","Slice","Backstab","Neutralize","Venomology","Acrobatics+1","Dagger Throw+1","PiercingWail","Riddle With Holes+1","Footwork","Slice","Deadly Poison","Well Laid Plans+1","Cloak And Dagger+1","Blur+1"],"relics":["Ring of the Snake","Shovel","Anchor","Ninja Scroll","Omamori","Matryoshka","Whetstone","War Paint","Sundial","Torii","Ancient Tea Set","Bag of Marbles","Busted Crown","Snake Skull","Happy Flower","Frozen Egg 2","The Specimen","Bag of Preparation","Incense Burner","Turnip","Vajra","Bottled Flame","Black Star"],"potions_floor_usage":[16,16,18,19,20,20,21,21,24,31,31,33,33,37,38,39],"damage_taken":[{"damage":0,"enemies":"2 Louse","floor":1,"turns":4},{"damage":0,"enemies":"Cultist","floor":3,"turns":5},{"damage":0,"enemies":"Small Slimes","floor":5,"turns":3},{"damage":1,"enemies":"3 Sentries","floor":7,"turns":10},{"damage":0,"enemies":"Lagavulin","floor":10,"turns":7},{"damage":0,"enemies":"Hexaghost","floor":16,"turns":9},{"damage":0,"enemies":"Shell Parasite","floor":18,"turns":3},{"damage":0,"enemies":"3 Byrds","floor":19,"turns":4},{"damage":14,"enemies":"Shelled Parasite and Fungi","floor":20,"turns":7},{"damage":0,"enemies":"Chosen and Byrds","floor":21,"turns":5},{"damage":9,"enemies":"Slavers","floor":24,"turns":5},{"damage":0,"enemies":"Cultist and Chosen","floor":28,"turns":5},{"damage":0,"enemies":"Centurion and Healer","floor":31,"turns":4},{"damage":43,"enemies":"Automaton","floor":33,"turns":12},{"damage":9,"enemies":"3 Darklings","floor":35,"turns":5},{"damage":0,"enemies":"3 Shapes","floor":37,"turns":10},{"damage":64,"enemies":"Transient","floor":38,"turns":5},{"damage":7,"enemies":"Writhing Mass","floor":39,"turns":2}],"seed_played":"2824316137153931893","potions_obtained":[{"floor":1,"key":"GhostInAJar"},{"floor":2,"key":"Block Potion"},{"floor":2,"key":"LiquidBronze"},{"floor":7,"key":"Fire Potion"},{"floor":16,"key":"SpeedPotion"},{"floor":18,"key":"Explosive Potion"},{"floor":20,"key":"GamblersBrew"},{"floor":31,"key":"FairyPotion"},{"floor":33,"key":"Explosive Potion"}],"is_trial":false,"path_per_floor":["M","?","M","T","M","R","E","R","T","E","R","$","R","?","R","B",null,"M","M","M","M","$","R","E","R","T","R","M","?","$","M","R","B",null,"M","?","M","M","M"],"character_chosen":"THE_SILENT","items_purchased":["Backstab","Snake Skull","Footwork"],"campfire_rested":0,"item_purchase_floors":[12,22,22],"current_hp_per_floor":[49,49,49,49,49,49,48,48,48,48,48,48,48,48,48,48,70,70,70,56,56,56,56,47,47,47,47,47,47,47,59,59,16,70,61,61,61,6,0],"gold":217,"neow_bonus":"ONE_RARE_RELIC","is_prod":false,"is_daily":false,"chose_seed":false,"campfire_upgraded":0,"win_rate":0,"timestamp":1549040374,"path_taken":["M","?","?","?","M","R","E","R","T","E","R","$","R","?","R","BOSS","M","M","M","M","$","R","E","R","T","R","M","?","?","M","R","BOSS","M","?","M","M","M"],"build_version":"2019-01-23","purchased_purges":0,"victory":false,"max_hp_per_floor":[70,70,70,70,70,70,70,70,70,70,70,70,70,70,70,70,70,70,70,70,70,70,70,70,70,70,70,70,70,70,70,70,70,70,70,66,66,66,66],"card_choices":[{"not_picked":["Reflex","Bane"],"picked":"Blur","floor":1},{"not_picked":["Slice","Backflip"],"picked":"Underhanded Strike","floor":3},{"not_picked":["Prepared","Predator"],"picked":"Poisoned Stab","floor":5},{"not_picked":["Bane","Concentrate"],"picked":"Blur","floor":7},{"not_picked":["Deadly Poison","Glass Knife"],"picked":"Slice","floor":10},{"not_picked":["Corpse Explosion","Malaise"],"picked":"Grand Finale","floor":16},{"not_picked":[],"picked":"Acrobatics+1","floor":18},{"not_picked":[],"picked":"Dagger Throw+1","floor":19},{"not_picked":[],"picked":"PiercingWail","floor":20},{"not_picked":[],"picked":"Riddle With Holes+1","floor":21},{"not_picked":[],"picked":"Slice","floor":24},{"not_picked":["Choke"],"picked":"SKIP","floor":28},{"not_picked":[],"picked":"Deadly Poison","floor":31},{"not_picked":[],"picked":"Well Laid Plans+1","floor":35},{"not_picked":[],"picked":"Cloak And Dagger+1","floor":37},{"not_picked":[],"picked":"Blur+1","floor":38}],"player_experience":151374,"relics_obtained":[{"floor":4,"key":"Anchor"},{"floor":6,"key":"Ninja Scroll"},{"floor":7,"key":"Omamori"},{"floor":8,"key":"Matryoshka"},{"floor":9,"key":"Whetstone"},{"floor":9,"key":"War Paint"},{"floor":10,"key":"Sundial"},{"floor":11,"key":"Torii"},{"floor":13,"key":"Ancient Tea Set"},{"floor":15,"key":"Bag of Marbles"},{"floor":23,"key":"Happy Flower"},{"floor":24,"key":"Frozen Egg 2"},{"floor":25,"key":"The Specimen"},{"floor":26,"key":"Bag of Preparation"},{"floor":26,"key":"Incense Burner"},{"floor":27,"key":"Turnip"},{"floor":32,"key":"Bottled Flame"}],"event_choices":[{"damage_healed":0,"gold_gain":0,"player_choice":"Bought 3 Potions","damage_taken":0,"max_hp_gain":0,"max_hp_loss":0,"event_name":"The Woman in Blue","floor":2,"gold_loss":0},{"damage_healed":0,"gold_gain":0,"player_choice":"2 cards matched","damage_taken":0,"max_hp_gain":0,"max_hp_loss":0,"event_name":"Match and Keep!","floor":14,"gold_loss":0,"cards_obtained":["Neutralize","Venomology"]},{"cards_removed":["Grand Finale"],"damage_healed":0,"gold_gain":0,"player_choice":"Gave Card","damage_taken":0,"relics_obtained":["Vajra"],"max_hp_gain":0,"max_hp_loss":0,"event_name":"WeMeetAgain","floor":29,"gold_loss":0},{"damage_healed":0,"gold_gain":0,"player_choice":"Max HP","damage_taken":0,"max_hp_gain":0,"max_hp_loss":4,"event_name":"Winding Halls","floor":36,"gold_loss":0}],"is_beta":false,"boss_relics":[{"not_picked":["Ectoplasm","Velvet Choker"],"picked":"Busted Crown"},{"not_picked":["Philosopher\u0027s Stone","Orrery"],"picked":"Black Star"}],"items_purged_floors":[],"is_endless":false,"potions_floor_spawned":[1,7,10,16,18,20,31,33,37],"killed_by":"Writhing Mass","ascension_level":2}