{"path_per_floor":["M","$","M","$","?","E","M","E","T","E","R","E","R","E","R","B",null,"M","?","M","?","$","E","$","R","T","E","?","E","M","E","R","B",null,"M","?","?","M","$","E","R","E","T","R","E","T","R","E","R","B"],"character_chosen":"THE_SILENT","items_purchased":["Skim","Enlightenment","Ornamental Fan","Night Terror","Hologram"],"gold_per_floor":[114,44,59,59,159,189,204,234,284,314,314,344,344,374,374,474,474,489,503,518,518,234,564,214,214,214,244,169,199,214,244,244,344,374,389,611,611,626,313,343,343,373,373,373,403,403,403,433,433,433],"floor_reached":51,"campfire_rested":1,"playtime":3871,"item_purchase_floors":[2,22,24,39,39],"current_hp_per_floor":[70,70,69,69,69,45,47,27,27,26,65,54,54,60,60,27,65,65,29,34,34,34,49,49,49,49,50,50,60,65,59,59,65,70,51,51,51,70,70,65,65,70,70,70,80,80,80,80,80,80],"items_purged":["Strike_G","Strike_G","Defend_G"],"gold":433,"score":1171,"play_id":"b4b34a92-6148-44d5-b19d-d9f913f0b98f","local_time":"20180527105214","daily_mods":["Diverse","Elite Swarm","Night Terrors"],"is_prod":false,"is_daily":true,"chose_seed":false,"is_ascension_mode":false,"campfire_upgraded":8,"win_rate":0,"timestamp":1527414734,"campfire_choices":[{"floor":11,"key":"REST"},{"data":"Corruption","floor":13,"key":"SMITH"},{"data":"Neutralize","floor":15,"key":"SMITH"},{"data":"Adrenaline","floor":25,"key":"SMITH"},{"data":"Limit Break","floor":32,"key":"SMITH"},{"data":"Seek","floor":41,"key":"SMITH"},{"data":"Reboot","floor":44,"key":"SMITH"},{"data":"Demon Form","floor":47,"key":"SMITH"},{"data":"Night Terror","floor":49,"key":"SMITH"}],"path_taken":["M","$","M","$","?","E","M","E","T","E","R","E","R","E","R","BOSS","M","?","M","?","$","E","$","R","T","E","?","E","M","E","R","BOSS","M","?","?","M","$","E","R","E","T","R","E","?","R","E","R","BOSS"],"build_version":"2018-05-25","seed_source_timestamp":0,"purchased_purges":3,"victory":true,"master_deck":["Defend_G","Defend_G","Defend_G+1","Defend_G","Strike_G","Strike_G","Survivor","Neutralize+1","Corruption+1","Skim","Shrug It Off","Impervious+1","Hologram","Impervious","Limit Break+1","After Image","Core Surge","Barricade+1","Thunderclap+1","Skim+1","Enlightenment","Adrenaline+1","Venomology","Reboot+1","Shrug It Off+1","Double Tap","Demon Form+1","Infinite Blades+1","Night Terror+1","Hologram","Seek+1","Dark Embrace"],"max_hp_per_floor":[70,70,70,70,70,70,70,70,70,70,65,65,65,65,65,65,65,65,65,65,65,65,65,65,65,65,65,65,65,65,65,65,65,70,70,70,70,70,70,70,70,70,70,70,80,80,80,80,80,80],"relics":["Ring of the Snake","Bird Faced Urn","Blood Vial","Vajra","Toolbox","Dream Catcher","Ancient Tea Set","Black Star","Red Mask","Turnip","Old Coin","Ornamental Fan","Blue Candle","Lantern","War Paint","Regal Pillow","Bronze Scales","Boot","Omamori","Tiny House","Juzu Bracelet","Anchor","Ice Cream","Sundial","Du-Vu Doll","Pear","Bottled Flame","Orichalcum","Paper Crane","Gremlin Horn"],"card_choices":[{"not_picked":["Flying Knee","Backflip"],"picked":"Corruption","floor":1},{"not_picked":["Skewer","Deadly Poison"],"picked":"Shrug It Off","floor":3},{"not_picked":["Feed","Buffer"],"picked":"Impervious","floor":6},{"not_picked":["Perfected Strike","Sword Boomerang"],"picked":"Hologram","floor":7},{"not_picked":["Meteor Strike","Immolate"],"picked":"Impervious","floor":8},{"not_picked":["Corpse Explosion","Meteor Strike"],"picked":"Limit Break","floor":10},{"not_picked":["Thunder Strike","Rainbow"],"picked":"After Image","floor":12},{"not_picked":["A Thousand Cuts","Buffer"],"picked":"Core Surge","floor":14},{"not_picked":["Multi-Cast","Double Tap"],"picked":"Barricade","floor":16},{"not_picked":["Quick Slash","Steam"],"picked":"Thunderclap+1","floor":18},{"not_picked":["Go for the Eyes","Underhanded Strike"],"picked":"Inflame","floor":19},{"not_picked":["Dodge and Roll","Iron Wave"],"picked":"Skim","floor":20},{"not_picked":["Immolate","Reboot"],"picked":"Adrenaline","floor":23},{"not_picked":["Envenom","A Thousand Cuts"],"picked":"Venomology","floor":27},{"not_picked":["Fission","Multi-Cast"],"picked":"Reboot","floor":29},{"not_picked":["Cleave","True Grit+1"],"picked":"Shrug It Off+1","floor":30},{"not_picked":["Barricade","Amplify"],"picked":"Double Tap","floor":31},{"not_picked":["Die Die Die","A Thousand Cuts"],"picked":"Demon Form","floor":33},{"not_picked":["Dodge and Roll","Compile Driver+1","Corruption"],"picked":"SKIP","floor":35},{"not_picked":["Glacier","Armaments+1"],"picked":"Infinite Blades+1","floor":38},{"not_picked":["Offering","Demon Form"],"picked":"Seek","floor":40},{"not_picked":["After Image","Fiend Fire","Feed"],"picked":"SKIP","floor":42},{"not_picked":["After Image","Wraith Form v2","Tactician"],"picked":"SKIP","floor":45},{"not_picked":["Impervious","Limit Break"],"picked":"Dark Embrace","floor":48}],"player_experience":193388,"potions_floor_usage":[8,10,14,16,23,31,33,33,35,38,38,40,42,42,45,45,45,45,48,50,50],"damage_taken":[{"damage":0,"enemies":"2 Louse","floor":1,"turns":3},{"damage":1,"enemies":"Cultist","floor":3,"turns":4},{"damage":24,"enemies":"Lagavulin","floor":6,"turns":10},{"damage":0,"enemies":"Small Slimes","floor":7,"turns":5},{"damage":22,"enemies":"3 Sentries","floor":8,"turns":11},{"damage":5,"enemies":"Lagavulin","floor":10,"turns":11},{"damage":11,"enemies":"3 Sentries","floor":12,"turns":9},{"damage":0,"enemies":"Lagavulin","floor":14,"turns":9},{"damage":39,"enemies":"The Guardian","floor":16,"turns":22},{"damage":2,"enemies":"Chosen","floor":18,"turns":8},{"damage":40,"enemies":"Masked Bandits","floor":19,"turns":7},{"damage":1,"enemies":"2 Thieves","floor":20,"turns":4},{"damage":10,"enemies":"Book of Stabbing","floor":23,"turns":7},{"damage":9,"enemies":"Slavers","floor":27,"turns":9},{"damage":0,"enemies":"Gremlin Leader","floor":29,"turns":7},{"damage":0,"enemies":"Centurion and Healer","floor":30,"turns":7},{"damage":12,"enemies":"Slavers","floor":31,"turns":6},{"damage":0,"enemies":"Collector","floor":33,"turns":6},{"damage":23,"enemies":"3 Darklings","floor":35,"turns":4},{"damage":6,"enemies":"Flame Bruiser 1 Orb","floor":38,"turns":6},{"damage":7,"enemies":"Giant Head","floor":40,"turns":6},{"damage":0,"enemies":"2 Orb Walkers","floor":42,"turns":4},{"damage":0,"enemies":"Nemesis","floor":45,"turns":5},{"damage":0,"enemies":"Giant Head","floor":48,"turns":4},{"damage":0,"enemies":"Awakened One","floor":50,"turns":10}],"relics_obtained":[{"floor":6,"key":"Bird Faced Urn"},{"floor":8,"key":"Blood Vial"},{"floor":9,"key":"Vajra"},{"floor":10,"key":"Toolbox"},{"floor":12,"key":"Dream Catcher"},{"floor":14,"key":"Ancient Tea Set"},{"floor":19,"key":"Red Mask"},{"floor":23,"key":"Turnip"},{"floor":23,"key":"Old Coin"},{"floor":26,"key":"Blue Candle"},{"floor":27,"key":"Lantern"},{"floor":27,"key":"War Paint"},{"floor":29,"key":"Regal Pillow"},{"floor":29,"key":"Bronze Scales"},{"floor":31,"key":"Boot"},{"floor":31,"key":"Omamori"},{"floor":40,"key":"Juzu Bracelet"},{"floor":40,"key":"Anchor"},{"floor":42,"key":"Ice Cream"},{"floor":42,"key":"Sundial"},{"floor":43,"key":"Du-Vu Doll"},{"floor":45,"key":"Pear"},{"floor":45,"key":"Bottled Flame"},{"floor":46,"key":"Orichalcum"},{"floor":48,"key":"Paper Crane"},{"floor":48,"key":"Gremlin Horn"}],"event_choices":[{"event_name":"Wheel of Change","player_choice":"Gold","floor":5,"damage_taken":0},{"event_name":"Masked Bandits","player_choice":"Fought over 489 gold","floor":19,"damage_taken":0},{"event_name":"Accursed Blacksmith","player_choice":"Forge","floor":21,"damage_taken":0},{"event_name":"Beggar","player_choice":"Gave Gold","floor":28,"damage_taken":0},{"event_name":"Tomb of Lord Red Mask","player_choice":"Wore Mask","floor":36,"damage_taken":0}],"boss_relics":[{"not_picked":["Runic Pyramid","Calling Bell"],"picked":"Black Star"},{"not_picked":["Lizard Tail","Velvet Choker"],"picked":"Tiny House"}],"items_purged_floors":[22,24,39],"potions_floor_spawned":[7,8,12,14,19,27,30,31,40,45],"seed_played":"-7009063745363081709","ascension_level":0,"potions_obtained":[{"floor":7,"key":"Fire Potion"},{"floor":8,"key":"Ancient Potion"},{"floor":12,"key":"Dexterity Potion"},{"floor":14,"key":"Ancient Potion"},{"floor":19,"key":"Regen Potion"},{"floor":27,"key":"FearPotion"},{"floor":31,"key":"Fire Potion"},{"floor":34,"key":"Fire Potion"},{"floor":40,"key":"PowerPotion"},{"floor":45,"key":"GamblersBrew"}],"is_trial":false}