{"gold_per_floor":[212,212,36,54,54,68,83,108,156,156,197,197,230,230],"floor_reached":14,"playtime":593,"items_purged":["Strike_B"],"score":175,"play_id":"14d27915-975b-42a4-b2ef-4d06705151d1","local_time":"20190212014934","is_ascension_mode":true,"campfire_choices":[{"data":"Zap","floor":10,"key":"SMITH"},{"floor":12,"key":"REST"}],"neow_cost":"NONE","seed_source_timestamp":1741358891041249,"circlet_count":0,"master_deck":["AscendersBane","Strike_B","Strike_B","Strike_B","Defend_B","Defend_B","Defend_B","Defend_B","Zap+1","Dualcast","Gash","Gash","Hologram","Sunder","Defragment","Biased Cognition","Undo"],"relics":["Cracked Core","Golden Idol","Letter Opener","PreservedInsect","Darkstone Periapt","Toxic Egg 2"],"potions_floor_usage":[11,13,14],"damage_taken":[{"damage":0,"enemies":"Cultist","floor":1,"turns":4},{"damage":2,"enemies":"Jaw Worm","floor":4,"turns":3},{"damage":7,"enemies":"Small Slimes","floor":6,"turns":3},{"damage":22,"enemies":"Gremlin Gang","floor":7,"turns":4},{"damage":6,"enemies":"Looter","floor":8,"turns":3},{"damage":17,"enemies":"Lagavulin","floor":11,"turns":4},{"damage":13,"enemies":"Gremlin Nob","floor":13,"turns":3},{"damage":18,"enemies":"Lots of Slimes","floor":14,"turns":2}],"seed_played":"-7559689611519296143","potions_obtained":[{"floor":7,"key":"FearPotion"},{"floor":11,"key":"Poison Potion"},{"floor":13,"key":"Block Potion"}],"is_trial":false,"path_per_floor":["M","?","$","M","T","M","M","M","T","R","E","R","E","M"],"character_chosen":"DEFECT","items_purchased":["Gash","Hologram"],"campfire_rested":1,"item_purchase_floors":[3,3],"current_hp_per_floor":[64,64,64,62,62,55,33,27,27,27,10,29,16,0],"gold":230,"neow_bonus":"HUNDRED_GOLD","is_prod":false,"is_daily":false,"chose_seed":false,"campfire_upgraded":1,"win_rate":0,"timestamp":1549903774,"path_taken":["M","?","$","M","?","M","M","M","T","R","E","R","E","M"],"build_version":"2019-01-23","purchased_purges":1,"victory":false,"max_hp_per_floor":[71,64,64,64,64,64,64,64,64,64,64,64,64,64],"card_choices":[{"not_picked":["Turbo","Skim"],"picked":"Gash","floor":1},{"not_picked":["Go for the Eyes","Reprogram","Beam Cell"],"picked":"SKIP","floor":4},{"not_picked":["Lockon","Streamline"],"picked":"Sunder","floor":6},{"not_picked":["Stack","Go for the Eyes"],"picked":"Defragment","floor":7},{"not_picked":["Rip and Tear","Rebound"],"picked":"Biased Cognition","floor":8},{"not_picked":["Gash","Hologram"],"picked":"Undo","floor":11},{"not_picked":["Compile Driver","Reprogram","Rebound"],"picked":"SKIP","floor":13}],"player_experience":971129,"relics_obtained":[{"floor":5,"key":"Letter Opener"},{"floor":9,"key":"PreservedInsect"},{"floor":11,"key":"Darkstone Periapt"},{"floor":13,"key":"Toxic Egg 2"}],"event_choices":[{"damage_healed":0,"gold_gain":0,"player_choice":"Lose Max HP","damage_taken":0,"relics_obtained":["Golden Idol"],"max_hp_gain":0,"max_hp_loss":7,"event_name":"Golden Idol","floor":2,"gold_loss":0}],"is_beta":false,"boss_relics":[],"items_purged_floors":[3],"is_endless":false,"potions_floor_spawned":[7,11,13],"killed_by":"Lots of Slimes","ascension_level":15}