{"path_per_floor":["M","$","?","M","M","R","?","E","T","$","E","M","M","?","R","B",null,"M","?"],"character_chosen":"DEFECT","items_purchased":["Heatsinks"],"gold_per_floor":[109,40,40,54,69,69,69,102,102,27,62,81,91,91,91,196,196,215,215,215],"floor_reached":20,"campfire_rested":0,"playtime":1140,"current_hp_per_floor":[74,74,74,58,58,58,58,38,38,38,38,34,34,34,34,43,72,54,41,0],"items_purged":["Parasite"],"gold":215,"score":228,"play_id":"503f5b1f-a567-46c5-96fa-f0c310b781fa","local_time":"20180517192241","is_prod":false,"is_daily":false,"chose_seed":false,"is_ascension_mode":true,"campfire_upgraded":2,"timestamp":1526581361,"campfire_choices":[{"data":"Loop","floor":6,"key":"SMITH"},{"data":"Loop","floor":15,"key":"SMITH"}],"path_taken":["M","?","?","M","?","R","?","E","T","$","E","M","M","?","R","BOSS","M","?","?"],"build_version":"2018-05-17","seed_source_timestamp":376637735730924,"purchased_purges":1,"victory":false,"master_deck":["Strike_B","Strike_B","Zap","Dualcast","Barrage","Loop+1","Loop+1","Heatsinks","Glacier","Force Field","BootSequence","Force Field","Axe Kick","Streamline","Multi-Cast","Electrodynamics","Streamline+1","Fission+1","Meteor Strike+1"],"max_hp_per_floor":[75,75,75,75,75,75,75,75,75,72,72,72,72,72,72,72,72,72,77,77],"relics":["Cracked Core","Thread and Needle","Pantograph","Potion Belt","Astrolabe"],"card_choices":[{"not_picked":["Sweeping Beam","Conserve Battery"],"picked":"Loop","floor":1},{"not_picked":["Force Field","Ball Lightning"],"picked":"Glacier","floor":4},{"not_picked":["Capacitor","Conserve Battery"],"picked":"Force Field","floor":5},{"not_picked":["Reinforced Body","Steam"],"picked":"BootSequence","floor":8},{"not_picked":["Chaos","Sweeping Beam"],"picked":"Force Field","floor":11},{"not_picked":["Glacier","Darkness"],"picked":"Axe Kick","floor":12},{"not_picked":["Reprogram","Chaos"],"picked":"Streamline","floor":13},{"not_picked":["Nova","Amplify"],"picked":"Electrodynamics","floor":16},{"not_picked":["Steam","Go for the Eyes","Leap"],"picked":"SKIP","floor":18}],"player_experience":157777,"potions_floor_usage":[12,20,20,20,20],"damage_taken":[{"damage":1,"enemies":"Cultist","floor":1,"turns":3},{"damage":16,"enemies":"Small Slimes","floor":4,"turns":5},{"damage":0,"enemies":"Jaw Worm","floor":5,"turns":5},{"damage":20,"enemies":"Lagavulin","floor":8,"turns":8},{"damage":0,"enemies":"3 Sentries","floor":11,"turns":9},{"damage":4,"enemies":"Lots of Slimes","floor":12,"turns":6},{"damage":0,"enemies":"3 Louse","floor":13,"turns":4},{"damage":16,"enemies":"The Guardian","floor":16,"turns":14},{"damage":18,"enemies":"Spheric Guardian","floor":18,"turns":7},{"damage":45,"enemies":"Masked Bandits","floor":20,"turns":4}],"relics_obtained":[{"floor":8,"key":"Thread and Needle"},{"floor":9,"key":"Pantograph"},{"floor":11,"key":"Potion Belt"}],"event_choices":[{"event_name":"Liars Game","player_choice":"disagreed","floor":3,"damage_taken":0},{"event_name":"The Lab","player_choice":"Got Potions","floor":7,"damage_taken":0},{"event_name":"Transmorgrifier","player_choice":"Transform","floor":14,"damage_taken":0},{"event_name":"Forgotten Altar","player_choice":"Shed Blood","floor":19,"damage_taken":0},{"event_name":"Masked Bandits","player_choice":"Fought over 215 gold","floor":20,"damage_taken":0}],"boss_relics":[{"not_picked":["Sozu","Philosopher\u0027s Stone"],"picked":"Astrolabe"}],"potions_floor_spawned":[1,5,11,12],"seed_played":"-3295503023451505777","killed_by":"Masked Bandits","ascension_level":2,"potions_obtained":[{"floor":1,"key":"SkillPotion"},{"floor":5,"key":"Ancient Potion"},{"floor":7,"key":"FearPotion"},{"floor":7,"key":"AttackPotion"},{"floor":11,"key":"Poison Potion"},{"floor":12,"key":"Fire Potion"}],"is_trial":false}