{"path_per_floor":["M","?","T","M","M","E","M","$","T","M","R","E","M","E","R"],"character_chosen":"THE_SILENT","items_purchased":["Oddly Smooth Stone","Blind"],"gold_per_floor":[117,117,117,127,140,202,219,26,26,38,38,64,80,106,106,106],"floor_reached":16,"campfire_rested":2,"playtime":855,"current_hp_per_floor":[68,68,68,68,68,32,11,11,11,15,36,20,14,2,23,0],"items_purged":[],"gold":106,"score":134,"play_id":"51cfe0fb-779a-47a0-bd4a-3cfe68e29012","local_time":"20180427231248","is_prod":false,"is_daily":false,"chose_seed":false,"is_ascension_mode":true,"campfire_upgraded":0,"timestamp":1524867168,"path_taken":["M","?","?","M","M","E","?","?","T","?","R","E","M","E","R","BOSS"],"build_version":"2018-04-26v2","seed_source_timestamp":703249272016545,"purchased_purges":2,"victory":false,"master_deck":["Defend_G","Defend_G","Defend_G","Defend_G","Defend_G","Strike_G","Strike_G","Strike_G","Strike_G","Survivor","Neutralize","Quick Slash","Bane","Deadly Poison","Escape Plan","Deadly Poison","Distraction","Poisoned Stab","Concentrate","Terror","Blind","Caltrops","PiercingWail","Dagger Spray"],"max_hp_per_floor":[70,70,70,70,70,70,70,70,70,70,70,70,70,70,70,70],"relics":["Orrery","The Courier","Tiny Chest","Oddly Smooth Stone","Pen Nib","Bronze Scales","Prayer Wheel"],"card_choices":[{"not_picked":["Prepared","Slice"],"picked":"Quick Slash","floor":0},{"not_picked":["All Out Attack","Slice"],"picked":"Bane","floor":0},{"not_picked":["PiercingWail","Bane"],"picked":"Deadly Poison","floor":0},{"not_picked":["PiercingWail","Sucker Punch"],"picked":"Escape Plan","floor":0},{"not_picked":["Underhanded Strike","Skewer"],"picked":"Deadly Poison","floor":0},{"not_picked":["Bullet Time","Masterful Stab"],"picked":"Distraction","floor":1},{"not_picked":["Deflect","Prepared"],"picked":"Poisoned Stab","floor":4},{"not_picked":["Slice","Caltrops"],"picked":"Concentrate","floor":5},{"not_picked":["Dagger Throw","Tactician"],"picked":"Terror","floor":7},{"not_picked":["Calculated Gamble","Malaise"],"picked":"Caltrops","floor":10},{"not_picked":["Infinite Blades","Dagger Spray"],"picked":"PiercingWail","floor":12},{"not_picked":["Blade Dance","Eviscerate"],"picked":"Dagger Spray","floor":13}],"player_experience":80960,"potions_floor_usage":[10,14,16,16],"damage_taken":[{"damage":2,"enemies":"2 Louse","floor":1,"turns":3},{"damage":0,"enemies":"Small Slimes","floor":4,"turns":2},{"damage":0,"enemies":"Jaw Worm","floor":5,"turns":3},{"damage":36,"enemies":"3 Sentries","floor":6,"turns":10},{"damage":21,"enemies":"Exordium Thugs","floor":7,"turns":5},{"damage":11,"enemies":"Lots of Slimes","floor":10,"turns":10},{"damage":16,"enemies":"Lagavulin","floor":12,"turns":5},{"damage":6,"enemies":"Red Slaver","floor":13,"turns":2},{"damage":12,"enemies":"Gremlin Nob","floor":14,"turns":4},{"damage":26,"enemies":"The Guardian","floor":16,"turns":5}],"event_choices":[{"event_name":"Living Wall","player_choice":"Forget","floor":2,"damage_taken":0}],"boss_relics":[],"potions_floor_spawned":[5,7,12,14],"seed_played":"2357553014867075845","killed_by":"The Guardian","ascension_level":2,"is_trial":false}