{"gold_per_floor":[210,210,58,77,93,123,123,148,172,172,172,172,347,347,347,447,447,457,457,457,372,387,387,387],"floor_reached":24,"playtime":833,"items_purged":[],"score":235,"play_id":"0620db73-bec1-4903-8127-fd974bcfe769","local_time":"20190202222010","is_ascension_mode":true,"campfire_choices":[{"floor":7,"key":"REST"},{"floor":10,"key":"REST"},{"floor":12,"key":"REST"},{"data":"Streamline","floor":15,"key":"SMITH"},{"floor":23,"key":"REST"}],"neow_cost":"NONE","seed_source_timestamp":4819350461000,"circlet_count":0,"master_deck":["Defend_B","Defend_B","Defend_B","Defend_B","Zap","Dualcast","Redo","Rebound","Defragment+1","Turbo","Leap","Streamline+1","All For One","Gash","Doubt","Electrodynamics","Gash","Bite","Bite","Bite","Bite","Bite","RitualDagger","Double Energy"],"relics":["Cracked Core","Orichalcum","Potion Belt","Singing Bowl","Sozu","Question Card"],"potions_floor_usage":[],"damage_taken":[{"damage":1,"enemies":"Small Slimes","floor":1,"turns":3},{"damage":0,"enemies":"2 Louse","floor":4,"turns":2},{"damage":1,"enemies":"Jaw Worm","floor":5,"turns":3},{"damage":30,"enemies":"Gremlin Nob","floor":6,"turns":4},{"damage":33,"enemies":"Lagavulin","floor":8,"turns":7},{"damage":37,"enemies":"Slime Boss","floor":16,"turns":10},{"damage":33,"enemies":"2 Thieves","floor":18,"turns":5},{"damage":26,"enemies":"3 Byrds","floor":22,"turns":5},{"damage":53,"enemies":"Book of Stabbing","floor":24,"turns":5}],"seed_played":"4933151087874061054","potions_obtained":[{"floor":5,"key":"SpeedPotion"},{"floor":6,"key":"Weak Potion"}],"is_trial":false,"path_per_floor":["M","?","$","M","M","E","R","E","T","R","?","R","?","?","R","B",null,"M","?","?","?","M","R","E"],"character_chosen":"DEFECT","items_purchased":["Rebound","Defragment","Turbo"],"campfire_rested":4,"item_purchase_floors":[3,3,3],"current_hp_per_floor":[74,74,74,74,73,43,65,32,32,54,54,75,75,75,75,38,75,42,42,36,36,18,40,0],"gold":387,"neow_bonus":"HUNDRED_GOLD","is_prod":false,"is_daily":false,"chose_seed":false,"campfire_upgraded":1,"win_rate":0,"timestamp":1549167610,"path_taken":["M","?","$","M","M","E","R","E","T","R","?","R","?","?","R","BOSS","M","?","?","?","M","R","E"],"build_version":"2019-01-23","purchased_purges":0,"victory":false,"max_hp_per_floor":[75,75,75,75,75,75,75,75,75,75,75,75,75,75,75,75,75,75,75,75,75,75,75,75],"card_choices":[{"not_picked":["Compile Driver","Turbo"],"picked":"Redo","floor":1},{"not_picked":["Stack","BootSequence"],"picked":"Leap","floor":4},{"not_picked":["Consume","Hologram"],"picked":"Streamline","floor":5},{"not_picked":["Rip and Tear","Turbo"],"picked":"All For One","floor":6},{"not_picked":["Sweeping Beam","Heatsinks"],"picked":"Gash","floor":8},{"not_picked":["Amplify","Buffer"],"picked":"Electrodynamics","floor":16},{"not_picked":["Leap","Streamline+1"],"picked":"Gash","floor":18},{"not_picked":["Ball Lightning","Undo","Compile Driver"],"picked":"Double Energy","floor":22}],"player_experience":77631,"relics_obtained":[{"floor":6,"key":"Orichalcum"},{"floor":8,"key":"Potion Belt"},{"floor":9,"key":"Blood Vial"}],"event_choices":[{"damage_healed":0,"gold_gain":0,"player_choice":"Leave","damage_taken":0,"max_hp_gain":0,"max_hp_loss":0,"event_name":"The Cleric","floor":2,"gold_loss":0},{"damage_healed":0,"gold_gain":0,"player_choice":"Grow","damage_taken":0,"max_hp_gain":0,"max_hp_loss":0,"event_name":"Living Wall","floor":11,"gold_loss":0,"cards_upgraded":["Defragment"]},{"damage_healed":0,"gold_gain":175,"player_choice":"AGREE","damage_taken":0,"max_hp_gain":0,"max_hp_loss":0,"event_name":"Liars Game","floor":13,"gold_loss":0,"cards_obtained":["Doubt"]},{"damage_healed":0,"gold_gain":0,"player_choice":"Gave Potion","damage_taken":0,"relics_obtained":["Singing Bowl"],"max_hp_gain":0,"max_hp_loss":0,"event_name":"WeMeetAgain","floor":14,"gold_loss":0},{"damage_healed":0,"gold_gain":0,"player_choice":"Became a vampire (Vial)","damage_taken":0,"max_hp_gain":0,"max_hp_loss":0,"event_name":"Vampires","floor":19,"relics_lost":["Blood Vial"],"gold_loss":0,"cards_obtained":["Bite","Bite","Bite","Bite","Bite"]},{"damage_healed":0,"gold_gain":0,"player_choice":"Joined the Cult","damage_taken":6,"max_hp_gain":0,"max_hp_loss":0,"event_name":"Nest","floor":20,"gold_loss":0,"cards_obtained":["RitualDagger"]},{"damage_healed":0,"gold_gain":0,"player_choice":"Obtained Relic","damage_taken":0,"relics_obtained":["Question Card"],"max_hp_gain":0,"max_hp_loss":0,"event_name":"Addict","floor":21,"gold_loss":85}],"is_beta":false,"boss_relics":[{"not_picked":["Cursed Key","Runic Pyramid"],"picked":"Sozu"}],"items_purged_floors":[],"is_endless":false,"potions_floor_spawned":[5,6,18],"killed_by":"Book of Stabbing","ascension_level":1}