{"path_per_floor":["M","?","?","M","?","E","M","E","T","R","E","R","M","$","R","B",null,"M","M","?","M","$","E","R","E","T","R","E","M","E","?","R","B",null,"M","?","?","?","$","E","R","E","T","E","M","E","M","M","R","B"],"character_chosen":"THE_SILENT","items_purchased":["Apotheosis","Tough Bandages","Panache","Well Laid Plans","Regen Potion","Paper Crane","Medical Kit","Secret Weapon","Deep Breath"],"gold_per_floor":[144,144,144,189,260,350,395,485,510,510,600,600,645,435,435,735,735,780,825,825,870,230,320,320,410,460,460,550,595,685,685,685,985,985,1030,1030,1030,1030,168,258,258,348,348,438,483,573,618,663,663,663],"floor_reached":51,"campfire_rested":7,"playtime":4722,"current_hp_per_floor":[70,63,68,66,66,46,46,46,46,68,60,75,71,71,75,75,75,75,75,75,75,75,72,75,75,75,75,65,65,65,65,75,75,75,75,75,66,56,56,56,75,89,89,89,89,89,89,89,89,89],"items_purged":["Decay","Doubt"],"gold":663,"score":1385,"play_id":"4e35fb7c-f8fb-4e09-88d6-512afae995f6","local_time":"20180329201315","daily_mods":["Draft","Midas","Elite Swarm"],"is_prod":false,"is_daily":true,"is_ascension_mode":false,"campfire_upgraded":0,"timestamp":1522350795,"path_taken":["M","?","?","M","?","E","M","E","T","R","E","R","M","?","R","BOSS","M","M","?","M","$","E","R","E","T","R","E","?","E","?","R","BOSS","M","?","?","?","$","E","R","E","T","E","M","E","M","M","R","BOSS"],"build_version":"2018-03-28","purchased_purges":2,"victory":true,"master_deck":["Calculated Gamble","Dash","Flying Knee","Outmaneuver+1","Deflect","Dagger Spray","Backflip","Skewer","Malaise","Expertise","Blur","PiercingWail","Well Laid Plans","Acrobatics","Terror+1","Flying Knee","Adrenaline","Outmaneuver","Venomology","Adrenaline","Dodge and Roll","Apotheosis","Envenom+1","Cloak And Dagger","Underhanded Strike+1","Panache+1","Well Laid Plans+1","Adrenaline","Night Terror","Burst","Acrobatics+1","Adrenaline","Adrenaline","Concentrate+1","Madness","Madness","Jack Of All Trades","Purity","Secret Technique","Secret Weapon","Deep Breath","Night Terror","Unload","Doppelganger","Wraith Form+1","Prepared+1"],"max_hp_per_floor":[70,70,75,75,75,75,75,75,75,75,75,75,75,75,75,75,75,75,75,75,75,75,75,75,75,75,75,75,75,75,75,75,75,75,75,75,75,75,75,75,75,89,89,89,89,89,89,89,89,89],"relics":["Ring of the Snake","Shuriken","Frozen Egg 2","Oddly Smooth Stone","War Paint","Bag of Marbles","Cursed Key","Tough Bandages","Dead Branch","Bronze Scales","Vajra","Dodecahedron","Mercury Hourglass","Black Star","Paper Crane","Medical Kit","Bottled Lightning","Meat on the Bone","Mango","Gambling Chip","Tingsha","Peace Pipe","Bird Faced Urn","Calipers","Thread and Needle"],"card_choices":[{"not_picked":["Deadly Poison","Outmaneuver"],"picked":"Calculated Gamble","floor":0},{"not_picked":["Infinite Blades","PiercingWail"],"picked":"Dash","floor":0},{"not_picked":["Slice","PiercingWail"],"picked":"Flying Knee","floor":0},{"not_picked":["Backstab","PiercingWail"],"picked":"Outmaneuver","floor":0},{"not_picked":["Acrobatics","Poisoned Stab"],"picked":"Deflect","floor":0},{"not_picked":["Underhanded Strike","Flying Knee"],"picked":"Dagger Spray","floor":0},{"not_picked":["Dodge and Roll","Quick Slash"],"picked":"Backflip","floor":0},{"not_picked":["Backflip","Catalyst"],"picked":"Skewer","floor":0},{"not_picked":["Endless Agony","PiercingWail"],"picked":"Malaise","floor":0},{"not_picked":["Malaise","Masterful Stab"],"picked":"Expertise","floor":0},{"not_picked":["Bane","Dodge and Roll"],"picked":"Eviscerate","floor":0},{"not_picked":["Acrobatics","Eviscerate"],"picked":"Blur","floor":0},{"not_picked":["Catalyst","Outmaneuver"],"picked":"PiercingWail","floor":0},{"not_picked":["Bouncing Flask","Underhanded Strike"],"picked":"Well Laid Plans","floor":0},{"not_picked":["Infinite Blades","Slice"],"picked":"Acrobatics","floor":0},{"not_picked":["Poisoned Stab","Slice"],"picked":"Terror","floor":1},{"not_picked":["Sucker Punch","Cloak And Dagger"],"picked":"Flying Knee","floor":4},{"not_picked":["Wraith Form","Bullet Time"],"picked":"Adrenaline","floor":6},{"not_picked":["Dodge and Roll","Eviscerate"],"picked":"Outmaneuver","floor":7},{"not_picked":["Unload","Glass Knife"],"picked":"Venomology","floor":8},{"not_picked":["Venomology","Tactician"],"picked":"Adrenaline","floor":11},{"not_picked":["Deflect","Bane"],"picked":"Dodge and Roll","floor":13},{"not_picked":["Storm of Steel","Glass Knife"],"picked":"Envenom","floor":16},{"not_picked":["Backflip","Choke"],"picked":"Underhanded Strike","floor":21},{"not_picked":["Doppelganger","Envenom"],"picked":"Adrenaline","floor":23},{"not_picked":["Die Die Die","Envenom"],"picked":"Night Terror","floor":25},{"not_picked":["Venomology","Bullet Time"],"picked":"Burst","floor":28},{"not_picked":["Dagger Spray","Slice"],"picked":"Acrobatics","floor":29},{"not_picked":["Corpse Explosion","Glass Knife"],"picked":"Adrenaline","floor":30},{"not_picked":["Glass Knife","After Image"],"picked":"Adrenaline","floor":33},{"not_picked":["Accuracy","Flying Knee"],"picked":"Concentrate","floor":35},{"not_picked":["Good Instincts","Blind"],"picked":"Jack Of All Trades","floor":38},{"not_picked":["Mind Blast","Secret Technique"],"picked":"Purity","floor":38},{"not_picked":["Panacea","Master of Strategy"],"picked":"Secret Technique","floor":38},{"not_picked":["Tactician","Storm of Steel"],"picked":"Night Terror","floor":40},{"not_picked":["Envenom","Glass Knife"],"picked":"Unload","floor":42},{"not_picked":["Tactician","Venomology"],"picked":"Doppelganger","floor":44},{"not_picked":["Corpse Explosion","Envenom"],"picked":"Wraith Form","floor":46},{"not_picked":["Dodge and Roll","Predator"],"picked":"Prepared","floor":47}],"player_experience":42085,"potions_floor_usage":[8,13,16,18,19,21,21,25,25,29,30,30,33,40,48,50,50,50],"damage_taken":[{"damage":0,"enemies":"Cultist","floor":1,"turns":3},{"damage":2,"enemies":"2 Louse","floor":4,"turns":2},{"damage":20,"enemies":"3 Sentries","floor":6,"turns":6},{"damage":0,"enemies":"Small Slimes","floor":7,"turns":2},{"damage":0,"enemies":"Gremlin Nob","floor":8,"turns":2},{"damage":8,"enemies":"3 Sentries","floor":11,"turns":5},{"damage":4,"enemies":"Exordium Wildlife","floor":13,"turns":3},{"damage":0,"enemies":"The Guardian","floor":16,"turns":6},{"damage":0,"enemies":"Shell Parasite","floor":18,"turns":2},{"damage":0,"enemies":"Chosen","floor":19,"turns":2},{"damage":0,"enemies":"Centurion and Healer","floor":21,"turns":2},{"damage":3,"enemies":"Gremlin Leader","floor":23,"turns":5},{"damage":0,"enemies":"Slavers","floor":25,"turns":1},{"damage":10,"enemies":"Gremlin Leader","floor":28,"turns":4},{"damage":0,"enemies":"Snecko","floor":29,"turns":2},{"damage":0,"enemies":"Slavers","floor":30,"turns":2},{"damage":0,"enemies":"Collector","floor":33,"turns":3},{"damage":0,"enemies":"Flame Bruiser 1 Orb","floor":35,"turns":2},{"damage":0,"enemies":"Nemesis","floor":40,"turns":3},{"damage":0,"enemies":"2 Orb Walkers","floor":42,"turns":2},{"damage":0,"enemies":"Giant Head","floor":44,"turns":2},{"damage":0,"enemies":"Orb Walker","floor":45,"turns":2},{"damage":0,"enemies":"2 Orb Walkers","floor":46,"turns":2},{"damage":0,"enemies":"Spire Growth","floor":47,"turns":1},{"damage":0,"enemies":"Sphere and 2 Shapes","floor":48,"turns":2},{"damage":0,"enemies":"Time Eater","floor":50,"turns":3}],"event_choices":[{"event_name":"Scrap Ooze","player_choice":"success","floor":2,"damage_taken":7},{"event_name":"Big Fish","player_choice":"Donut","floor":3,"damage_taken":0},{"event_name":"Golden Wing","player_choice":"Gained Gold","floor":5,"damage_taken":0},{"event_name":"Match and Keep!","player_choice":"2 cards matched","floor":20,"damage_taken":0},{"event_name":"Vampires","player_choice":"Ignored","floor":31,"damage_taken":0},{"event_name":"Winding Halls","player_choice":"Embrace Madness","floor":37,"damage_taken":0},{"event_name":"SensoryStone","player_choice":"Memory 3","floor":38,"damage_taken":0}],"boss_relics":[{"not_picked":["Eternal Feather","Ectoplasm"],"picked":"Cursed Key"},{"not_picked":["Orrery","White Beast Statue"],"picked":"Black Star"}],"potions_floor_spawned":[4,6,11,18,23,25,28,30,40,44,45,46],"seed_played":"-5446097650958542841","ascension_level":0,"is_trial":false}