{"gold_per_floor":[115,40,56,56,11,11,28,45,71,22,42,76,151,169,169,264,264,281,281,281,181,181,181,17,45,70,70,95,95,110,120,120,222,222,234,284,86,99,99,124,4,17,17,17,27,27,27,27,27,27],"floor_reached":51,"playtime":3896,"items_purged":["Strike_R","Strike_R","Writhe","Strike_R"],"score":992,"play_id":"955904f8-f430-4ffe-af56-b6a4c92663a4","local_time":"20190213134217","is_ascension_mode":true,"campfire_choices":[{"data":"Thunderclap","floor":6.0,"key":"SMITH"},{"floor":15.0,"key":"REST"},{"data":"Flame Barrier","floor":23.0,"key":"SMITH"},{"data":"Rampage","floor":27.0,"key":"SMITH"},{"data":"Pommel Strike","floor":29.0,"key":"SMITH"},{"data":"Whirlwind","floor":32.0,"key":"SMITH"},{"floor":44,"key":"REST"},{"floor":49,"key":"REST"}],"neow_cost":"NONE","seed_source_timestamp":31685604809390,"circlet_count":0,"master_deck":["AscendersBane","Defend_R","Defend_R","Defend_R","Defend_R","Bash","Entrench+1","Thunderclap+1","Rampage+1","Pommel Strike+1","Carnage","Reaper","Reaper","Carnage","Flame Barrier+1","Metallicize","Armaments+1","Shrug It Off+1","Juggernaut","Whirlwind+1","Impervious","Inflame","Uppercut+1","Parasite","Heavy Blade+1"],"special_seed":0,"relics":["Burning Blood","Dream Catcher","Happy Flower","Snecko Eye","MutagenicStrength","Shuriken","The Courier","Vajra","Darkstone Periapt","Fusion Hammer","StoneCalendar","Bottled Lightning","Red Skull","Oddly Smooth Stone"],"potions_floor_usage":[33,33,33,45,50,50],"damage_taken":[{"damage":0.0,"enemies":"Cultist","floor":1.0,"turns":4.0},{"damage":5.0,"enemies":"Jaw Worm","floor":3.0,"turns":5.0},{"damage":1.0,"enemies":"Small Slimes","floor":7.0,"turns":2.0},{"damage":7.0,"enemies":"2 Fungi Beasts","floor":8.0,"turns":5.0},{"damage":15.0,"enemies":"3 Louse","floor":11.0,"turns":4.0},{"damage":20.0,"enemies":"Lagavulin","floor":12.0,"turns":5.0},{"damage":13.0,"enemies":"Blue Slaver","floor":14.0,"turns":2.0},{"damage":64.0,"enemies":"The Guardian","floor":16.0,"turns":16.0},{"damage":17.0,"enemies":"Chosen","floor":18.0,"turns":5.0},{"damage":14.0,"enemies":"Gremlin Leader","floor":25.0,"turns":3.0},{"damage":22.0,"enemies":"Book of Stabbing","floor":28.0,"turns":4.0},{"damage":6.0,"enemies":"2 Thieves","floor":30.0,"turns":2.0},{"damage":8.0,"enemies":"Sentry and Sphere","floor":31.0,"turns":6.0},{"damage":93,"enemies":"Automaton","floor":33,"turns":12},{"damage":0,"enemies":"Orb Walker","floor":35,"turns":3},{"damage":4,"enemies":"2 Orb Walkers","floor":36,"turns":4},{"damage":0,"enemies":"3 Shapes","floor":38,"turns":3},{"damage":24,"enemies":"Reptomancer","floor":40,"turns":5},{"damage":26,"enemies":"Writhing Mass","floor":42,"turns":4},{"damage":21,"enemies":"Jaw Worm Horde","floor":45,"turns":3},{"damage":56,"enemies":"Time Eater","floor":50,"turns":9}],"seed_played":"7778268813858912776","potions_obtained":[{"floor":1.0,"key":"Fire Potion"},{"floor":7.0,"key":"SpeedPotion"},{"floor":8.0,"key":"Dexterity Potion"},{"floor":12.0,"key":"FearPotion"},{"floor":25.0,"key":"Weak Potion"},{"floor":28.0,"key":"Energy Potion"},{"floor":31.0,"key":"Ancient Potion"},{"floor":38,"key":"Ancient Potion"},{"floor":40,"key":"Energy Potion"},{"floor":42,"key":"PowerPotion"}],"is_trial":false,"path_per_floor":["M","$","M","?","$","R","M","M","T","$","M","E","?","M","R","B",null,"M","?","?","$","?","R","$","E","T","R","E","R","M","M","R","B",null,"M","?","$","M","?","E","$","M","T","R","M","$","?","$","R","B",null],"character_chosen":"IRONCLAD","items_purchased":["Thunderclap","Pommel Strike","Metallicize","Bottled Lightning"],"campfire_rested":3,"item_purchase_floors":[5,10,24,37],"current_hp_per_floor":[78,78,79,79,79,79,80,79,79,79,70,56,48,41,65,13,63,60,60,60,60,60,60,60,72,72,72,64,64,78,76,76,14,64,75,80,80,80,80,75,75,61,61,86,71,71,71,71,82,57],"gold":27,"neow_bonus":"REMOVE_CARD","is_prod":false,"is_daily":false,"chose_seed":false,"campfire_upgraded":5,"win_rate":0,"timestamp":1550086937,"path_taken":["M","$","M","?","$","R","M","M","T","?","M","E","?","?","R","BOSS","M","?","?","$","?","R","$","E","T","R","E","R","M","M","R","BOSS","M","?","$","M","?","E","?","M","T","R","M","$","?","$","R","BOSS"],"build_version":"2019-01-23","purchased_purges":4,"victory":true,"max_hp_per_floor":[80,80,80,80,80,80,80,80,80,80,80,80,80,80,80,80,80,80,80,80,80,80,80,80,80,80,80,80,80,80,80,80,80,80,80,80,80,80,80,80,80,86,86,86,86,86,82,82,82,82],"card_choices":[{"not_picked":["Infernal Blade","Havoc"],"picked":"Entrench","floor":1.0},{"not_picked":["Clothesline","Headbutt","Clash"],"picked":"SKIP","floor":3.0},{"not_picked":["Thunderclap","Infernal Blade"],"picked":"Rampage","floor":7.0},{"not_picked":["Heavy Blade","Twin Strike","Dual Wield"],"picked":"SKIP","floor":8.0},{"not_picked":["Sword Boomerang","Twin Strike"],"picked":"Carnage","floor":11.0},{"not_picked":["Iron Wave","Bloodletting"],"picked":"Reaper","floor":12.0},{"not_picked":["Cleave","Twin Strike","Anger"],"picked":"SKIP","floor":14.0},{"not_picked":["Dark Embrace","Fiend Fire"],"picked":"Reaper","floor":16.0},{"not_picked":["Pommel Strike","Body Slam"],"picked":"Carnage","floor":18.0},{"not_picked":["Pommel Strike","Berserk"],"picked":"Armaments+1","floor":25.0},{"not_picked":["Sword Boomerang","Twin Strike"],"picked":"Shrug It Off+1","floor":28.0},{"not_picked":["Shrug It Off+1","Warcry"],"picked":"Juggernaut","floor":30.0},{"not_picked":["Armaments+1","True Grit"],"picked":"Whirlwind","floor":31.0},{"not_picked":["Berserk","Fiend Fire"],"picked":"Impervious","floor":33},{"not_picked":["Carnage+1","Whirlwind"],"picked":"Inflame","floor":35},{"not_picked":["Sword Boomerang+1","Clothesline"],"picked":"Uppercut+1","floor":38},{"not_picked":["True Grit+1","Wild Strike","Brutality"],"picked":"SKIP","floor":40},{"not_picked":["Pommel Strike+1","Thunderclap","Twin Strike+1"],"picked":"SKIP","floor":42},{"not_picked":["Burning Pact+1","Warcry"],"picked":"Heavy Blade+1","floor":44},{"not_picked":["Disarm","Cleave+1","Feel No Pain"],"picked":"SKIP","floor":45}],"player_experience":288954,"relics_obtained":[{"floor":9.0,"key":"Dream Catcher"},{"floor":12.0,"key":"Happy Flower"},{"floor":25.0,"key":"The Courier"},{"floor":26.0,"key":"Vajra"},{"floor":28.0,"key":"Darkstone Periapt"},{"floor":36,"key":"StoneCalendar"},{"floor":40,"key":"Red Skull"},{"floor":43,"key":"Oddly Smooth Stone"}],"event_choices":[{"damage_healed":0.0,"max_hp_gain":0.0,"max_hp_loss":0.0,"gold_gain":0.0,"event_name":"Living Wall","player_choice":"Grow","floor":4.0,"gold_loss":0.0,"damage_taken":0.0,"cards_upgraded":["Entrench"]},{"damage_healed":0.0,"max_hp_gain":0.0,"max_hp_loss":0.0,"gold_gain":75.0,"event_name":"FaceTrader","player_choice":"Touch","floor":13.0,"gold_loss":0.0,"damage_taken":8.0},{"damage_healed":0.0,"max_hp_gain":0.0,"max_hp_loss":0.0,"gold_gain":0.0,"event_name":"The Library","player_choice":"Read","floor":19.0,"gold_loss":0.0,"damage_taken":0.0,"cards_obtained":["Flame Barrier"]},{"damage_healed":0.0,"max_hp_gain":0.0,"max_hp_loss":0.0,"gold_gain":0.0,"event_name":"Drug Dealer","player_choice":"Inject Mutagens","floor":20.0,"gold_loss":0.0,"damage_taken":0.0,"relics_obtained":["MutagenicStrength"]},{"damage_healed":0.0,"max_hp_gain":0.0,"max_hp_loss":0.0,"gold_gain":0.0,"event_name":"The Mausoleum","player_choice":"Opened","floor":22.0,"gold_loss":0.0,"damage_taken":0.0,"relics_obtained":["Shuriken"],"cards_obtained":["Writhe"]},{"damage_healed":0,"gold_gain":0,"player_choice":"Fight","damage_taken":0,"max_hp_gain":0,"max_hp_loss":0,"event_name":"Mysterious Sphere","floor":36,"gold_loss":0},{"cards_removed":["Strike_R"],"damage_healed":0,"gold_gain":0,"player_choice":"Removed Attack","damage_taken":0,"max_hp_gain":0,"max_hp_loss":0,"event_name":"Falling","floor":39,"gold_loss":0},{"damage_healed":0,"gold_gain":0,"player_choice":"Max HP","damage_taken":0,"max_hp_gain":0,"max_hp_loss":4,"event_name":"Winding Halls","floor":47,"gold_loss":0}],"is_beta":false,"boss_relics":[{"not_picked":["Sozu","Philosopher\u0027s Stone"],"picked":"Snecko Eye"},{"not_picked":["Runic Pyramid","Eternal Feather"],"picked":"Fusion Hammer"}],"items_purged_floors":[2,21,24,41],"is_endless":false,"potions_floor_spawned":[1,7,8,12,25,28,31,38,40,42],"ascension_level":10}