{"path_per_floor":["M","M","?","?","?","E","R","M","T","M","?","M","E","$","R","B",null,"M","?","M","M","?","E","M","R","T","E","M","$","R","E","R","B",null,"M","?","?","$","?","E","R","T","T","E","T","E","R","M","R","B"],"character_chosen":"THE_SILENT","items_purchased":["Ice Cream","Secret Weapon","Happy Flower","Tiny Chest"],"gold_per_floor":[114,129,129,304,304,334,334,349,374,389,464,479,509,9,9,109,109,124,39,54,69,69,99,114,114,114,144,159,9,9,39,39,139,139,154,154,154,34,0,30,30,30,30,60,60,90,90,105,105,105],"floor_reached":51,"campfire_rested":1,"playtime":3402,"current_hp_per_floor":[70,70,56,56,56,39,60,60,60,74,63,62,62,62,62,34,84,84,84,74,78,78,78,78,78,78,78,77,77,77,83,83,72,91,89,78,78,78,78,76,76,76,78,80,80,81,81,77,77,56],"items_purged":[],"gold":105,"score":999,"play_id":"54567045-a7e0-480c-b322-dca41a7efcaa","local_time":"20180403024314","daily_mods":["Draft","Lethality","Vintage"],"is_prod":false,"is_daily":true,"is_ascension_mode":false,"campfire_upgraded":3,"timestamp":1522719794,"path_taken":["M","M","?","?","?","E","R","M","T","M","?","M","E","$","R","BOSS","M","?","M","M","?","E","M","R","T","E","M","$","R","E","R","BOSS","M","?","?","?","?","E","R","?","T","E","?","E","R","M","R","BOSS"],"build_version":"2018-03-29","purchased_purges":0,"victory":true,"master_deck":["Backflip+1","Prepared","Dagger Spray+1","Cloak And Dagger+1","Concentrate+1","Acrobatics+1","PiercingWail+1","Footwork","Terror","Dodge and Roll","Backstab+1","Dodge and Roll","Flying Knee+1","Predator","Leg Sweep","Secret Weapon+1","Tools of the Trade","Riddle With Holes","Backstab","Infinite Blades","Reflex+1","Well Laid Plans+1","Night Terror","Pain","Injury","Regret","Madness","Madness","Underhanded Strike"],"max_hp_per_floor":[70,70,70,70,70,70,70,70,70,84,84,84,84,84,84,84,84,84,84,84,84,84,84,84,84,84,84,84,84,84,91,91,91,91,91,91,91,91,91,91,91,91,93,95,95,97,97,97,97,97],"relics":["Ring of the Snake","Dodecahedron","Kunai","Girya","Dream Catcher","Snake Skull","Mango","Matryoshka","Anchor","Ice Cream","Regal Pillow","Orrery","Toolbox","Orichalcum","Bag of Preparation","Gremlin Horn","Juzu Bracelet","War Paint","Bag of Marbles","Torii","Art of War","Centennial Puzzle","Happy Flower","Strawberry","Bottled Flame","Calling Bell","Pen Nib","Blue Candle","Omamori","Whetstone","Tiny Chest","Red Mask","Vajra","Singing Bowl","Prayer Wheel","Dead Branch","Meat on the Bone","Shovel","Ancient Tea Set","Mercury Hourglass","Unceasing Top"],"card_choices":[{"not_picked":["Endless Agony","Skewer"],"picked":"Backflip","floor":0},{"not_picked":["Deadly Poison","Slice"],"picked":"Prepared","floor":0},{"not_picked":["Bane","Flying Knee"],"picked":"Dagger Spray","floor":0},{"not_picked":["Deadly Poison","Acrobatics"],"picked":"Cloak And Dagger","floor":0},{"not_picked":["Deadly Poison","Flying Knee"],"picked":"Concentrate","floor":0},{"not_picked":["Sucker Punch","Prepared"],"picked":"Acrobatics","floor":0},{"not_picked":["Quick Slash","Deflect"],"picked":"PiercingWail","floor":0},{"not_picked":["Bane","Underhanded Strike"],"picked":"Footwork","floor":0},{"not_picked":["Endless Agony","Prepared"],"picked":"Terror","floor":0},{"not_picked":["Deadly Poison","Reflex"],"picked":"Dodge and Roll","floor":0},{"not_picked":["Slice","Poisoned Stab"],"picked":"Prepared","floor":0},{"not_picked":["Sucker Punch","Quick Slash"],"picked":"Backstab","floor":0},{"not_picked":["Dagger Spray","Footwork"],"picked":"Dodge and Roll","floor":0},{"not_picked":["Deadly Poison","PiercingWail"],"picked":"Flying Knee","floor":0},{"not_picked":["Slice","Sucker Punch"],"picked":"Predator","floor":0},{"not_picked":["Cloak And Dagger","Bane"],"picked":"Leg Sweep","floor":13},{"not_picked":["Phantasmal Killer","After Image"],"picked":"Tools of the Trade","floor":16},{"not_picked":["Infinite Blades","Dodge and Roll"],"picked":"Riddle With Holes","floor":17},{"not_picked":["Poisoned Stab","Bane"],"picked":"Backstab","floor":17},{"not_picked":["Outmaneuver","Sucker Punch"],"picked":"Infinite Blades","floor":17},{"not_picked":["Heel Hook","Deadly Poison"],"picked":"Reflex","floor":23},{"not_picked":["Eviscerate","Unload"],"picked":"Well Laid Plans","floor":31},{"not_picked":["Corpse Explosion","Doppelganger"],"picked":"Night Terror","floor":33},{"not_picked":["Poisoned Stab","Infinite Blades"],"picked":"Underhanded Strike","floor":45}],"player_experience":51166,"potions_floor_usage":[13,23,33,33,50,50,50],"damage_taken":[{"damage":0,"enemies":"Jaw Worm","floor":1,"turns":1},{"damage":0,"enemies":"Small Slimes","floor":2,"turns":1},{"damage":17,"enemies":"Gremlin Nob","floor":6,"turns":3},{"damage":0,"enemies":"2 Louse","floor":8,"turns":1},{"damage":0,"enemies":"Exordium Thugs","floor":10,"turns":3},{"damage":1,"enemies":"Looter","floor":12,"turns":2},{"damage":0,"enemies":"Lagavulin","floor":13,"turns":2},{"damage":28,"enemies":"The Guardian","floor":16,"turns":8},{"damage":0,"enemies":"Shell Parasite","floor":18,"turns":4},{"damage":10,"enemies":"3 Byrds","floor":20,"turns":2},{"damage":0,"enemies":"Snake Plant","floor":21,"turns":2},{"damage":0,"enemies":"Book of Stabbing","floor":23,"turns":4},{"damage":0,"enemies":"Snecko","floor":24,"turns":4},{"damage":0,"enemies":"Slavers","floor":27,"turns":1},{"damage":1,"enemies":"3 Cultists","floor":28,"turns":4},{"damage":1,"enemies":"Book of Stabbing","floor":31,"turns":2},{"damage":11,"enemies":"Automaton","floor":33,"turns":4},{"damage":2,"enemies":"Flame Bruiser 1 Orb","floor":35,"turns":1},{"damage":2,"enemies":"Nemesis","floor":40,"turns":3},{"damage":0,"enemies":"2 Orb Walkers","floor":44,"turns":1},{"damage":1,"enemies":"Nemesis","floor":46,"turns":1},{"damage":4,"enemies":"Orb Walker","floor":48,"turns":1},{"damage":21,"enemies":"Donu and Deca","floor":50,"turns":6}],"event_choices":[{"event_name":"Shining Light","player_choice":"Entered Light","floor":3,"damage_taken":0},{"event_name":"Liars Game","player_choice":"agreed","floor":4,"damage_taken":0},{"event_name":"Fountain of Cleansing","player_choice":"Removed Curse","floor":5,"damage_taken":0},{"event_name":"World of Goop","player_choice":"Gather Gold","floor":11,"damage_taken":0},{"event_name":"Addict","player_choice":"Obtained Relic","floor":19,"damage_taken":0},{"event_name":"Back to Basics","player_choice":"Elegance","floor":22,"damage_taken":0},{"event_name":"Winding Halls","player_choice":"Embrace Madness","floor":36,"damage_taken":0},{"event_name":"Upgrade Shrine","player_choice":"Upgraded","floor":37,"damage_taken":0},{"event_name":"Tomb of Lord Red Mask","player_choice":"Paid","floor":39,"damage_taken":0}],"boss_relics":[{"not_picked":["Pandora\u0027s Box","Ectoplasm"],"picked":"Orrery"},{"not_picked":["Runic Pyramid","Runic Dome"],"picked":"Calling Bell"}],"potions_floor_spawned":[1,8,13,20,23,27,28,33,44,46,48],"seed_played":"-1662538699464581521","ascension_level":0,"is_trial":false}