{"gold_per_floor":[111,125,125,125,145,184,209,209],"floor_reached":8,"playtime":449,"items_purged":[],"score":64,"play_id":"6ed4d783-ec81-4cdd-a8d3-78a89729e922","local_time":"20190131204804","is_ascension_mode":true,"campfire_choices":[],"neow_cost":"NONE","seed_source_timestamp":23208835962025,"circlet_count":0,"master_deck":["Defend_G","Defend_G","Defend_G","Defend_G","Defend_G","Strike_G","Strike_G","Strike_G","Strike_G","Strike_G","Survivor","Neutralize+1","Prepared","Slice","Flying Knee"],"relics":["Ring of the Snake","Golden Idol","Snake Skull"],"potions_floor_usage":[6,8],"damage_taken":[{"damage":0,"enemies":"2 Louse","floor":1,"turns":4},{"damage":4,"enemies":"Small Slimes","floor":2,"turns":5},{"damage":0,"enemies":"Jaw Worm","floor":5,"turns":7},{"damage":30,"enemies":"Gremlin Nob","floor":6,"turns":6},{"damage":19,"enemies":"Lots of Slimes","floor":7,"turns":6},{"damage":30,"enemies":"3 Sentries","floor":8,"turns":8}],"seed_played":"-5518397193100174260","potions_obtained":[{"floor":2,"key":"PowerPotion"},{"floor":6,"key":"Swift Potion"}],"is_trial":false,"path_per_floor":["M","M","?","?","M","E","M","E"],"character_chosen":"THE_SILENT","items_purchased":[],"campfire_rested":0,"item_purchase_floors":[],"current_hp_per_floor":[77,73,71,71,71,41,22,0],"gold":209,"neow_bonus":"TEN_PERCENT_HP_BONUS","is_prod":false,"is_daily":false,"chose_seed":false,"campfire_upgraded":0,"win_rate":0,"timestamp":1548964084,"path_taken":["M","M","?","?","M","E","M","E"],"build_version":"2019-01-23","purchased_purges":0,"victory":false,"max_hp_per_floor":[77,77,71,71,71,71,71,71],"card_choices":[{"not_picked":["Outmaneuver","Caltrops","Flechettes"],"picked":"SKIP","floor":1},{"not_picked":["Dagger Spray","Leg Sweep","Backflip"],"picked":"SKIP","floor":2},{"not_picked":["Bouncing Flask","Blade Dance"],"picked":"Prepared","floor":5},{"not_picked":["Prepared","Dagger Spray"],"picked":"Slice","floor":6},{"not_picked":["Cloak And Dagger","Flechettes"],"picked":"Flying Knee","floor":7}],"player_experience":142154,"relics_obtained":[{"floor":6,"key":"Snake Skull"}],"event_choices":[{"damage_healed":0,"gold_gain":0,"player_choice":"Lose Max HP","damage_taken":0,"relics_obtained":["Golden Idol"],"max_hp_gain":0,"max_hp_loss":6,"event_name":"Golden Idol","floor":3,"gold_loss":0},{"damage_healed":0,"gold_gain":0,"player_choice":"Grow","damage_taken":0,"max_hp_gain":0,"max_hp_loss":0,"event_name":"Living Wall","floor":4,"gold_loss":0,"cards_upgraded":["Neutralize"]}],"is_beta":false,"boss_relics":[],"items_purged_floors":[],"is_endless":false,"potions_floor_spawned":[2,6],"killed_by":"3 Sentries","ascension_level":2}