{"gold_per_floor":[111,111,111,130,80,80,155,1,28,43,66,66,102,118,118,118],"floor_reached":16,"playtime":684,"items_purged":["Strike_G"],"score":155,"play_id":"3b6a89c6-dce1-4a6b-9711-f69a42d7bc6b","local_time":"20190129215531","is_ascension_mode":true,"campfire_choices":[{"data":"Deep Breath","floor":6,"key":"SMITH"},{"floor":15,"key":"REST"}],"neow_cost":"TEN_PERCENT_HP_LOSS","seed_source_timestamp":1662082188945760,"circlet_count":0,"master_deck":["AscendersBane","Defend_G","Defend_G","Defend_G","Defend_G","Strike_G+1","Strike_G+1","Strike_G","Survivor","Neutralize","Swift Strike","Deep Breath+1","Endless Agony","Distraction","Infinite Blades","Skewer","Die Die Die","Blur"],"relics":["Ring of the Snake","Golden Idol","Snake Skull","Pear"],"potions_floor_usage":[11,13,13],"damage_taken":[{"damage":9,"enemies":"Jaw Worm","floor":1,"turns":6},{"damage":0,"enemies":"Small Slimes","floor":4,"turns":3},{"damage":0,"enemies":"2 Louse","floor":10,"turns":2},{"damage":3,"enemies":"2 Fungi Beasts","floor":11,"turns":3},{"damage":25,"enemies":"Lagavulin","floor":13,"turns":4},{"damage":1,"enemies":"3 Louse","floor":14,"turns":3},{"damage":34,"enemies":"Hexaghost","floor":16,"turns":11}],"seed_played":"5219370635524596594","potions_obtained":[{"floor":1,"key":"AttackPotion"},{"floor":10,"key":"AttackPotion"},{"floor":11,"key":"AttackPotion"}],"is_trial":false,"path_per_floor":["M","?","?","M","?","R","?","$","T","M","M","?","E","M","R","B"],"character_chosen":"THE_SILENT","items_purchased":["Infinite Blades"],"campfire_rested":1,"item_purchase_floors":[8],"current_hp_per_floor":[54,54,42,42,42,42,31,31,31,31,28,28,13,12,32,0],"gold":118,"neow_bonus":"RANDOM_COLORLESS_2","is_prod":false,"is_daily":false,"chose_seed":false,"campfire_upgraded":1,"win_rate":0,"timestamp":1548798931,"path_taken":["M","?","?","M","?","R","?","$","T","M","M","?","E","M","R","BOSS"],"build_version":"2019-01-23","purchased_purges":1,"victory":false,"max_hp_per_floor":[63,58,58,58,58,58,58,58,58,58,58,58,68,68,68,68],"card_choices":[{"not_picked":["Slice","Cloak And Dagger"],"picked":"Endless Agony","floor":1},{"not_picked":["Poisoned Stab","Slice"],"picked":"Distraction","floor":4},{"not_picked":["Slice","Quick Slash"],"picked":"Skewer","floor":10},{"not_picked":["Blade Dance","Reflex","Cloak And Dagger"],"picked":"SKIP","floor":11},{"not_picked":["Dodge and Roll","Flechettes"],"picked":"Blur","floor":13},{"not_picked":["Deflect","Prepared","Catalyst"],"picked":"SKIP","floor":14}],"player_experience":522793,"relics_obtained":[{"floor":9,"key":"Snake Skull"},{"floor":13,"key":"Pear"}],"event_choices":[{"damage_healed":0,"gold_gain":0,"player_choice":"Lose Max HP","damage_taken":0,"relics_obtained":["Golden Idol"],"max_hp_gain":0,"max_hp_loss":5,"event_name":"Golden Idol","floor":2,"gold_loss":0},{"damage_healed":0,"gold_gain":0,"player_choice":"Entered Light","damage_taken":12,"max_hp_gain":0,"max_hp_loss":0,"event_name":"Shining Light","floor":3,"gold_loss":0,"cards_upgraded":["Strike_G","Strike_G"]},{"cards_removed":["Strike_G"],"damage_healed":0,"gold_gain":0,"player_choice":"Card Removal","damage_taken":0,"max_hp_gain":0,"max_hp_loss":0,"event_name":"The Cleric","floor":5,"gold_loss":50},{"damage_healed":0,"gold_gain":75,"player_choice":"Gather Gold","damage_taken":11,"max_hp_gain":0,"max_hp_loss":0,"event_name":"World of Goop","floor":7,"gold_loss":0},{"damage_healed":0,"gold_gain":0,"cards_transformed":["Defend_G"],"player_choice":"Change","damage_taken":0,"max_hp_gain":0,"max_hp_loss":0,"event_name":"Living Wall","floor":12,"gold_loss":0,"cards_obtained":["Die Die Die"]}],"is_beta":true,"boss_relics":[],"items_purged_floors":[8],"is_endless":false,"potions_floor_spawned":[1,10,11],"killed_by":"Hexaghost","ascension_level":11}