{"gold_per_floor":[113,113,132,32,207,207,22,22,47,60,90,90,116,66,66,66],"floor_reached":16,"playtime":423,"items_purged":["Regret"],"score":130,"play_id":"7ece38b0-3bdc-4e81-90ae-e63ce8b1e28d","local_time":"20190105220024","is_ascension_mode":true,"campfire_choices":[{"data":"1","floor":6,"key":"LIFT"},{"data":"Metamorphosis","floor":8,"key":"SMITH"},{"floor":15,"key":"REST"}],"neow_cost":"CURSE","seed_source_timestamp":261819624727053,"circlet_count":0,"master_deck":["Strike_B","Strike_B","Strike_B","Strike_B","Defend_B","Defend_B","Defend_B","Defend_B","Zap","Dualcast","Regret","Go for the Eyes","Beam Cell","Sweeping Beam","Metamorphosis+1","Gash"],"relics":["Cracked Core","Girya","Ornamental Fan","Vajra","Letter Opener","Odd Mushroom"],"potions_floor_usage":[11],"damage_taken":[{"damage":6,"enemies":"2 Louse","floor":1,"turns":4},{"damage":10,"enemies":"Jaw Worm","floor":3,"turns":4},{"damage":6,"enemies":"Cultist","floor":10,"turns":3},{"damage":16,"enemies":"3 Sentries","floor":11,"turns":6},{"damage":12,"enemies":"The Mushroom Lair","floor":13,"turns":3},{"damage":36,"enemies":"The Guardian","floor":16,"turns":4}],"seed_played":"8974018927114810164","potions_obtained":[{"floor":10,"key":"GamblersBrew"}],"is_trial":false,"path_per_floor":["M","?","M","$","?","R","$","R","T","M","E","?","?","$","R","B"],"character_chosen":"DEFECT","items_purchased":["Sweeping Beam","Metamorphosis","Gash"],"campfire_rested":1,"item_purchase_floors":[4,7,14],"current_hp_per_floor":[62,62,52,52,52,52,52,52,52,46,30,23,11,11,33,0],"gold":66,"neow_bonus":"ONE_RARE_RELIC","is_prod":false,"is_daily":false,"chose_seed":false,"campfire_upgraded":1,"win_rate":0,"timestamp":1546725624,"path_taken":["M","?","M","$","?","R","?","R","T","?","E","?","?","$","R","BOSS"],"build_version":"2019-01-03v4","purchased_purges":1,"victory":false,"max_hp_per_floor":[75,75,75,75,75,75,75,75,75,75,75,75,75,75,75,75],"card_choices":[{"not_picked":["Hologram","Conserve Battery"],"picked":"Go for the Eyes","floor":1},{"not_picked":["Rebound","Storm"],"picked":"Beam Cell","floor":3},{"not_picked":["Loop","Heatsinks","Rebound"],"picked":"SKIP","floor":10},{"not_picked":["Rebound","Redo","Loop"],"picked":"SKIP","floor":11}],"player_experience":373622,"relics_obtained":[{"floor":9,"key":"Vajra"},{"floor":11,"key":"Letter Opener"},{"floor":13,"key":"Odd Mushroom"}],"event_choices":[{"damage_healed":0,"gold_gain":0,"player_choice":"Box","damage_taken":0,"relics_obtained":["Ornamental Fan"],"max_hp_gain":0,"max_hp_loss":0,"event_name":"Big Fish","floor":2,"gold_loss":0,"cards_obtained":["Regret"]},{"damage_healed":0,"gold_gain":175,"player_choice":"AGREE","damage_taken":0,"max_hp_gain":0,"max_hp_loss":0,"event_name":"Liars Game","floor":5,"gold_loss":0,"cards_obtained":["Doubt"]},{"cards_removed":["Doubt"],"damage_healed":0,"gold_gain":0,"player_choice":"Card Removal","damage_taken":7,"max_hp_gain":0,"max_hp_loss":0,"event_name":"Golden Wing","floor":12,"gold_loss":0},{"damage_healed":0,"gold_gain":0,"player_choice":"Fought Mushrooms","damage_taken":0,"max_hp_gain":0,"max_hp_loss":0,"event_name":"Mushrooms","floor":13,"gold_loss":0}],"is_beta":true,"boss_relics":[],"items_purged_floors":[4],"is_endless":false,"potions_floor_spawned":[10],"killed_by":"The Guardian","ascension_level":7}