{"gold_per_floor":[118,135,85,101,117,151,166,166,166,107,126,141,153,153,153,249,249,266,181,3,103,103,136,136,235,235,250,280,280,298,298,298,398,398,411,425,17,28,41,41,64,91,91,102,102,102,117,128,128,128,128,128,26,53,53],"floor_reached":56,"playtime":3871,"items_purged":["Strike_G"],"score":1281,"play_id":"63908967-6b65-48d9-947b-a9d82abf131e","local_time":"20181119192748","is_ascension_mode":false,"campfire_choices":[{"floor":8.0,"key":"RECALL"},{"floor":15.0,"key":"REST"},{"floor":24.0,"key":"REST"},{"floor":29.0,"key":"REST"},{"floor":32.0,"key":"REST"},{"floor":40,"key":"REST"},{"floor":49,"key":"REST"},{"floor":52,"key":"REST"}],"neow_cost":"NONE","seed_source_timestamp":0,"circlet_count":0,"master_deck":["Defend_G","Defend_G","Defend_G","Strike_G","Strike_G","Survivor","Neutralize","Backflip","Distraction","Dagger Spray","Bouncing Flask","Dash","Infinite Blades","Blade Dance","PiercingWail","Doppelganger","Apotheosis","PiercingWail","PiercingWail+1","Prepared+1","Night Terror+1","Malaise+1","Distraction+1","Enlightenment+1","Steam Power+1","Recycle+1","Bloodletting+1","Malaise+1","Blade Dance+1","Magnetism"],"special_seed":0,"relics":["Ring of the Snake","Ninja Scroll","Gremlin Horn","Dead Branch","Empty Cage","Darkstone Periapt","Nunchaku","Shuriken","FossilizedHelix","Toxic Egg 2","Red Mask","Fusion Hammer","PrismaticShard","PreservedInsect","Centennial Puzzle","Question Card","Dream Catcher"],"potions_floor_usage":[33,50,55,55,55],"damage_taken":[{"damage":0.0,"enemies":"Small Slimes","floor":1.0,"turns":4.0},{"damage":0.0,"enemies":"2 Louse","floor":2.0,"turns":3.0},{"damage":1.0,"enemies":"Cultist","floor":4.0,"turns":4.0},{"damage":3.0,"enemies":"Large Slime","floor":5.0,"turns":11.0},{"damage":28.0,"enemies":"Gremlin Nob","floor":6.0,"turns":4.0},{"damage":0.0,"enemies":"3 Louse","floor":7.0,"turns":2.0},{"damage":0.0,"enemies":"Exordium Thugs","floor":11.0,"turns":4.0},{"damage":0.0,"enemies":"Blue Slaver","floor":12.0,"turns":2.0},{"damage":5.0,"enemies":"2 Fungi Beasts","floor":13.0,"turns":3.0},{"damage":7.0,"enemies":"Slime Boss","floor":16.0,"turns":8.0},{"damage":7.0,"enemies":"2 Thieves","floor":18.0,"turns":4.0},{"damage":11.0,"enemies":"Colosseum Slavers","floor":21.0,"turns":6.0},{"damage":55.0,"enemies":"Colosseum Nobs","floor":21.0,"turns":5.0},{"damage":8.0,"enemies":"Slavers","floor":23.0,"turns":6.0},{"damage":0.0,"enemies":"3 Byrds","floor":27.0,"turns":2.0},{"damage":0.0,"enemies":"Masked Bandits","floor":28.0,"turns":1.0},{"damage":0.0,"enemies":"Snake Plant","floor":30.0,"turns":5.0},{"damage":23,"enemies":"Automaton","floor":33,"turns":7},{"damage":0,"enemies":"Orb Walker","floor":35,"turns":2},{"damage":0,"enemies":"3 Shapes","floor":36,"turns":3},{"damage":0,"enemies":"Jaw Worm Horde","floor":38,"turns":3},{"damage":14,"enemies":"Spire Growth","floor":39,"turns":4},{"damage":0,"enemies":"Nemesis","floor":42,"turns":3},{"damage":0,"enemies":"4 Shapes","floor":44,"turns":1},{"damage":0,"enemies":"Transient","floor":47,"turns":5},{"damage":0,"enemies":"Jaw Worm Horde","floor":48,"turns":3},{"damage":6,"enemies":"Time Eater","floor":50,"turns":7},{"damage":10,"enemies":"Shield and Spear","floor":54,"turns":3},{"damage":66,"enemies":"The Heart","floor":55,"turns":8}],"seed_played":"-673530871588141635","potions_obtained":[{"floor":4.0,"key":"SkillPotion"},{"floor":12.0,"key":"PowerPotion"},{"floor":13.0,"key":"SpeedPotion"},{"floor":16.0,"key":"Ancient Potion"},{"floor":21.0,"key":"Fruit Juice"},{"floor":23.0,"key":"Explosive Potion"},{"floor":30.0,"key":"SkillPotion"},{"floor":31.0,"key":"Strength Potion"},{"floor":31.0,"key":"Poison Potion"},{"floor":36,"key":"SneckoOil"},{"floor":39,"key":"PowerPotion"},{"floor":42,"key":"GhostInAJar"}],"is_trial":false,"path_per_floor":["M","M","?","M","M","E","M","R","T","?","M","M","M","?","R","B",null,"M","?","$","?","?","E","R","?","T","M","?","R","M","?","R","B",null,"M","M","$","M","M","R","T","E","T","M","$","?","M","M","R","B",null,"R","$","E","B",null],"character_chosen":"THE_SILENT","items_purchased":["Apotheosis","PrismaticShard","Enlightenment+1","PowerPotion","Blade Dance+1","Energy Potion"],"campfire_rested":7,"item_purchase_floors":[20,37,37,37,53,53],"current_hp_per_floor":[77,77,77,76,73,45,45,45,45,45,45,45,40,33,56,49,77,70,70,70,9,9,1,25,25,25,25,25,49,49,49,73,50,82,82,82,82,82,68,82,82,82,82,82,82,82,82,82,82,76,82,82,82,72,6],"gold":53,"neow_bonus":"TEN_PERCENT_HP_BONUS","is_prod":false,"is_daily":false,"chose_seed":false,"campfire_upgraded":0,"win_rate":0,"timestamp":1542655668,"path_taken":["M","M","?","M","M","E","M","R","T","?","M","?","M","?","R","BOSS","M","?","$","?","?","E","R","?","T","M","?","R","M","?","R","BOSS","M","M","$","?","M","R","?","E","T","M","$","?","M","M","R","BOSS","R","$","E","BOSS"],"build_version":"2018-11-15","purchased_purges":1,"victory":true,"max_hp_per_floor":[77,77,77,77,77,77,77,77,77,77,77,77,77,77,77,77,77,77,77,77,82,82,82,82,82,82,82,82,82,82,82,82,82,82,82,82,82,82,82,82,82,82,82,82,82,82,82,82,82,82,82,82,82,82,82],"card_choices":[{"not_picked":["Prepared","Acrobatics"],"picked":"Backflip","floor":1.0},{"not_picked":["Acrobatics","Masterful Stab"],"picked":"Distraction","floor":2.0},{"not_picked":["Underhanded Strike","Blade Dance"],"picked":"Dagger Spray","floor":4.0},{"not_picked":["Dodge and Roll","Quick Slash"],"picked":"Bouncing Flask","floor":5.0},{"not_picked":["Slice","Poisoned Stab"],"picked":"Dash","floor":6.0},{"not_picked":["Outmaneuver","Reflex"],"picked":"Infinite Blades","floor":7.0},{"not_picked":["Outmaneuver","Malaise"],"picked":"Blade Dance","floor":11.0},{"not_picked":["Prepared","Terror","Choke"],"picked":"SKIP","floor":12.0},{"not_picked":["Quick Slash","Outmaneuver"],"picked":"PiercingWail","floor":13.0},{"not_picked":["Grand Finale","Wraith Form v2"],"picked":"Doppelganger","floor":16.0},{"not_picked":["Poisoned Stab","Distraction"],"picked":"Footwork","floor":18.0},{"not_picked":["Dodge and Roll+1","Backflip"],"picked":"PiercingWail","floor":21.0},{"not_picked":["Prepared","Quick Slash"],"picked":"PiercingWail+1","floor":23.0},{"not_picked":["Backflip+1","Dash","Outmaneuver+1"],"picked":"SKIP","floor":27.0},{"not_picked":["Backflip+1","Skewer"],"picked":"Prepared+1","floor":28.0},{"not_picked":["Noxious Fumes","Deflect+1"],"picked":"Night Terror+1","floor":30.0},{"not_picked":["Grand Finale","A Thousand Cuts"],"picked":"Malaise+1","floor":33},{"not_picked":["Underhanded Strike","Dodge and Roll+1"],"picked":"Distraction+1","floor":35},{"not_picked":["Expertise+1","Dodge and Roll+1","Eviscerate+1"],"picked":"SKIP","floor":36},{"not_picked":["Dagger Spray+1","Body Slam"],"picked":"Steam Power+1","floor":38},{"not_picked":["Masterful Stab+1","True Grit+1"],"picked":"Recycle+1","floor":39},{"not_picked":["Flex+1","Leap+1","Uppercut+1"],"picked":"SKIP","floor":42},{"not_picked":["Body Slam+1","Reckless Charge+1","Leap+1"],"picked":"Bloodletting+1","floor":44},{"not_picked":["Sweeping Beam","Quick Slash+1","Barrage+1","Dagger Throw"],"picked":"SKIP","floor":47},{"not_picked":["Body Slam","Sword Boomerang","Searing Blow+1"],"picked":"Malaise+1","floor":48},{"not_picked":["Redo+1","Outmaneuver+1","Bane+1"],"picked":"Magnetism","floor":54}],"player_experience":319784,"relics_obtained":[{"floor":6.0,"key":"Ninja Scroll"},{"floor":9.0,"key":"Gremlin Horn"},{"floor":21.0,"key":"Nunchaku"},{"floor":21.0,"key":"Shuriken"},{"floor":23.0,"key":"Toxic Egg 2"},{"floor":28.0,"key":"Red Mask"},{"floor":41,"key":"PreservedInsect"},{"floor":42,"key":"Centennial Puzzle"},{"floor":43,"key":"Question Card"},{"floor":54,"key":"Dream Catcher"}],"event_choices":[{"cards_removed":["Defend_G"],"damage_healed":0.0,"max_hp_gain":0.0,"max_hp_loss":0.0,"gold_gain":0.0,"event_name":"The Cleric","player_choice":"Card Removal","floor":3.0,"gold_loss":50.0,"damage_taken":0.0},{"damage_healed":0.0,"max_hp_gain":0.0,"max_hp_loss":0.0,"gold_gain":0.0,"event_name":"WeMeetAgain","player_choice":"Paid Gold","floor":10.0,"gold_loss":59.0,"damage_taken":0.0,"relics_obtained":["Dead Branch"]},{"cards_removed":["Strike_G"],"damage_healed":0.0,"max_hp_gain":0.0,"max_hp_loss":0.0,"gold_gain":0.0,"event_name":"Golden Wing","player_choice":"Card Removal","floor":14.0,"gold_loss":0.0,"damage_taken":7.0},{"damage_healed":0.0,"max_hp_gain":0.0,"max_hp_loss":0.0,"gold_gain":0.0,"event_name":"Addict","player_choice":"Obtained Relic","floor":19.0,"gold_loss":85.0,"damage_taken":0.0,"relics_obtained":["Darkstone Periapt"]},{"damage_healed":0.0,"max_hp_gain":0.0,"max_hp_loss":0.0,"gold_gain":0.0,"event_name":"Colosseum","player_choice":"Fight","floor":21.0,"gold_loss":0.0,"damage_taken":0.0},{"damage_healed":0.0,"max_hp_gain":0.0,"max_hp_loss":0.0,"gold_gain":0.0,"event_name":"Colosseum","player_choice":"Fought Nobs","floor":21.0,"gold_loss":0.0,"damage_taken":0.0},{"damage_healed":0.0,"max_hp_gain":0.0,"max_hp_loss":0.0,"gold_gain":0.0,"event_name":"The Mausoleum","player_choice":"Opened","floor":22.0,"gold_loss":0.0,"damage_taken":0.0,"relics_obtained":["FossilizedHelix"]},{"damage_healed":0.0,"max_hp_gain":0.0,"max_hp_loss":0.0,"gold_gain":99.0,"event_name":"Nest","player_choice":"Stole From Cult","floor":25.0,"gold_loss":0.0,"damage_taken":0.0},{"damage_healed":0.0,"max_hp_gain":0.0,"max_hp_loss":0.0,"gold_gain":0.0,"event_name":"Masked Bandits","player_choice":"Fought Bandits","floor":28.0,"gold_loss":0.0,"damage_taken":0.0},{"damage_healed":0.0,"max_hp_gain":0.0,"max_hp_loss":0.0,"gold_gain":0.0,"event_name":"Lab","player_choice":"Got Potions","floor":31.0,"gold_loss":0.0,"damage_taken":0.0},{"cards_removed":["Footwork"],"damage_healed":0,"gold_gain":0,"player_choice":"Removed Power","damage_taken":0,"max_hp_gain":0,"max_hp_loss":0,"event_name":"Falling","floor":46,"gold_loss":0}],"is_beta":true,"boss_relics":[{"not_picked":["Philosopher\u0027s Stone","Busted Crown"],"picked":"Empty Cage"},{"not_picked":["Snecko Eye","Astrolabe"],"picked":"Fusion Hammer"}],"items_purged_floors":[37],"is_endless":false,"potions_floor_spawned":[4,12,13,16,21,23,30,36,39,42,47,54],"ascension_level":0}