{"gold_per_floor":[111,43,43,62,62,92,68,102,155,172,162,177,102,119,119,214,214,226,0,0,0,11,42,42,42,42,42,42,60,60,88,88,190,190,210,310,323,323,339,371,371,208,235,235,566,576,576,46,46,46],"floor_reached":51,"playtime":3773,"items_purged":["Strike_G"],"score":1128,"play_id":"99c949fe-3c99-4bec-a3b4-dfda59736bbc","local_time":"20190212223926","is_ascension_mode":true,"campfire_choices":[{"floor":15,"key":"REST"},{"data":"After Image","floor":30,"key":"SMITH"},{"data":"Footwork","floor":32,"key":"SMITH"},{"data":"Backstab","floor":41,"key":"SMITH"},{"data":"Footwork","floor":47,"key":"SMITH"},{"floor":49,"key":"REST"}],"neow_cost":"CURSE","seed_source_timestamp":0,"circlet_count":0,"master_deck":["Defend_G","Defend_G","Defend_G","Defend_G","Defend_G","Survivor","Neutralize","Corpse Explosion","Footwork+1","After Image+1","Backflip","Crippling Poison","Dagger Spray","Backflip","Bullet Time","Deflect","Bouncing Flask","RitualDagger","Bite","Bite","Bite","Bite","Bite","Backstab+1","Leg Sweep","Cloak And Dagger+1","Malaise+1","Finisher","Blur+1","Trip+1","Mayhem","Deep Breath+1","Well Laid Plans","Quick Slash+1","Predator","Clumsy","Deadly Poison+1","Footwork+1","Dash"],"special_seed":0,"relics":["Ring of the Snake","WarpedTongs","Centennial Puzzle","Pear","Bronze Scales","Philosopher\u0027s Stone","Juzu Bracelet","Potion Belt","Oddly Smooth Stone","Toxic Egg 2","Bag of Preparation","Cursed Key","Bird Faced Urn","Art of War","Ancient Tea Set","Old Coin","Chemical X","Mercury Hourglass"],"potions_floor_usage":[12,16,22,31,37,40,50,50,50,50],"damage_taken":[{"damage":0.0,"enemies":"Jaw Worm","floor":1.0,"turns":5.0},{"damage":3.0,"enemies":"Cultist","floor":4.0,"turns":4.0},{"damage":35.0,"enemies":"Lagavulin","floor":6.0,"turns":7.0},{"damage":9,"enemies":"3 Sentries","floor":8,"turns":6},{"damage":3,"enemies":"2 Louse","floor":10,"turns":4},{"damage":5,"enemies":"Exordium Thugs","floor":11,"turns":6},{"damage":4,"enemies":"Gremlin Gang","floor":12,"turns":4},{"damage":0,"enemies":"Blue Slaver","floor":14,"turns":4},{"damage":23,"enemies":"Slime Boss","floor":16,"turns":16},{"damage":11,"enemies":"2 Thieves","floor":18,"turns":3},{"damage":3,"enemies":"3 Byrds","floor":22,"turns":3},{"damage":15,"enemies":"Book of Stabbing","floor":23,"turns":6},{"damage":2,"enemies":"Centurion and Healer","floor":29,"turns":7},{"damage":22,"enemies":"Slavers","floor":31,"turns":2},{"damage":32,"enemies":"Automaton","floor":33,"turns":14},{"damage":9,"enemies":"3 Shapes","floor":35,"turns":4},{"damage":0,"enemies":"Mind Bloom Boss Battle","floor":36,"turns":9},{"damage":0,"enemies":"3 Darklings","floor":37,"turns":3},{"damage":7,"enemies":"Sphere and 2 Shapes","floor":39,"turns":3},{"damage":24,"enemies":"Reptomancer","floor":40,"turns":12},{"damage":23,"enemies":"Nemesis","floor":45,"turns":11},{"damage":5,"enemies":"Transient","floor":46,"turns":5},{"damage":4,"enemies":"Donu and Deca","floor":50,"turns":8}],"seed_played":"-3170207829862112034","potions_obtained":[{"floor":6.0,"key":"Energy Potion"},{"floor":8,"key":"GhostInAJar"},{"floor":11,"key":"GamblersBrew"},{"floor":12,"key":"PowerPotion"},{"floor":16,"key":"GhostInAJar"},{"floor":22,"key":"Energy Potion"},{"floor":31,"key":"Dexterity Potion"},{"floor":35,"key":"SteroidPotion"},{"floor":40,"key":"Dexterity Potion"}],"is_trial":false,"path_per_floor":["M","$","?","M","?","E","$","E","T","M","M","M","$","M","R","B",null,"M","$","?","?","M","E","?","?","T","?","?","M","R","E","R","B",null,"M","?","M","?","M","E","R","$","T","?","E","M","R","$","R","B",null],"character_chosen":"THE_SILENT","items_purchased":["Footwork","Backflip","Juzu Bracelet","Bouncing Flask","GhostInAJar","Predator","AttackPotion","Chemical X","Mercury Hourglass","Dash","Strength Potion"],"campfire_rested":2,"item_purchase_floors":[2,7,19,19,42,42,42,48,48,48,48],"current_hp_per_floor":[63,63,63,60,60,25,25,26,26,23,18,14,14,14,38,15,64,53,53,47,47,51,45,45,45,45,45,45,56,56,39,39,44,53,47,56,56,46,50,56,56,56,56,56,42,51,51,51,56,56],"gold":46,"neow_bonus":"THREE_RARE_CARDS","is_prod":false,"is_daily":false,"chose_seed":false,"campfire_upgraded":4,"win_rate":0,"timestamp":1550007566,"path_taken":["M","$","?","?","?","E","?","E","T","M","M","M","$","M","R","BOSS","M","$","?","?","M","E","?","?","T","?","?","M","R","E","R","BOSS","M","?","M","?","M","E","R","$","T","?","E","M","R","$","R","BOSS"],"build_version":"2019-01-23","purchased_purges":1,"victory":true,"max_hp_per_floor":[70,70,70,70,70,70,70,80,80,80,80,80,80,80,80,80,80,80,80,80,56,56,56,56,56,56,56,56,56,56,56,56,56,56,56,56,56,56,56,56,56,56,56,56,56,56,56,56,56,56],"card_choices":[{"not_picked":["A Thousand Cuts","Storm of Steel"],"picked":"Corpse Explosion","floor":0.0},{"not_picked":["Slice","Bane","Masterful Stab"],"picked":"SKIP","floor":1.0},{"not_picked":["Calculated Gamble","Heel Hook","Dodge and Roll"],"picked":"SKIP","floor":4.0},{"not_picked":["Deflect","Flechettes"],"picked":"After Image","floor":6.0},{"not_picked":["Deadly Poison","Acrobatics"],"picked":"Crippling Poison","floor":8},{"not_picked":["Dagger Throw","Bane","Sucker Punch"],"picked":"SKIP","floor":10},{"not_picked":["Blade Dance","Heel Hook","Concentrate"],"picked":"SKIP","floor":11},{"not_picked":["Riddle With Holes","Quick Slash"],"picked":"Dagger Spray","floor":12},{"not_picked":["Acrobatics","Flying Knee"],"picked":"Backflip","floor":14},{"not_picked":["Storm of Steel","Envenom"],"picked":"Bullet Time","floor":16},{"not_picked":["Slice","Bane"],"picked":"Deflect","floor":18},{"not_picked":["Quick Slash","Dodge and Roll"],"picked":"Backstab","floor":22},{"not_picked":["Slice","Deadly Poison"],"picked":"Leg Sweep","floor":23},{"not_picked":["Well Laid Plans","Crippling Poison+1"],"picked":"Cloak And Dagger+1","floor":29},{"not_picked":["Dagger Throw","Deflect+1","Underhanded Strike"],"picked":"SKIP","floor":31},{"not_picked":["Glass Knife","Die Die Die"],"picked":"Malaise+1","floor":33},{"not_picked":["Backflip+1","Bane+1"],"picked":"Finisher","floor":35},{"not_picked":["Backstab","PiercingWail+1"],"picked":"Blur+1","floor":36},{"not_picked":["Acrobatics+1","Outmaneuver+1","Dagger Spray+1"],"picked":"SKIP","floor":37},{"not_picked":["Madness+1","Enlightenment+1"],"picked":"Trip+1","floor":38},{"not_picked":["Impatience+1","Purity+1"],"picked":"Mayhem","floor":38},{"not_picked":["The Bomb+1","Impatience+1"],"picked":"Deep Breath+1","floor":38},{"not_picked":["Deflect+1","Blade Dance+1"],"picked":"Well Laid Plans","floor":39},{"not_picked":["Slice+1","All Out Attack+1"],"picked":"Quick Slash+1","floor":40},{"not_picked":["Predator","Prepared+1"],"picked":"Deadly Poison+1","floor":45},{"not_picked":["Bane","Poisoned Stab"],"picked":"Footwork","floor":46}],"player_experience":314544,"relics_obtained":[{"floor":6.0,"key":"Centennial Puzzle"},{"floor":8,"key":"Pear"},{"floor":9,"key":"Bronze Scales"},{"floor":23,"key":"Potion Belt"},{"floor":26,"key":"Toxic Egg 2"},{"floor":31,"key":"Bag of Preparation"},{"floor":36,"key":"Bird Faced Urn"},{"floor":40,"key":"Art of War"},{"floor":43,"key":"Ancient Tea Set"},{"floor":45,"key":"Old Coin"}],"event_choices":[{"damage_healed":0.0,"max_hp_gain":0.0,"max_hp_loss":0.0,"gold_gain":0.0,"event_name":"Accursed Blacksmith","player_choice":"Rummage","floor":3.0,"gold_loss":0.0,"damage_taken":0.0,"relics_obtained":["WarpedTongs"],"cards_obtained":["Pain"]},{"cards_removed":["Pain"],"damage_healed":0.0,"max_hp_gain":0.0,"max_hp_loss":0.0,"gold_gain":0.0,"event_name":"Purifier","player_choice":"Purged","floor":5.0,"gold_loss":0.0,"damage_taken":0.0},{"damage_healed":0,"gold_gain":0,"player_choice":"Joined the Cult","damage_taken":6,"max_hp_gain":0,"max_hp_loss":0,"event_name":"Nest","floor":20,"gold_loss":0,"cards_obtained":["RitualDagger"]},{"damage_healed":0,"gold_gain":0,"player_choice":"Became a vampire","damage_taken":0,"max_hp_gain":0,"max_hp_loss":24,"event_name":"Vampires","floor":21,"gold_loss":0,"cards_obtained":["Bite","Bite","Bite","Bite","Bite"]},{"damage_healed":0,"gold_gain":0,"player_choice":"Opened","damage_taken":0,"relics_obtained":["Oddly Smooth Stone"],"max_hp_gain":0,"max_hp_loss":0,"event_name":"The Mausoleum","floor":24,"gold_loss":0},{"cards_removed":["Injury"],"damage_healed":0,"gold_gain":0,"player_choice":"Removed Curses","damage_taken":0,"max_hp_gain":0,"max_hp_loss":0,"event_name":"Fountain of Cleansing","floor":27,"gold_loss":0},{"damage_healed":0,"gold_gain":0,"player_choice":"Ignored","damage_taken":0,"max_hp_gain":0,"max_hp_loss":0,"event_name":"Ghosts","floor":28,"gold_loss":0},{"damage_healed":0,"gold_gain":0,"player_choice":"Fight","damage_taken":0,"max_hp_gain":0,"max_hp_loss":0,"event_name":"MindBloom","floor":36,"gold_loss":0},{"damage_healed":0,"gold_gain":0,"player_choice":"Memory 3","damage_taken":10,"max_hp_gain":0,"max_hp_loss":0,"event_name":"SensoryStone","floor":38,"gold_loss":0},{"damage_healed":0,"gold_gain":0,"player_choice":"Ignored","damage_taken":0,"max_hp_gain":0,"max_hp_loss":0,"event_name":"Tomb of Lord Red Mask","floor":44,"gold_loss":0}],"is_beta":false,"boss_relics":[{"not_picked":["HoveringKite","Velvet Choker"],"picked":"Philosopher\u0027s Stone"},{"not_picked":["Tiny House","Astrolabe"],"picked":"Cursed Key"}],"items_purged_floors":[13],"is_endless":false,"potions_floor_spawned":[6,8,11,12,16,18,22,31,35,40,45],"ascension_level":9}