{"path_per_floor":["M","M","?","M","M","R","M","$","T","M","M","R","E","?","R","B",null,"M","M","?"],"character_chosen":"DEFECT","items_purchased":["Scrape"],"gold_per_floor":[114,129,129,144,159,159,174,26,101,116,131,131,161,161,161,261,261,276,291,206,206],"floor_reached":21,"campfire_rested":2,"playtime":1129,"current_hp_per_floor":[71,60,45,40,10,70,64,64,64,56,45,45,33,26,65,35,65,63,25,25,10],"items_purged":["Defend_B"],"gold":206,"score":183,"play_id":"585935ed-f670-469d-9189-e67714d19043","local_time":"20180504210722","daily_mods":["Allstar","Binary","Night Terrors"],"is_prod":false,"is_daily":true,"chose_seed":false,"is_ascension_mode":false,"campfire_upgraded":1,"timestamp":1525464442,"path_taken":["M","M","?","M","M","R","M","$","T","M","M","R","E","?","R","BOSS","M","M","?","?"],"build_version":"2018-05-03","seed_source_timestamp":0,"purchased_purges":1,"victory":false,"master_deck":["Strike_B","Strike_B+1","Strike_B","Strike_B","Defend_B","Defend_B","Defend_B","Zap","Dualcast","Swift Strike","Magnetism+1","Sadistic Nature","Transmutation","Jack Of All Trades+1","Darkness","Leap","Rebound","Recycle","Scrape","Beam Cell+1","Cold Snap+1","Seek","Doubt","Pain","Pain","Double Energy","Beam Cell+1"],"max_hp_per_floor":[75,75,75,75,75,70,70,70,70,70,70,70,70,70,65,65,65,65,65,65,65],"relics":["Cracked Core","Molten Egg 2","Dodecahedron","Calling Bell","Bag of Marbles","Smiling Mask","Peace Pipe","Regal Pillow"],"card_choices":[{"not_picked":["Tempest"],"picked":"Darkness","floor":1},{"not_picked":["Ball Lightning"],"picked":"Leap","floor":2},{"not_picked":["Axe Kick"],"picked":"Rebound","floor":4},{"not_picked":["Impulse"],"picked":"Recycle","floor":7},{"not_picked":["Lockon"],"picked":"Beam Cell","floor":11},{"not_picked":["Defragment"],"picked":"Cold Snap","floor":13},{"not_picked":["Amplify"],"picked":"Seek","floor":16},{"not_picked":["Tempest"],"picked":"Double Energy","floor":18},{"not_picked":["Impulse"],"picked":"Beam Cell","floor":19}],"player_experience":112222,"potions_floor_usage":[7,19],"damage_taken":[{"damage":4,"enemies":"Small Slimes","floor":1,"turns":4},{"damage":11,"enemies":"Jaw Worm","floor":2,"turns":2},{"damage":5,"enemies":"2 Louse","floor":4,"turns":2},{"damage":30,"enemies":"Gremlin Gang","floor":5,"turns":5},{"damage":6,"enemies":"3 Louse","floor":7,"turns":2},{"damage":14,"enemies":"Exordium Wildlife","floor":10,"turns":3},{"damage":11,"enemies":"Exordium Thugs","floor":11,"turns":4},{"damage":12,"enemies":"3 Sentries","floor":13,"turns":6},{"damage":30,"enemies":"Slime Boss","floor":16,"turns":7},{"damage":2,"enemies":"Chosen","floor":18,"turns":3},{"damage":38,"enemies":"3 Byrds","floor":19,"turns":6},{"damage":15,"enemies":"Centurion and Healer","floor":21,"turns":2}],"event_choices":[{"event_name":"Shining Light","player_choice":"Entered Light","floor":3,"damage_taken":0},{"event_name":"Wheel of Change","player_choice":"Damage","floor":14,"damage_taken":0},{"event_name":"Addict","player_choice":"Obtained Relic","floor":20,"damage_taken":0}],"boss_relics":[{"not_picked":["Inserter","Snecko Eye"],"picked":"Calling Bell"}],"potions_floor_spawned":[2,5,10,11],"seed_played":"-6956837484913016247","killed_by":"Centurion and Healer","ascension_level":0,"is_trial":false}