{"path_per_floor":["M","?","M","$","M","R","E","R","T","?","M","R","M","M","R","B",null,"M","?","?","M","M","R","E","R","T","$","R","M","$","M","R"],"character_chosen":"DEFECT","items_purchased":["Dramatic Entrance","Orichalcum","Fire Potion"],"gold_per_floor":[111,111,124,30,45,45,73,73,127,127,141,141,158,177,177,282,282,301,301,224,239,254,254,289,289,289,68,68,86,35,47,47,47],"floor_reached":33,"campfire_rested":5,"playtime":962,"current_hp_per_floor":[68,68,68,68,61,61,34,56,63,82,82,82,82,82,82,82,82,68,68,68,64,34,58,16,40,40,40,64,44,44,26,52,0],"items_purged":["Undo"],"gold":47,"score":444,"play_id":"b0455b1d-e92d-4902-815a-b71a40d8568f","local_time":"20180513205245","is_prod":false,"is_daily":false,"chose_seed":false,"is_ascension_mode":true,"campfire_upgraded":3,"timestamp":1526269965,"path_taken":["M","?","?","$","M","R","E","R","T","?","M","R","M","?","R","BOSS","M","?","?","?","M","R","E","R","T","?","R","M","$","M","R","BOSS"],"build_version":"2018-05-12v2","seed_source_timestamp":126408253905881,"purchased_purges":1,"victory":false,"master_deck":["Strike_B","Strike_B","Strike_B","Defend_B","Defend_B","Defend_B","Defend_B","Zap+1","Dualcast","Auto Shields","Dramatic Entrance","Rip and Tear+1","Axe Kick","Ball Lightning+1","Electrodynamics","FTL","Ball Lightning","J.A.X.","Axe Kick","FTL"],"max_hp_per_floor":[75,75,75,75,75,75,75,75,82,82,82,82,82,82,82,82,82,82,82,82,82,82,82,82,82,82,82,82,87,87,87,87,87],"relics":["Cracked Core","Pen Nib","Strawberry","Cursed Key","Ornamental Fan","Orichalcum"],"card_choices":[{"not_picked":["Beam Cell","Steam"],"picked":"Auto Shields","floor":1},{"not_picked":["Go for the Eyes","Impulse"],"picked":"Undo","floor":3},{"not_picked":["Streamline","Aggregate"],"picked":"Rip and Tear","floor":5},{"not_picked":["Static Discharge","Leap","Lockon"],"picked":"SKIP","floor":7},{"not_picked":["Hologram","Darkness"],"picked":"Axe Kick","floor":11},{"not_picked":["Barrage","Steam Power"],"picked":"Ball Lightning","floor":13},{"not_picked":["Turbo","Cold Snap","Coolheaded"],"picked":"SKIP","floor":14},{"not_picked":["Hyperbeam","Biased Cognition"],"picked":"Electrodynamics","floor":16},{"not_picked":["Stack+1","Impulse"],"picked":"FTL","floor":18},{"not_picked":["Leap","Streamline"],"picked":"Axe Kick","floor":21},{"not_picked":["Go for the Eyes","BootSequence","Coolheaded"],"picked":"SKIP","floor":22},{"not_picked":["Cold Snap+1","Machine Learning","Impulse"],"picked":"SKIP","floor":24},{"not_picked":["Hologram","Steam+1"],"picked":"FTL","floor":29},{"not_picked":["Chill","Steam","Cold Snap+1"],"picked":"SKIP","floor":31}],"player_experience":242239,"potions_floor_usage":[7,16,21,29,31,33],"damage_taken":[{"damage":0,"enemies":"2 Louse","floor":1,"turns":3},{"damage":0,"enemies":"Small Slimes","floor":3,"turns":4},{"damage":7,"enemies":"Jaw Worm","floor":5,"turns":3},{"damage":27,"enemies":"3 Sentries","floor":7,"turns":5},{"damage":9,"enemies":"Red Slaver","floor":11,"turns":2},{"damage":3,"enemies":"Blue Slaver","floor":13,"turns":2},{"damage":0,"enemies":"Exordium Wildlife","floor":14,"turns":2},{"damage":0,"enemies":"Slime Boss","floor":16,"turns":5},{"damage":20,"enemies":"2 Thieves","floor":18,"turns":4},{"damage":4,"enemies":"Chosen","floor":21,"turns":3},{"damage":33,"enemies":"Slaver and Parasite","floor":22,"turns":5},{"damage":42,"enemies":"Slavers","floor":24,"turns":4},{"damage":25,"enemies":"Snake Plant","floor":29,"turns":3},{"damage":18,"enemies":"Chosen and Byrds","floor":31,"turns":4},{"damage":56,"enemies":"Champ","floor":33,"turns":7}],"event_choices":[{"event_name":"Liars Game","player_choice":"disagreed","floor":2,"damage_taken":0},{"event_name":"Big Fish","player_choice":"Banana","floor":10,"damage_taken":0},{"event_name":"The Library","player_choice":"Read","floor":19,"damage_taken":0},{"event_name":"Drug Dealer","player_choice":"Got JAXXED","floor":20,"damage_taken":0}],"boss_relics":[{"not_picked":["Black Star","Orrery"],"picked":"Cursed Key"}],"potions_floor_spawned":[1,13,18,24,29],"seed_played":"-8644039974991972564","killed_by":"Champ","ascension_level":8,"is_trial":false}