{"gold_per_floor":[113,133,144,157,175,203,24,24,24,54,54,54,90,90,90,186,186,170,170,95,116,134,134,152,152,152,152,41,166,180,95,95,191,191,205,219,3,3,17,17,17,42,42,42,61,80,98,98],"floor_reached":48,"playtime":3144,"items_purged":["Strike_G","Defend_G"],"score":865,"play_id":"37802baf-5712-4b2c-a8a6-2566a2078987","local_time":"20190209234301","is_ascension_mode":true,"campfire_choices":[{"floor":8,"key":"REST"},{"floor":11,"key":"REST"},{"floor":15,"key":"REST"},{"floor":23,"key":"REST"},{"floor":25,"key":"REST"},{"floor":32,"key":"DIG"},{"floor":40,"key":"DIG"}],"neow_cost":"NONE","seed_source_timestamp":266738496937711,"circlet_count":0,"master_deck":["AscendersBane","Defend_G","Defend_G+1","Strike_G+1","Strike_G","Survivor","Neutralize","Dagger Spray+1","Acrobatics+1","Predator","Storm of Steel","Dash","Apotheosis","Cloak And Dagger","Well Laid Plans","After Image","Skewer","Outmaneuver","Acrobatics","Crippling Poison","Blade Dance","Ghostly","Ghostly","Ghostly","Ghostly","Ghostly","Terror","Blade Dance+1","Doppelganger+1","Well Laid Plans","Burst+1","Purity+1","PiercingWail+1","Distraction+1","Backflip+1"],"relics":["Sozu","Shuriken","Strawberry","Bag of Marbles","Golden Idol","Odd Mushroom","Orrery","Ornamental Fan","Shovel","Toxic Egg 2","The Courier","Whetstone","WristBlade","Orichalcum","Paper Crane"],"potions_floor_usage":[],"damage_taken":[{"damage":0,"enemies":"Cultist","floor":1,"turns":6},{"damage":0,"enemies":"Jaw Worm","floor":2,"turns":4},{"damage":2,"enemies":"Small Slimes","floor":3,"turns":4},{"damage":0,"enemies":"3 Louse","floor":4,"turns":3},{"damage":10,"enemies":"Exordium Thugs","floor":5,"turns":7},{"damage":43,"enemies":"Gremlin Nob","floor":6,"turns":5},{"damage":19,"enemies":"Lagavulin","floor":10,"turns":6},{"damage":15,"enemies":"The Mushroom Lair","floor":13,"turns":4},{"damage":0,"enemies":"The Guardian","floor":16,"turns":9},{"damage":14,"enemies":"2 Thieves","floor":18,"turns":4},{"damage":18,"enemies":"Shell Parasite","floor":21,"turns":5},{"damage":6,"enemies":"Cultist and Chosen","floor":22,"turns":6},{"damage":15,"enemies":"Centurion and Healer","floor":24,"turns":5},{"damage":2,"enemies":"Colosseum Slavers","floor":29,"turns":6},{"damage":10,"enemies":"Colosseum Nobs","floor":29,"turns":6},{"damage":2,"enemies":"Shelled Parasite and Fungi","floor":30,"turns":6},{"damage":8,"enemies":"Automaton","floor":33,"turns":8},{"damage":3,"enemies":"3 Darklings","floor":35,"turns":5},{"damage":0,"enemies":"3 Shapes","floor":36,"turns":6},{"damage":1,"enemies":"Writhing Mass","floor":39,"turns":7},{"damage":1,"enemies":"3 Darklings","floor":42,"turns":6},{"damage":0,"enemies":"Maw","floor":45,"turns":7},{"damage":17,"enemies":"4 Shapes","floor":46,"turns":6},{"damage":1,"enemies":"Transient","floor":47,"turns":5},{"damage":11,"enemies":"Jaw Worm Horde","floor":48,"turns":1}],"seed_played":"-1110755905688545779","potions_obtained":[],"is_trial":false,"path_per_floor":["M","M","M","M","M","E","$","R","T","E","R","?","?","?","R","B",null,"M","?","?","M","M","R","M","R","T","?","$","?","M","?","R","B",null,"M","M","$","?","M","R","$","M","T","?","M","M","M","M"],"character_chosen":"THE_SILENT","items_purchased":["Apotheosis","Terror","Burst+1","Purity+1"],"campfire_rested":5,"item_purchase_floors":[7,28,37,37],"current_hp_per_floor":[63,63,61,61,51,8,8,29,36,17,40,40,25,11,32,32,61,47,47,47,29,23,44,29,50,50,35,35,23,21,21,21,13,30,27,27,27,27,26,26,26,25,25,25,25,8,7,0],"gold":98,"neow_bonus":"BOSS_RELIC","is_prod":false,"is_daily":false,"chose_seed":false,"campfire_upgraded":0,"win_rate":0,"timestamp":1549755781,"path_taken":["M","M","M","?","M","E","$","R","T","E","R","?","?","?","R","BOSS","M","?","?","M","M","R","M","R","T","?","$","?","M","?","R","BOSS","M","M","$","?","M","R","?","M","T","?","?","M","M","M"],"build_version":"2019-02-06","purchased_purges":2,"victory":false,"max_hp_per_floor":[70,70,70,70,70,70,70,70,77,77,77,71,71,71,71,71,71,71,71,71,71,71,71,71,71,71,35,35,35,35,35,35,35,35,35,35,35,35,35,35,35,35,35,35,35,35,35,35],"card_choices":[{"not_picked":["Bane","Concentrate","Flying Knee"],"picked":"SKIP","floor":1},{"not_picked":["Noxious Fumes","Quick Slash"],"picked":"Dagger Spray","floor":2},{"not_picked":["Sucker Punch","Masterful Stab"],"picked":"Acrobatics","floor":3},{"not_picked":["Dagger Spray","Bane"],"picked":"Predator","floor":4},{"not_picked":["Deflect","Flying Knee"],"picked":"Storm of Steel","floor":5},{"not_picked":["Dagger Spray","Deadly Poison"],"picked":"Dash","floor":6},{"not_picked":["Choke","Concentrate"],"picked":"Cloak And Dagger","floor":10},{"not_picked":["Deflect","Backstab"],"picked":"Well Laid Plans","floor":13},{"not_picked":["Phantasmal Killer","Adrenaline"],"picked":"After Image","floor":16},{"not_picked":["Setup","Heel Hook"],"picked":"Skewer","floor":17},{"not_picked":["Cloak And Dagger","Quick Slash"],"picked":"Outmaneuver","floor":17},{"not_picked":["Caltrops","Underhanded Strike"],"picked":"Acrobatics","floor":17},{"not_picked":["PiercingWail","Cloak And Dagger"],"picked":"Crippling Poison","floor":18},{"not_picked":["Caltrops","Bane","Deflect"],"picked":"SKIP","floor":21},{"not_picked":["Cloak And Dagger","Underhanded Strike","Slice"],"picked":"SKIP","floor":22},{"not_picked":["Night Terror","Quick Slash"],"picked":"Blade Dance","floor":24},{"not_picked":["Sucker Punch","Slice"],"picked":"Blade Dance+1","floor":30},{"not_picked":["A Thousand Cuts","Die Die Die"],"picked":"Doppelganger+1","floor":33},{"not_picked":["Setup+1","Cloak And Dagger+1"],"picked":"Well Laid Plans","floor":35},{"not_picked":["Dagger Throw+1","Choke","Quick Slash+1"],"picked":"SKIP","floor":36},{"not_picked":["Quick Slash+1","Slice"],"picked":"PiercingWail+1","floor":39},{"not_picked":["Blade Dance+1","Sucker Punch+1"],"picked":"Distraction+1","floor":42},{"not_picked":["Dagger Throw+1","Blade Dance+1","Terror+1"],"picked":"SKIP","floor":45},{"not_picked":["Cloak And Dagger+1","Poisoned Stab"],"picked":"Backflip+1","floor":46},{"not_picked":["Poisoned Stab","Venomology+1","Dagger Throw"],"picked":"SKIP","floor":47}],"player_experience":586049,"relics_obtained":[{"floor":6,"key":"Shuriken"},{"floor":9,"key":"Strawberry"},{"floor":10,"key":"Bag of Marbles"},{"floor":13,"key":"Odd Mushroom"},{"floor":26,"key":"Ornamental Fan"},{"floor":29,"key":"Shovel"},{"floor":29,"key":"Toxic Egg 2"},{"floor":32,"key":"Whetstone"},{"floor":40,"key":"Orichalcum"},{"floor":43,"key":"Paper Crane"}],"event_choices":[{"damage_healed":0,"gold_gain":0,"player_choice":"Lose Max HP","damage_taken":0,"relics_obtained":["Golden Idol"],"max_hp_gain":0,"max_hp_loss":6,"event_name":"Golden Idol","floor":12,"gold_loss":0},{"damage_healed":0,"gold_gain":0,"player_choice":"Fought Mushrooms","damage_taken":0,"max_hp_gain":0,"max_hp_loss":0,"event_name":"Mushrooms","floor":13,"gold_loss":0},{"damage_healed":0,"gold_gain":0,"player_choice":"Entered Light","damage_taken":14,"max_hp_gain":0,"max_hp_loss":0,"event_name":"Shining Light","floor":14,"gold_loss":0,"cards_upgraded":["Defend_G","Acrobatics"]},{"cards_removed":["Defend_G"],"damage_healed":0,"gold_gain":0,"player_choice":"Elegance","damage_taken":0,"max_hp_gain":0,"max_hp_loss":0,"event_name":"Back to Basics","floor":19,"gold_loss":0},{"cards_removed":["Strike_G"],"damage_healed":0,"gold_gain":0,"player_choice":"Gave Gold","damage_taken":0,"max_hp_gain":0,"max_hp_loss":0,"event_name":"Beggar","floor":20,"gold_loss":75},{"damage_healed":0,"gold_gain":0,"player_choice":"Became a Ghost","damage_taken":0,"max_hp_gain":0,"max_hp_loss":36,"event_name":"Ghosts","floor":27,"gold_loss":0,"cards_obtained":["Ghostly","Ghostly","Ghostly","Ghostly","Ghostly"]},{"damage_healed":0,"gold_gain":0,"player_choice":"Fight","damage_taken":0,"max_hp_gain":0,"max_hp_loss":0,"event_name":"Colosseum","floor":29,"gold_loss":0},{"damage_healed":0,"gold_gain":0,"player_choice":"Fought Nobs","damage_taken":0,"max_hp_gain":0,"max_hp_loss":0,"event_name":"Colosseum","floor":29,"gold_loss":0},{"damage_healed":0,"gold_gain":0,"player_choice":"Obtained Relic","damage_taken":0,"relics_obtained":["The Courier"],"max_hp_gain":0,"max_hp_loss":0,"event_name":"Addict","floor":31,"gold_loss":85},{"cards_removed":["Strike_G"],"damage_healed":0,"gold_gain":0,"player_choice":"Offered Basic","damage_taken":0,"max_hp_gain":0,"max_hp_loss":0,"event_name":"Bonfire Elementals","floor":38,"gold_loss":0},{"cards_removed":["Defend_G"],"damage_healed":0,"gold_gain":0,"player_choice":"Purged","damage_taken":0,"max_hp_gain":0,"max_hp_loss":0,"event_name":"Purifier","floor":44,"gold_loss":0}],"is_beta":true,"boss_relics":[{"not_picked":["Busted Crown","Velvet Choker"],"picked":"Orrery"},{"not_picked":["Coffee Dripper","Black Star"],"picked":"WristBlade"}],"items_purged_floors":[28,37],"is_endless":false,"potions_floor_spawned":[2,3,5,10,13,21,22,30,33,35,36,39,47],"killed_by":"Jaw Worm Horde","ascension_level":13}