{"gold_per_floor":[119,119,173,189,199,199,224,224,276,276,295,315,76,95,95,172,172,191,24,24,36,48,60],"floor_reached":23,"playtime":1183,"items_purged":["Defend_G","Strike_G"],"score":309,"play_id":"3a73881f-cef7-4ba7-9164-56a76d3e88ce","local_time":"20190207024936","is_ascension_mode":true,"campfire_choices":[{"data":"Malaise","floor":6,"key":"SMITH"},{"data":"Cloak And Dagger","floor":8,"key":"SMITH"},{"data":"Neutralize","floor":15,"key":"SMITH"}],"neow_cost":"TEN_PERCENT_HP_LOSS","seed_source_timestamp":20683995622603,"circlet_count":0,"master_deck":["AscendersBane","Defend_G","Defend_G","Defend_G","Defend_G","Strike_G","Strike_G","Strike_G","Survivor","Neutralize+1","Malaise+1","Dash","Predator","Cloak And Dagger+1","Adrenaline","Venomology","Dash","Footwork","Escape Plan","Purity"],"relics":["Ring of the Serpent","Bronze Scales","Omamori","Oddly Smooth Stone","Dream Catcher","Sundial","Odd Mushroom","Membership Card","MawBank"],"potions_floor_usage":[7,18,23],"damage_taken":[{"damage":0,"enemies":"2 Louse","floor":1,"turns":4},{"damage":0,"enemies":"Jaw Worm","floor":4,"turns":4},{"damage":0,"enemies":"Small Slimes","floor":5,"turns":3},{"damage":7,"enemies":"Gremlin Nob","floor":7,"turns":5},{"damage":0,"enemies":"2 Fungi Beasts","floor":11,"turns":3},{"damage":1,"enemies":"The Mushroom Lair","floor":12,"turns":4},{"damage":1,"enemies":"Blue Slaver","floor":14,"turns":4},{"damage":14,"enemies":"The Guardian","floor":16,"turns":12},{"damage":0,"enemies":"Chosen","floor":18,"turns":4},{"damage":73,"enemies":"Gremlin Leader","floor":23,"turns":13}],"seed_played":"-920609672331743425","potions_obtained":[{"floor":5,"key":"AttackPotion"},{"floor":7,"key":"Energy Potion"},{"floor":12,"key":"FearPotion"}],"is_trial":false,"path_per_floor":["M","?","T","M","M","R","E","R","T","?","M","?","$","M","R","B",null,"M","$","?","?","?","E"],"character_chosen":"THE_SILENT","items_purchased":["Membership Card","Footwork","Escape Plan","Purity"],"campfire_rested":0,"item_purchase_floors":[13,19,19,19],"current_hp_per_floor":[63,60,60,60,60,60,53,53,53,53,53,52,52,51,51,37,57,57,57,57,57,57,0],"gold":60,"neow_bonus":"THREE_RARE_CARDS","is_prod":false,"is_daily":false,"chose_seed":false,"campfire_upgraded":3,"win_rate":0,"timestamp":1549507776,"path_taken":["M","?","?","M","M","R","E","R","T","?","M","?","$","M","R","BOSS","M","$","?","?","?","E"],"build_version":"2019-01-23","purchased_purges":2,"victory":false,"max_hp_per_floor":[63,63,63,63,63,63,63,63,63,63,63,63,63,63,63,63,63,63,63,63,63,63,63],"card_choices":[{"not_picked":["Tools of the Trade","Night Terror"],"picked":"Malaise","floor":0},{"not_picked":["Backflip","Flechettes"],"picked":"Dash","floor":1},{"not_picked":["Poisoned Stab","Backflip","Slice"],"picked":"SKIP","floor":4},{"not_picked":["Bane","Tactician"],"picked":"Predator","floor":5},{"not_picked":["Poisoned Stab","Endless Agony"],"picked":"Cloak And Dagger","floor":7},{"not_picked":["Noxious Fumes","Deflect"],"picked":"Adrenaline","floor":11},{"not_picked":["Backflip","Slice","Setup"],"picked":"SKIP","floor":14},{"not_picked":["Storm of Steel","Die Die Die"],"picked":"Venomology","floor":16},{"not_picked":["Slice+1","Quick Slash"],"picked":"Dash","floor":18}],"player_experience":572492,"relics_obtained":[{"floor":3,"key":"Omamori"},{"floor":7,"key":"Oddly Smooth Stone"},{"floor":9,"key":"Dream Catcher"},{"floor":12,"key":"Odd Mushroom"}],"event_choices":[{"damage_healed":0,"gold_gain":0,"player_choice":"Success","damage_taken":3,"relics_obtained":["Bronze Scales"],"max_hp_gain":0,"max_hp_loss":0,"event_name":"Scrap Ooze","floor":2,"gold_loss":0},{"damage_healed":0,"gold_gain":0,"player_choice":"Box","damage_taken":0,"relics_obtained":["Sundial"],"max_hp_gain":0,"max_hp_loss":0,"event_name":"Big Fish","floor":10,"gold_loss":0,"cards_obtained":["Regret"]},{"damage_healed":0,"gold_gain":0,"player_choice":"Fought Mushrooms","damage_taken":0,"max_hp_gain":0,"max_hp_loss":0,"event_name":"Mushrooms","floor":12,"gold_loss":0},{"damage_healed":0,"gold_gain":0,"player_choice":"Stole Relic","damage_taken":0,"relics_obtained":["MawBank"],"max_hp_gain":0,"max_hp_loss":0,"event_name":"Addict","floor":20,"gold_loss":0,"cards_obtained":["Shame"]},{"cards_removed":["Strike_G"],"damage_healed":0,"gold_gain":0,"player_choice":"Elegance","damage_taken":0,"max_hp_gain":0,"max_hp_loss":0,"event_name":"Back to Basics","floor":21,"gold_loss":0},{"damage_healed":0,"gold_gain":0,"player_choice":"Ignored","damage_taken":0,"max_hp_gain":0,"max_hp_loss":0,"event_name":"Vampires","floor":22,"gold_loss":0}],"is_beta":true,"boss_relics":[{"not_picked":["WristBlade","HoveringKite"],"picked":"Ring of the Serpent"}],"items_purged_floors":[13,19],"is_endless":false,"potions_floor_spawned":[5,7,12,14,16],"killed_by":"Gremlin Leader","ascension_level":13}