{"gold_per_floor":[116,2,2,2,177,203,203,103,103,123,138,138,167,195,195,300,300,316,316,327,307,326,326,358,358,431,23,23,23,33,64,64,160,160,171,571,586,211,224,224,255,255,255,265,280,116,128,144,144,144],"floor_reached":51,"playtime":3087,"items_purged":["Strike_G","Doubt","Strike_G+1"],"score":916,"play_id":"8ea92ea3-6d22-4f03-b813-857217facbc8","local_time":"20190209205012","is_ascension_mode":true,"campfire_choices":[{"data":"Accuracy","floor":7,"key":"SMITH"},{"data":"Blade Dance","floor":12,"key":"SMITH"},{"floor":15,"key":"REST"},{"floor":23,"key":"REST"},{"floor":25,"key":"REST"},{"data":"Accuracy","floor":28,"key":"SMITH"},{"floor":32,"key":"REST"},{"floor":40,"key":"REST"},{"floor":49,"key":"REST"}],"neow_cost":"NONE","seed_source_timestamp":15586233863167,"circlet_count":0,"master_deck":["Defend_G+1","Defend_G+1","Defend_G+1","Defend_G+1","Defend_G+1","Strike_G+1","Strike_G+1","Strike_G+1","Survivor","Neutralize","After Image","Blade Dance+1","Accuracy+1","Blade Dance","Backstab","Die Die Die","Corpse Explosion","Terror","Backflip","Envenom","Accuracy+1","Infinite Blades","PiercingWail","Adrenaline","Venomology","Footwork+1","Infinite Blades","Backstab+1","Bullet Time"],"relics":["Ring of the Serpent","Mercury Hourglass","The Courier","Odd Mushroom","PreservedInsect","Centennial Puzzle","Darkstone Periapt","Nunchaku","Ninja Scroll","Molten Egg 2","Calling Bell","Vajra","Dodecahedron","Bird Faced Urn","Old Coin","Matryoshka","Pen Nib","Ornamental Fan","Paper Crane","Shuriken"],"potions_floor_usage":[6,6,6,16,16,22,24,36,37,39,41,44,50,50,50],"damage_taken":[{"damage":5,"enemies":"Jaw Worm","floor":1,"turns":8},{"damage":6,"enemies":"Lagavulin","floor":6,"turns":7},{"damage":0,"enemies":"Cultist","floor":10,"turns":3},{"damage":0,"enemies":"Small Slimes","floor":11,"turns":3},{"damage":6,"enemies":"The Mushroom Lair","floor":13,"turns":3},{"damage":22,"enemies":"Gremlin Nob","floor":14,"turns":4},{"damage":45,"enemies":"Hexaghost","floor":16,"turns":12},{"damage":20,"enemies":"2 Thieves","floor":18,"turns":4},{"damage":0,"enemies":"3 Byrds","floor":20,"turns":2},{"damage":11,"enemies":"Shelled Parasite and Fungi","floor":22,"turns":5},{"damage":17,"enemies":"Book of Stabbing","floor":24,"turns":5},{"damage":20,"enemies":"Snake Plant","floor":30,"turns":4},{"damage":10,"enemies":"Gremlin Leader","floor":31,"turns":4},{"damage":16,"enemies":"Champ","floor":33,"turns":7},{"damage":29,"enemies":"Orb Walker","floor":35,"turns":3},{"damage":5,"enemies":"Mind Bloom Boss Battle","floor":36,"turns":4},{"damage":4,"enemies":"3 Shapes","floor":37,"turns":5},{"damage":23,"enemies":"Writhing Mass","floor":39,"turns":9},{"damage":20,"enemies":"Reptomancer","floor":41,"turns":6},{"damage":20,"enemies":"Spire Growth","floor":44,"turns":3},{"damage":0,"enemies":"4 Shapes","floor":45,"turns":3},{"damage":6,"enemies":"Maw","floor":47,"turns":5},{"damage":10,"enemies":"Spire Growth","floor":48,"turns":3},{"damage":99,"enemies":"Time Eater","floor":50,"turns":11}],"seed_played":"-7189667373829888708","potions_obtained":[{"floor":3,"key":"FearPotion"},{"floor":3,"key":"Weak Potion"},{"floor":3,"key":"Strength Potion"},{"floor":10,"key":"SpeedPotion"},{"floor":13,"key":"SpeedPotion"},{"floor":16,"key":"Dexterity Potion"},{"floor":20,"key":"Regen Potion"},{"floor":21,"key":"Poison Potion"},{"floor":24,"key":"Ancient Potion"},{"floor":30,"key":"SpeedPotion"},{"floor":35,"key":"FairyPotion"},{"floor":39,"key":"Regen Potion"}],"is_trial":false,"path_per_floor":["M","$","?","$","?","E","R","$","T","M","M","R","?","E","R","B",null,"M","?","M","?","M","R","E","R","T","$","R","T","M","E","R","B",null,"M","?","M","$","M","R","E","?","T","M","M","$","M","M","R","B",null],"character_chosen":"THE_SILENT","items_purchased":["Accuracy","Envenom","Accuracy","Infinite Blades","Nunchaku","Infinite Blades","Matryoshka","Pen Nib","Backstab+1"],"campfire_rested":6,"item_purchase_floors":[2,27,27,27,27,38,38,38,46],"current_hp_per_floor":[65,65,65,65,65,59,59,59,59,59,59,59,53,31,52,7,54,34,34,34,34,37,58,41,62,62,62,62,62,42,32,53,37,80,55,58,58,58,51,79,81,81,81,67,75,75,83,81,91,9],"gold":144,"neow_bonus":"ONE_RANDOM_RARE_CARD","is_prod":false,"is_daily":false,"chose_seed":false,"campfire_upgraded":3,"win_rate":0,"timestamp":1549741812,"path_taken":["M","$","?","?","?","E","R","$","T","M","?","R","?","E","R","BOSS","M","?","M","?","?","R","E","R","T","$","R","?","?","E","R","BOSS","M","?","M","$","M","R","E","?","T","M","?","$","M","M","R","BOSS"],"build_version":"2019-01-23","purchased_purges":3,"victory":true,"max_hp_per_floor":[70,70,70,70,70,70,70,70,70,70,70,70,70,70,70,70,70,70,70,70,70,70,70,70,70,70,70,70,70,70,70,70,70,88,88,88,88,88,94,94,94,91,91,91,91,91,91,91,91,91],"card_choices":[{"not_picked":["Deadly Poison","Poisoned Stab"],"picked":"Blade Dance","floor":1},{"not_picked":["Escape Plan","Blur"],"picked":"Blade Dance","floor":6},{"not_picked":["Catalyst","Deflect"],"picked":"Backstab","floor":10},{"not_picked":["Dagger Throw","Predator","Caltrops"],"picked":"SKIP","floor":11},{"not_picked":["Deflect","Slice"],"picked":"Die Die Die","floor":14},{"not_picked":["Die Die Die","Doppelganger"],"picked":"Corpse Explosion","floor":16},{"not_picked":["All Out Attack","Underhanded Strike","Deflect"],"picked":"SKIP","floor":18},{"not_picked":["Well Laid Plans+1","Dagger Spray"],"picked":"Terror","floor":20},{"not_picked":["Riddle With Holes","Dodge and Roll","Dagger Throw+1"],"picked":"SKIP","floor":22},{"not_picked":["Deadly Poison","Prepared"],"picked":"Backflip","floor":24},{"not_picked":["Flechettes+1","Slice"],"picked":"PiercingWail","floor":30},{"not_picked":["Heel Hook","Deflect"],"picked":"Adrenaline","floor":31},{"not_picked":["Doppelganger","Grand Finale+1"],"picked":"Venomology","floor":33},{"not_picked":["Flying Knee+1","Bane+1"],"picked":"Footwork+1","floor":35},{"not_picked":["Bane+1","Slice+1","Crippling Poison"],"picked":"SKIP","floor":37},{"not_picked":["Sucker Punch+1","Bane+1","Deflect"],"picked":"SKIP","floor":39},{"not_picked":["Noxious Fumes","Dodge and Roll","Deadly Poison+1"],"picked":"SKIP","floor":41},{"not_picked":["Backflip","Flying Knee+1","Poisoned Stab+1"],"picked":"SKIP","floor":44},{"not_picked":["Underhanded Strike+1","Deflect+1","Sucker Punch+1"],"picked":"SKIP","floor":45},{"not_picked":["Heel Hook+1","Expertise+1"],"picked":"Bullet Time","floor":47},{"not_picked":["Masterful Stab+1","Bane+1","Dagger Spray+1"],"picked":"SKIP","floor":48}],"player_experience":262158,"relics_obtained":[{"floor":6,"key":"Mercury Hourglass"},{"floor":9,"key":"The Courier"},{"floor":13,"key":"Odd Mushroom"},{"floor":14,"key":"PreservedInsect"},{"floor":24,"key":"Centennial Puzzle"},{"floor":26,"key":"Darkstone Periapt"},{"floor":29,"key":"Ninja Scroll"},{"floor":31,"key":"Molten Egg 2"},{"floor":34,"key":"Vajra"},{"floor":34,"key":"Dodecahedron"},{"floor":34,"key":"Bird Faced Urn"},{"floor":36,"key":"Old Coin"},{"floor":41,"key":"Ornamental Fan"},{"floor":43,"key":"Paper Crane"},{"floor":43,"key":"Shuriken"}],"event_choices":[{"damage_healed":0,"gold_gain":0,"player_choice":"Got Potions","damage_taken":0,"max_hp_gain":0,"max_hp_loss":0,"event_name":"Lab","floor":3,"gold_loss":0},{"damage_healed":0,"gold_gain":175,"player_choice":"AGREE","damage_taken":0,"max_hp_gain":0,"max_hp_loss":0,"event_name":"Liars Game","floor":5,"gold_loss":0,"cards_obtained":["Doubt"]},{"damage_healed":0,"gold_gain":0,"player_choice":"Fought Mushrooms","damage_taken":0,"max_hp_gain":0,"max_hp_loss":0,"event_name":"Mushrooms","floor":13,"gold_loss":0},{"damage_healed":0,"gold_gain":0,"player_choice":"Simplicity","damage_taken":0,"max_hp_gain":0,"max_hp_loss":0,"event_name":"Back to Basics","floor":19,"gold_loss":0,"cards_upgraded":["Defend_G","Defend_G","Defend_G","Defend_G","Defend_G","Strike_G","Strike_G","Strike_G","Strike_G"]},{"damage_healed":0,"gold_gain":0,"player_choice":"Bought 1 Potion","damage_taken":0,"max_hp_gain":0,"max_hp_loss":0,"event_name":"The Woman in Blue","floor":21,"gold_loss":0},{"damage_healed":0,"gold_gain":0,"player_choice":"Fight","damage_taken":0,"max_hp_gain":0,"max_hp_loss":0,"event_name":"MindBloom","floor":36,"gold_loss":0},{"cards_removed":["Parasite","Doubt","Clumsy","Pain"],"damage_healed":0,"gold_gain":0,"player_choice":"Removed Curses","damage_taken":0,"max_hp_gain":0,"max_hp_loss":0,"event_name":"Fountain of Cleansing","floor":42,"gold_loss":0}],"is_beta":false,"boss_relics":[{"not_picked":["Astrolabe","HoveringKite"],"picked":"Ring of the Serpent"},{"not_picked":["Fusion Hammer","Eternal Feather"],"picked":"Calling Bell"}],"items_purged_floors":[2,8,46],"is_endless":false,"potions_floor_spawned":[10,13,16,20,24,30,35,39,44,47,48],"ascension_level":5}