{"gold_per_floor":[114,126,126,146,166,116,116,146,146,181,196,196,196,211,211,310,310,321,340,294,294,294,294,328,342,367,367,29,29,61,74,74,179,179,193,209,209,209,209,239,253,253,280,280,332,342,10,22,22,22],"floor_reached":51,"playtime":2373,"items_purged":[],"score":1235,"play_id":"8d5a962a-2d1c-48c5-b1b4-d32ebc51d94e","local_time":"20190129025141","is_ascension_mode":true,"campfire_choices":[{"data":"Armaments","floor":7,"key":"SMITH"},{"data":"Spot Weakness","floor":12,"key":"SMITH"},{"data":"Strike_R","floor":15,"key":"PURGE"},{"data":"Strike_R","floor":23,"key":"PURGE"},{"floor":27,"key":"REST"},{"floor":32,"key":"REST"},{"data":"Defend_R","floor":42,"key":"PURGE"},{"data":"Strike_R","floor":44,"key":"PURGE"},{"floor":49,"key":"REST"}],"neow_cost":"NONE","seed_source_timestamp":1591740236422356,"circlet_count":0,"master_deck":["AscendersBane","Strike_R","Defend_R","Defend_R","Bash","Metallicize","Feel No Pain","Armaments+1","Shrug It Off","Pummel","Iron Wave","Spot Weakness+1","Parasite","Infernal Blade","Double Tap","Armaments","Anger","Sword Boomerang","Intimidate","Metallicize","Evolve","Heavy Blade","Trip","Reckless Charge","True Grit","Exhume","Cleave+1","Bandage Up","Secret Weapon","Apotheosis","Infernal Blade+1","Mayhem","Deep Breath","Shrug It Off","Spot Weakness","Disarm+1"],"relics":["Burning Blood","Red Skull","Meat on the Bone","Peace Pipe","Du-Vu Doll","Gremlin Horn","Fusion Hammer","Happy Flower","Dream Catcher","Mummified Hand","Mercury Hourglass","Singing Bowl","Eternal Feather","Boot","PreservedInsect","Calipers"],"potions_floor_usage":[24,30,40,40,45],"damage_taken":[{"damage":3,"enemies":"Jaw Worm","floor":1,"turns":5},{"damage":2,"enemies":"Cultist","floor":2,"turns":4},{"damage":2,"enemies":"2 Louse","floor":4,"turns":5},{"damage":12,"enemies":"2 Fungi Beasts","floor":5,"turns":5},{"damage":50,"enemies":"Gremlin Nob","floor":8,"turns":6},{"damage":21,"enemies":"Lagavulin","floor":10,"turns":7},{"damage":0,"enemies":"Large Slime","floor":11,"turns":4},{"damage":5,"enemies":"Blue Slaver","floor":14,"turns":4},{"damage":47,"enemies":"Hexaghost","floor":16,"turns":10},{"damage":15,"enemies":"Shell Parasite","floor":18,"turns":4},{"damage":0,"enemies":"Chosen","floor":19,"turns":2},{"damage":0,"enemies":"Gremlin Leader","floor":24,"turns":6},{"damage":25,"enemies":"Centurion and Healer","floor":25,"turns":7},{"damage":40,"enemies":"Slavers","floor":30,"turns":4},{"damage":12,"enemies":"Shelled Parasite and Fungi","floor":31,"turns":3},{"damage":38,"enemies":"Collector","floor":33,"turns":11},{"damage":25,"enemies":"3 Darklings","floor":35,"turns":5},{"damage":19,"enemies":"Orb Walker","floor":36,"turns":3},{"damage":39,"enemies":"Reptomancer","floor":40,"turns":6},{"damage":0,"enemies":"Sphere and 2 Shapes","floor":41,"turns":3},{"damage":22,"enemies":"2 Orb Walkers","floor":45,"turns":4},{"damage":58,"enemies":"Maw","floor":46,"turns":8},{"damage":0,"enemies":"Transient","floor":48,"turns":5},{"damage":90,"enemies":"Awakened One","floor":50,"turns":7}],"seed_played":"-157340807896698205","potions_obtained":[{"floor":1,"key":"FearPotion"},{"floor":11,"key":"Ancient Potion"},{"floor":14,"key":"SteroidPotion"},{"floor":30,"key":"Ancient Potion"},{"floor":31,"key":"Explosive Potion"},{"floor":40,"key":"SpeedPotion"},{"floor":41,"key":"FearPotion"}],"is_trial":false,"path_per_floor":["M","M","?","M","M","?","R","E","T","E","M","R","?","M","R","B",null,"M","M","$","?","?","R","E","M","T","R","$","?","E","M","R","B",null,"M","M","?","?","?","E","M","R","T","R","?","M","$","M","R","B",null],"character_chosen":"IRONCLAD","items_purchased":["Sword Boomerang","Mummified Hand","Trip","Mayhem","Deep Breath","Shrug It Off"],"campfire_rested":3,"item_purchase_floors":[20,28,28,47,47,47],"current_hp_per_floor":[75,79,79,80,74,74,74,42,42,39,57,57,77,78,78,49,72,63,69,69,69,69,69,75,56,56,80,80,80,60,54,78,58,76,57,58,58,48,48,33,51,69,69,86,72,38,38,56,90,22],"gold":22,"neow_bonus":"RANDOM_COMMON_RELIC","is_prod":false,"is_daily":false,"chose_seed":false,"campfire_upgraded":2,"win_rate":0,"timestamp":1548730301,"path_taken":["M","M","?","?","M","?","R","E","T","E","M","R","?","M","R","BOSS","M","M","$","?","?","R","E","M","T","R","$","?","E","M","R","BOSS","M","M","?","?","?","E","?","R","T","R","?","M","$","M","R","BOSS"],"build_version":"2019-01-23","purchased_purges":0,"victory":true,"max_hp_per_floor":[80,80,80,80,80,80,80,80,80,80,80,80,80,80,80,80,80,80,80,80,80,80,80,80,80,80,80,80,80,82,82,82,82,82,82,84,84,84,84,86,86,86,86,86,88,90,90,90,90,90],"card_choices":[{"not_picked":["Cleave","Heavy Blade"],"picked":"Metallicize","floor":1},{"not_picked":["Armaments","Thunderclap"],"picked":"Feel No Pain","floor":2},{"not_picked":["Heavy Blade","Perfected Strike"],"picked":"Armaments","floor":4},{"not_picked":["Fiend Fire","Warcry"],"picked":"Shrug It Off","floor":5},{"not_picked":["Fire Breathing","Cleave"],"picked":"Pummel","floor":8},{"not_picked":["Rupture","Combust"],"picked":"Iron Wave","floor":10},{"not_picked":["Power Through","Impervious"],"picked":"Spot Weakness","floor":11},{"not_picked":["Entrench","Thunderclap"],"picked":"Infernal Blade","floor":14},{"not_picked":["Demon Form","Exhume"],"picked":"Double Tap","floor":16},{"not_picked":["Clash","Perfected Strike+1"],"picked":"Armaments","floor":18},{"not_picked":["Combust","Spot Weakness"],"picked":"Anger","floor":19},{"not_picked":["Shrug It Off","Warcry"],"picked":"Metallicize","floor":24},{"not_picked":["Perfected Strike","Clash"],"picked":"Evolve","floor":25},{"not_picked":["Dropkick","Armaments"],"picked":"Heavy Blade","floor":27},{"not_picked":["Double Tap","Havoc+1","Pommel Strike"],"picked":"Singing Bowl","floor":30},{"not_picked":["Armaments+1","Warcry"],"picked":"Reckless Charge","floor":31},{"not_picked":["Wild Strike","Spot Weakness"],"picked":"True Grit","floor":32},{"not_picked":["Fiend Fire","Demon Form"],"picked":"Exhume","floor":33},{"not_picked":["Thunderclap+1","Intimidate"],"picked":"Cleave+1","floor":35},{"not_picked":["Second Wind","Warcry","Iron Wave"],"picked":"Singing Bowl","floor":36},{"not_picked":["Flash of Steel","Dramatic Entrance"],"picked":"Bandage Up","floor":38},{"not_picked":["Trip","Madness"],"picked":"Secret Weapon","floor":38},{"not_picked":["Panacea","Good Instincts"],"picked":"Apotheosis","floor":38},{"not_picked":["Iron Wave","Rage","Shockwave"],"picked":"Singing Bowl","floor":40},{"not_picked":["True Grit","Anger"],"picked":"Infernal Blade+1","floor":41},{"not_picked":["Iron Wave","Hemokinesis+1","Immolate"],"picked":"Singing Bowl","floor":45},{"not_picked":["Cleave+1","Carnage","True Grit+1"],"picked":"Singing Bowl","floor":46},{"not_picked":["Wild Strike","Sword Boomerang"],"picked":"Spot Weakness","floor":48},{"not_picked":["Thunderclap","Searing Blow"],"picked":"Disarm+1","floor":49}],"player_experience":507388,"relics_obtained":[{"floor":8,"key":"Peace Pipe"},{"floor":9,"key":"Du-Vu Doll"},{"floor":10,"key":"Gremlin Horn"},{"floor":24,"key":"Happy Flower"},{"floor":26,"key":"Dream Catcher"},{"floor":29,"key":"Mercury Hourglass"},{"floor":30,"key":"Singing Bowl"},{"floor":40,"key":"Boot"},{"floor":43,"key":"PreservedInsect"},{"floor":45,"key":"Calipers"}],"event_choices":[{"damage_healed":0,"gold_gain":0,"player_choice":"Gave Potion","damage_taken":0,"relics_obtained":["Meat on the Bone"],"max_hp_gain":0,"max_hp_loss":0,"event_name":"WeMeetAgain","floor":3,"gold_loss":0},{"cards_removed":["Defend_R"],"damage_healed":0,"gold_gain":0,"player_choice":"Card Removal","damage_taken":0,"max_hp_gain":0,"max_hp_loss":0,"event_name":"The Cleric","floor":6,"gold_loss":50},{"damage_healed":20,"gold_gain":0,"player_choice":"Healed and dodged fight","damage_taken":0,"max_hp_gain":0,"max_hp_loss":0,"event_name":"Mushrooms","floor":13,"gold_loss":0,"cards_obtained":["Parasite"]},{"damage_healed":0,"gold_gain":0,"player_choice":"Read","damage_taken":0,"max_hp_gain":0,"max_hp_loss":0,"event_name":"The Library","floor":21,"gold_loss":0,"cards_obtained":["Intimidate"]},{"damage_healed":0,"gold_gain":0,"player_choice":"Ignored","damage_taken":0,"max_hp_gain":0,"max_hp_loss":0,"event_name":"Ghosts","floor":22,"gold_loss":0},{"damage_healed":0,"gold_gain":0,"player_choice":"Relic","damage_taken":0,"max_hp_gain":0,"max_hp_loss":0,"event_name":"Wheel of Change","floor":29,"gold_loss":0},{"damage_healed":0,"gold_gain":0,"player_choice":"Ignored","damage_taken":0,"max_hp_gain":0,"max_hp_loss":0,"event_name":"Tomb of Lord Red Mask","floor":37,"gold_loss":0},{"damage_healed":0,"gold_gain":0,"player_choice":"Memory 3","damage_taken":10,"max_hp_gain":0,"max_hp_loss":0,"event_name":"SensoryStone","floor":38,"gold_loss":0},{"cards_removed":["Strike_R"],"damage_healed":0,"gold_gain":0,"player_choice":"Offered Basic","damage_taken":0,"max_hp_gain":0,"max_hp_loss":0,"event_name":"Bonfire Elementals","floor":39,"gold_loss":0},{"damage_healed":0,"gold_gain":0,"player_choice":"Fight","damage_taken":0,"max_hp_gain":0,"max_hp_loss":0,"event_name":"Mysterious Sphere","floor":45,"gold_loss":0}],"is_beta":true,"boss_relics":[{"not_picked":["Lizard Tail","Runic Dome"],"picked":"Fusion Hammer"},{"not_picked":["Busted Crown","Philosopher\u0027s Stone"],"picked":"Eternal Feather"}],"items_purged_floors":[],"is_endless":false,"potions_floor_spawned":[1,11,14,16,30,31,33,35,40,41],"ascension_level":12}