{"gold_per_floor":[114,114,114,429,104,104,134,134,159,159,228,228,28,28,28,28],"floor_reached":16,"playtime":235,"items_purged":[],"score":194,"play_id":"a0ba650e-a331-40fe-ad05-3e8d059d1f1a","local_time":"20190108210340","daily_mods":["Insanity","Vintage","Night Terrors"],"is_ascension_mode":false,"campfire_choices":[{"data":"Armaments","floor":6.0,"key":"SMITH"},{"data":"Armaments","floor":8.0,"key":"SMITH"},{"data":"Metallicize","floor":10.0,"key":"SMITH"},{"data":"Havoc","floor":15.0,"key":"SMITH"}],"neow_cost":"","seed_source_timestamp":0,"circlet_count":0,"master_deck":["Heavy Blade","Wild Strike","Intimidate","Perfected Strike","Bloodletting","True Grit","True Grit","Shockwave","Twin Strike","Dual Wield","Flex","Iron Wave","Flame Barrier","Iron Wave","True Grit","Combust","Perfected Strike","Body Slam","Flex","Body Slam","Uppercut","Dropkick","Heavy Blade","Uppercut","Spot Weakness","Armaments","Rampage","Twin Strike","Thunderclap","Perfected Strike","Warcry","Disarm","Body Slam","Body Slam","Burning Pact","Heavy Blade","Headbutt","Armaments+1","Entrench","Rampage","Iron Wave","Wild Strike","Rampage","Havoc+1","Blood for Blood","Metallicize+1","Thunderclap","Iron Wave","Armaments+1","Twin Strike"],"special_seed":17904,"relics":["Burning Blood","Nunchaku","Old Coin","Membership Card","Singing Bowl","Bottled Tornado","Strawberry","Mummified Hand","Juzu Bracelet"],"potions_floor_usage":[],"damage_taken":[{"damage":4.0,"enemies":"Jaw Worm","floor":1.0,"turns":4.0},{"damage":0.0,"enemies":"Small Slimes","floor":4.0,"turns":2.0},{"damage":12.0,"enemies":"Gremlin Nob","floor":7.0,"turns":3.0},{"damage":0,"enemies":"Slime Boss","floor":16,"turns":1}],"seed_played":"-1546988897683153099","potions_obtained":[{"floor":3.0,"key":"FairyPotion"},{"floor":3.0,"key":"Explosive Potion"},{"floor":3.0,"key":"SkillPotion"},{"floor":7.0,"key":"Dexterity Potion"}],"is_trial":false,"path_per_floor":["M","?","?","M","$","R","E","R","T","R","?","?","$","?","R","B"],"character_chosen":"IRONCLAD","items_purchased":["Membership Card","Singing Bowl","Mummified Hand","Juzu Bracelet"],"campfire_rested":0,"item_purchase_floors":[5,5,13,13],"current_hp_per_floor":[80,80,80,80,80,80,74,74,81,81,81,81,81,81,81,81],"gold":28,"neow_bonus":"","is_prod":false,"is_daily":true,"chose_seed":false,"campfire_upgraded":4,"win_rate":0,"timestamp":1546981420,"path_taken":["M","?","?","?","$","R","E","R","T","R","?","?","$","?","R","BOSS"],"build_version":"2019-01-07","purchased_purges":0,"victory":false,"max_hp_per_floor":[80,80,80,80,80,80,80,80,87,87,87,87,87,87,87,87],"card_choices":[{"not_picked":["Bloodletting","Wild Strike"],"picked":"Armaments","floor":7.0}],"player_experience":384888,"relics_obtained":[{"floor":1.0,"key":"Nunchaku"},{"floor":4.0,"key":"Old Coin"},{"floor":7.0,"key":"Bottled Tornado"},{"floor":9.0,"key":"Strawberry"}],"event_choices":[{"damage_healed":0.0,"max_hp_gain":0.0,"max_hp_loss":0.0,"gold_gain":0.0,"event_name":"The Cleric","player_choice":"Leave","floor":2.0,"gold_loss":0.0,"damage_taken":0.0},{"damage_healed":0.0,"max_hp_gain":0.0,"max_hp_loss":0.0,"gold_gain":0.0,"event_name":"Lab","player_choice":"Got Potions","floor":3.0,"gold_loss":0.0,"damage_taken":0.0},{"damage_healed":0.0,"max_hp_gain":0.0,"max_hp_loss":0.0,"gold_gain":69.0,"event_name":"Golden Wing","player_choice":"Gained Gold","floor":11.0,"gold_loss":0.0,"damage_taken":0.0},{"cards_removed":["Wild Strike"],"damage_healed":0.0,"max_hp_gain":0.0,"max_hp_loss":0.0,"gold_gain":0.0,"event_name":"Purifier","player_choice":"Purged","floor":12.0,"gold_loss":0.0,"damage_taken":0.0},{"damage_healed":0.0,"max_hp_gain":0.0,"max_hp_loss":0.0,"gold_gain":0.0,"cards_transformed":["Warcry"],"event_name":"Transmorgrifier","player_choice":"Transformed","floor":14.0,"gold_loss":0.0,"damage_taken":0.0,"cards_obtained":["Twin Strike"]}],"is_beta":true,"boss_relics":[],"items_purged_floors":[],"is_endless":false,"potions_floor_spawned":[4,7],"killed_by":"Slime Boss","ascension_level":0}