{"gold_per_floor":[109,109,259,279,204,239,239,270,294,294,72,96,96,96,96,186,186,199,45,83,133,149,149,168,168,194,119,150,150,184,210,210,301,301,322,115,115,139,153,153,186,186,254,289,289,310,310,346,346,346],"floor_reached":51,"playtime":3170,"items_purged":["Doubt"],"score":1338,"play_id":"0b82ba05-f6a9-4a3f-854f-e0aad0478dc1","local_time":"20190212180638","is_ascension_mode":true,"campfire_choices":[{"data":"Zap","floor":7,"key":"SMITH"},{"data":"Darkness","floor":13,"key":"SMITH"},{"data":"Loop","floor":15,"key":"SMITH"},{"data":"Multi-Cast","floor":23,"key":"SMITH"},{"data":"Redo","floor":25,"key":"SMITH"},{"data":"Buffer","floor":29,"key":"SMITH"},{"data":"Go for the Eyes","floor":32,"key":"SMITH"},{"data":"Glacier","floor":40,"key":"SMITH"},{"floor":42,"key":"REST"},{"data":"Darkness","floor":45,"key":"SMITH"},{"data":"Capacitor","floor":47,"key":"SMITH"},{"floor":49,"key":"REST"}],"neow_cost":"NONE","seed_source_timestamp":1795983528029163,"circlet_count":0,"master_deck":["AscendersBane","Strike_B+1","Defend_B","Defend_B+1","Defend_B","Defend_B","Zap+1","Dualcast","Glacier+1","Hologram+1","Sweeping Beam","Darkness+1","Loop+1","Redo+1","Multi-Cast+1","Conserve Battery","Self Repair","Buffer+1","Go for the Eyes+1","Compile Driver","Parasite","Capacitor+1","Darkness+1","Leap","Steam+1"],"relics":["Cracked Core","NeowsBlessing","Golden Idol","Centennial Puzzle","Art of War","DataDisk","Anchor","Sozu","Bag of Preparation","Red Mask","Orichalcum","PreservedInsect","Whetstone","Regal Pillow","Empty Cage","ClockworkSouvenir","Dodecahedron","Sundial","Incense Burner","Bronze Scales"],"potions_floor_usage":[8,16,20],"damage_taken":[{"damage":0,"enemies":"Small Slimes","floor":1,"turns":1},{"damage":0,"enemies":"Jaw Worm","floor":4,"turns":1},{"damage":0,"enemies":"Gremlin Nob","floor":6,"turns":1},{"damage":5,"enemies":"Lagavulin","floor":8,"turns":11},{"damage":0,"enemies":"2 Louse","floor":12,"turns":3},{"damage":23,"enemies":"Slime Boss","floor":16,"turns":9},{"damage":0,"enemies":"Spheric Guardian","floor":18,"turns":4},{"damage":12,"enemies":"Masked Bandits","floor":20,"turns":3},{"damage":0,"enemies":"Chosen","floor":22,"turns":6},{"damage":0,"enemies":"Snake Plant","floor":24,"turns":2},{"damage":8,"enemies":"Book of Stabbing","floor":28,"turns":3},{"damage":7,"enemies":"Gremlin Leader","floor":30,"turns":5},{"damage":44,"enemies":"Automaton","floor":33,"turns":7},{"damage":0,"enemies":"3 Shapes","floor":35,"turns":6},{"damage":0,"enemies":"3 Darklings","floor":38,"turns":8},{"damage":0,"enemies":"Writhing Mass","floor":39,"turns":5},{"damage":43,"enemies":"Reptomancer","floor":41,"turns":4},{"damage":21,"enemies":"Nemesis","floor":44,"turns":7},{"damage":3,"enemies":"4 Shapes","floor":46,"turns":6},{"damage":18,"enemies":"Reptomancer","floor":48,"turns":7},{"damage":47,"enemies":"Donu and Deca","floor":50,"turns":7}],"seed_played":"-2748499850262674314","potions_obtained":[{"floor":1,"key":"Block Potion"},{"floor":4,"key":"Dexterity Potion"},{"floor":8,"key":"Weak Potion"}],"is_trial":false,"path_per_floor":["M","?","?","M","$","E","R","E","T","?","$","M","R","$","R","B",null,"M","$","?","?","M","R","M","R","T","?","E","R","E","T","R","B",null,"M","$","?","M","M","R","E","R","T","E","R","M","R","E","R","B",null],"character_chosen":"DEFECT","items_purchased":["Anchor","Loop","Bag of Preparation","ClockworkSouvenir"],"campfire_rested":2,"item_purchase_floors":[11,11,19,36],"current_hp_per_floor":[64,64,64,64,64,64,64,59,59,40,40,40,40,40,40,17,52,52,52,40,40,47,47,47,47,47,47,46,46,46,46,46,9,50,57,57,57,64,64,64,28,62,62,48,48,52,52,34,64,24],"gold":346,"neow_bonus":"THREE_ENEMY_KILL","is_prod":false,"is_daily":false,"chose_seed":false,"campfire_upgraded":10,"win_rate":0,"timestamp":1549962398,"path_taken":["M","?","?","M","$","E","R","E","T","?","$","M","R","?","R","BOSS","M","$","?","?","M","R","?","R","T","?","E","R","E","?","R","BOSS","M","$","?","M","M","R","E","R","T","E","R","M","R","E","R","BOSS"],"build_version":"2019-01-23","purchased_purges":1,"victory":true,"max_hp_per_floor":[71,64,64,64,64,64,64,64,64,64,64,64,64,64,64,64,64,64,64,64,64,64,64,64,64,64,64,64,64,64,64,64,64,64,64,64,64,64,64,64,64,64,64,64,64,64,64,64,64,64],"card_choices":[{"not_picked":["White Noise","Rip and Tear"],"picked":"Glacier","floor":1},{"not_picked":["Fusion","Streamline"],"picked":"Hologram","floor":4},{"not_picked":["Turbo","Barrage"],"picked":"Sweeping Beam","floor":6},{"not_picked":["Hologram","Compile Driver"],"picked":"Darkness","floor":8},{"not_picked":["Beam Cell","Compile Driver"],"picked":"Redo","floor":12},{"not_picked":["Meteor Strike","Thunder Strike"],"picked":"Multi-Cast","floor":16},{"not_picked":["Ball Lightning","Cold Snap"],"picked":"Conserve Battery","floor":18},{"not_picked":["Glacier","Heatsinks+1"],"picked":"Self Repair","floor":20},{"not_picked":["Chill","Genetic Algorithm","Beam Cell+1"],"picked":"SKIP","floor":22},{"not_picked":["Static Discharge","Turbo","Redo"],"picked":"SKIP","floor":24},{"not_picked":["Static Discharge","Turbo","Redo"],"picked":"SKIP","floor":24},{"not_picked":["Steam","Turbo"],"picked":"Buffer","floor":28},{"not_picked":["Cold Snap","Leap"],"picked":"Go for the Eyes","floor":30},{"not_picked":["Multi-Cast","Amplify"],"picked":"Reboot","floor":33},{"not_picked":["Consume","Steam"],"picked":"Compile Driver","floor":35},{"not_picked":["Gash","Undo+1","Skim"],"picked":"SKIP","floor":38},{"not_picked":["Gash","Undo+1","Skim"],"picked":"SKIP","floor":38},{"not_picked":["Ball Lightning","Rebound"],"picked":"Capacitor","floor":39},{"not_picked":["Undo+1","BootSequence"],"picked":"Darkness","floor":41},{"not_picked":["Go for the Eyes","Reinforced Body","Undo+1"],"picked":"SKIP","floor":44},{"not_picked":["Go for the Eyes","Reinforced Body","Undo+1"],"picked":"SKIP","floor":44},{"not_picked":["Heatsinks","Ball Lightning+1"],"picked":"Leap","floor":46},{"not_picked":["Tempest","Genetic Algorithm"],"picked":"Steam+1","floor":48}],"player_experience":982906,"relics_obtained":[{"floor":6,"key":"Centennial Puzzle"},{"floor":8,"key":"Art of War"},{"floor":9,"key":"DataDisk"},{"floor":20,"key":"Red Mask"},{"floor":26,"key":"Orichalcum"},{"floor":28,"key":"PreservedInsect"},{"floor":30,"key":"Whetstone"},{"floor":31,"key":"Regal Pillow"},{"floor":41,"key":"Dodecahedron"},{"floor":43,"key":"Sundial"},{"floor":44,"key":"Incense Burner"},{"floor":48,"key":"Bronze Scales"}],"event_choices":[{"damage_healed":0,"gold_gain":0,"player_choice":"Lose Max HP","damage_taken":0,"relics_obtained":["Golden Idol"],"max_hp_gain":0,"max_hp_loss":7,"event_name":"Golden Idol","floor":2,"gold_loss":0},{"damage_healed":0,"gold_gain":150,"player_choice":"AGREE","damage_taken":0,"max_hp_gain":0,"max_hp_loss":0,"event_name":"Liars Game","floor":3,"gold_loss":0,"cards_obtained":["Doubt"]},{"damage_healed":0,"gold_gain":0,"player_choice":"Entered Light","damage_taken":19,"max_hp_gain":0,"max_hp_loss":0,"event_name":"Shining Light","floor":10,"gold_loss":0,"cards_upgraded":["Defend_B","Hologram"]},{"damage_healed":0,"gold_gain":0,"player_choice":"Fought Bandits","damage_taken":0,"max_hp_gain":0,"max_hp_loss":0,"event_name":"Masked Bandits","floor":20,"gold_loss":0},{"damage_healed":0,"gold_gain":50,"player_choice":"Pray","damage_taken":0,"max_hp_gain":0,"max_hp_loss":0,"event_name":"Golden Shrine","floor":21,"gold_loss":0},{"cards_removed":["Strike_B"],"damage_healed":0,"gold_gain":0,"player_choice":"Gave Gold","damage_taken":0,"max_hp_gain":0,"max_hp_loss":0,"event_name":"Beggar","floor":27,"gold_loss":75},{"cards_removed":["Reboot"],"damage_healed":0,"gold_gain":0,"player_choice":"Removed Skill","damage_taken":0,"max_hp_gain":0,"max_hp_loss":0,"event_name":"Falling","floor":37,"gold_loss":0}],"is_beta":false,"boss_relics":[{"not_picked":["Calling Bell","Astrolabe"],"picked":"Sozu"},{"not_picked":["Busted Crown","White Beast Statue"],"picked":"Empty Cage"}],"items_purged_floors":[5],"is_endless":false,"potions_floor_spawned":[1,4,8,20,24,28,35,41,48],"ascension_level":15}