{"gold_per_floor":[115,17,17,17,37,68,68,97,123,158,173,187,187,187,187,258,258,272,272,284,284,284,284,284],"floor_reached":24,"playtime":966,"items_purged":[],"score":467,"play_id":"4972940d-1a77-4a64-b27d-0aec7c41027b","local_time":"20190922190830","is_ascension_mode":true,"campfire_choices":[{"data":"Sword Boomerang","floor":7,"key":"SMITH"},{"data":"Sword Boomerang","floor":13,"key":"SMITH"},{"data":"Seeing Red","floor":15,"key":"SMITH"},{"data":"Rupture","floor":23,"key":"SMITH"}],"neow_cost":"NONE","seed_source_timestamp":605215549610600,"circlet_count":0,"master_deck":["AscendersBane","Defend_R","Defend_R+1","Defend_R+1","Defend_R","Bash","Flex+1","Pummel+1","Sword Boomerang+1","Thunderclap","Feed","Seeing Red+1","Battle Trance","Sword Boomerang+1","Brutality","Rupture+1","Bite","Bite","Bite","Bite","Bite"],"relics":["Burning Blood","NeowsBlessing","Red Skull","Matryoshka","War Paint","Dream Catcher","Centennial Puzzle","Runic Cube"],"potions_floor_usage":[8,16,21],"damage_taken":[{"damage":0,"enemies":"Small Slimes","floor":1,"turns":1},{"damage":0,"enemies":"2 Louse","floor":5,"turns":1},{"damage":0,"enemies":"3 Sentries","floor":6,"turns":1},{"damage":17,"enemies":"Gremlin Nob","floor":8,"turns":3},{"damage":32,"enemies":"3 Sentries","floor":10,"turns":6},{"damage":0,"enemies":"Cultist","floor":11,"turns":2},{"damage":0,"enemies":"Large Slime","floor":12,"turns":2},{"damage":12,"enemies":"Hexaghost","floor":16,"turns":8},{"damage":13,"enemies":"Chosen","floor":18,"turns":5},{"damage":23,"enemies":"3 Byrds","floor":20,"turns":4},{"damage":0,"enemies":"Snake Plant","floor":21,"turns":1},{"damage":60,"enemies":"Slavers","floor":24,"turns":3}],"seed_played":"-4047623365062753805","potions_obtained":[{"floor":1,"key":"Dexterity Potion"},{"floor":12,"key":"SmokeBomb"}],"is_trial":false,"path_per_floor":["M","$","?","?","M","E","R","E","T","E","M","M","R","?","R","B",null,"M","?","M","M","?","R","E"],"character_chosen":"IRONCLAD","items_purchased":["Pummel","SteroidPotion"],"campfire_rested":0,"item_purchase_floors":[2,2],"current_hp_per_floor":[74,74,74,74,75,75,75,64,64,41,47,53,53,30,30,24,65,61,61,47,53,53,53,0],"gold":284,"neow_bonus":"THREE_ENEMY_KILL","is_prod":false,"is_daily":false,"chose_seed":false,"campfire_upgraded":4,"win_rate":0,"timestamp":1569150510,"path_taken":["M","$","?","?","M","E","R","E","T","E","?","M","R","?","R","BOSS","M","?","M","M","?","R","E"],"build_version":"2019-07-17","purchased_purges":0,"victory":false,"max_hp_per_floor":[75,75,75,75,75,75,75,75,75,78,78,78,78,78,78,78,78,81,81,84,84,58,58,58],"card_choices":[{"not_picked":["Feel No Pain","Intimidate"],"picked":"Flex","floor":1},{"not_picked":["Thunderclap","Warcry"],"picked":"Sword Boomerang","floor":5},{"not_picked":["Heavy Blade","Evolve"],"picked":"Thunderclap","floor":6},{"not_picked":["Feel No Pain","Clothesline"],"picked":"Feed","floor":8},{"not_picked":["Ghostly Armor","Burning Pact"],"picked":"Seeing Red","floor":10},{"not_picked":["Warcry","Rage"],"picked":"Battle Trance","floor":11},{"not_picked":["Dropkick","Headbutt"],"picked":"Sword Boomerang","floor":12},{"not_picked":["Feed","Bludgeon"],"picked":"Brutality","floor":16},{"not_picked":["Pommel Strike","True Grit"],"picked":"Rupture","floor":18},{"not_picked":["Clash","Hemokinesis","Thunderclap"],"picked":"SKIP","floor":20}],"player_experience":664809,"relics_obtained":[{"floor":6,"key":"Red Skull"},{"floor":8,"key":"Matryoshka"},{"floor":9,"key":"War Paint"},{"floor":9,"key":"Dream Catcher"},{"floor":10,"key":"Centennial Puzzle"}],"event_choices":[{"damage_healed":0,"gold_gain":0,"player_choice":"Ignored","damage_taken":0,"max_hp_gain":0,"max_hp_loss":0,"event_name":"Liars Game","floor":3,"gold_loss":0},{"damage_healed":0,"gold_gain":0,"player_choice":"Upgraded","damage_taken":0,"max_hp_gain":0,"max_hp_loss":0,"event_name":"Upgrade Shrine","floor":4,"gold_loss":0,"cards_upgraded":["Flex"]},{"damage_healed":0,"gold_gain":0,"player_choice":"Entered Light","damage_taken":23,"max_hp_gain":0,"max_hp_loss":0,"event_name":"Shining Light","floor":14,"gold_loss":0,"cards_upgraded":["Pummel","Strike_R"]},{"damage_healed":0,"gold_gain":0,"player_choice":"Ignored","damage_taken":0,"max_hp_gain":0,"max_hp_loss":0,"event_name":"Ghosts","floor":19,"gold_loss":0},{"damage_healed":0,"gold_gain":0,"player_choice":"Became a vampire","damage_taken":0,"max_hp_gain":0,"max_hp_loss":26,"event_name":"Vampires","floor":22,"gold_loss":0,"cards_obtained":["Bite","Bite","Bite","Bite","Bite"]}],"is_beta":false,"boss_relics":[{"not_picked":["Calling Bell","Astrolabe"],"picked":"Runic Cube"}],"items_purged_floors":[],"is_endless":false,"potions_floor_spawned":[1,5,6,12],"killed_by":"Slavers","ascension_level":17}