{"gold_per_floor":[11,30,30,30,43,81,81,81,81,101,135,135,135,148,148,237,237,253,269,282,282],"floor_reached":21,"playtime":1254,"items_purged":[],"score":382,"play_id":"748535a4-01ed-4b06-bae0-df2d04abc549","local_time":"20190921214808","is_ascension_mode":true,"campfire_choices":[{"data":"Intimidate","floor":8.0,"key":"SMITH"},{"data":"Rampage","floor":13.0,"key":"SMITH"},{"floor":15.0,"key":"REST"}],"neow_cost":"NO_GOLD","seed_source_timestamp":454500307142300,"circlet_count":0,"master_deck":["AscendersBane","Strike_R","Strike_R","Defend_R","Defend_R","Defend_R","Defend_R","Bash","Intimidate+1","Perfected Strike+1","Pommel Strike","Headbutt","Rampage+1","Evolve","Power Through","Reckless Charge","Impervious","CurseOfTheBell"],"special_seed":0,"relics":["Burning Blood","Golden Idol","Mango","The Courier","Turnip","Calling Bell","Anchor","Mummified Hand","Bird Faced Urn"],"potions_floor_usage":[21],"damage_taken":[{"damage":7.0,"enemies":"Jaw Worm","floor":1.0,"turns":3.0},{"damage":6.0,"enemies":"2 Louse","floor":2.0,"turns":3.0},{"damage":0.0,"enemies":"Cultist","floor":5.0,"turns":2.0},{"damage":35.0,"enemies":"3 Sentries","floor":6.0,"turns":8.0},{"damage":16.0,"enemies":"3 Louse","floor":10.0,"turns":3.0},{"damage":16.0,"enemies":"Gremlin Nob","floor":11.0,"turns":4.0},{"damage":7.0,"enemies":"Lots of Slimes","floor":14.0,"turns":4.0},{"damage":44.0,"enemies":"Slime Boss","floor":16.0,"turns":10.0},{"damage":26.0,"enemies":"Shell Parasite","floor":18.0,"turns":8.0},{"damage":27.0,"enemies":"Chosen","floor":19.0,"turns":6.0},{"damage":19.0,"enemies":"Centurion and Healer","floor":20.0,"turns":8.0},{"damage":37,"enemies":"Snecko","floor":21,"turns":4}],"seed_played":"-3385836094235802330","potions_obtained":[{"floor":6.0,"key":"SpeedPotion"},{"floor":14.0,"key":"ElixirPotion"},{"floor":16.0,"key":"DuplicationPotion"},{"floor":19.0,"key":"PowerPotion"}],"is_trial":false,"path_per_floor":["M","M","?","?","M","E","?","R","T","M","E","?","R","M","R","B",null,"M","M","M","M"],"character_chosen":"IRONCLAD","items_purchased":[],"campfire_rested":1,"item_purchase_floors":[],"current_hp_per_floor":[67,67,67,67,68,53,46,46,46,36,26,31,31,30,56,18,70,52,33,22,0],"gold":282,"neow_bonus":"TRANSFORM_TWO_CARDS","is_prod":false,"is_daily":false,"chose_seed":false,"campfire_upgraded":2,"win_rate":0,"timestamp":1569127688,"path_taken":["M","M","?","?","M","E","?","R","T","M","E","?","R","M","R","BOSS","M","M","M","M"],"build_version":"2019-09-20","purchased_purges":0,"victory":false,"max_hp_per_floor":[75,75,75,68,68,82,82,82,82,82,82,87,87,87,87,87,87,87,87,87,87],"card_choices":[{"not_picked":["Wild Strike","Metallicize"],"picked":"Pommel Strike","floor":1.0},{"not_picked":["Corruption","Flex"],"picked":"Headbutt","floor":2.0},{"not_picked":["True Grit","Clash"],"picked":"Rampage","floor":5.0},{"not_picked":["Second Wind","Dropkick"],"picked":"Evolve","floor":6.0},{"not_picked":["Clothesline","Ghostly Armor"],"picked":"Power Through","floor":10.0},{"not_picked":["Brutality","Flex","Clash"],"picked":"SKIP","floor":11.0},{"not_picked":["Rage","Clothesline"],"picked":"Reckless Charge","floor":14.0},{"not_picked":["Limit Break","Barricade"],"picked":"Impervious","floor":16.0},{"not_picked":["Heavy Blade","Clothesline","Sword Boomerang"],"picked":"SKIP","floor":18.0},{"not_picked":["Dark Embrace","Headbutt","Clash"],"picked":"SKIP","floor":19.0},{"not_picked":["Armaments","Thunderclap+1","Body Slam"],"picked":"SKIP","floor":20.0}],"player_experience":1454335,"relics_obtained":[{"floor":6.0,"key":"Mango"},{"floor":9.0,"key":"The Courier"},{"floor":11.0,"key":"Turnip"},{"floor":17.0,"key":"Anchor"},{"floor":17.0,"key":"Mummified Hand"},{"floor":17.0,"key":"Bird Faced Urn"}],"event_choices":[{"damage_healed":0.0,"max_hp_gain":0.0,"max_hp_loss":0.0,"gold_gain":0.0,"event_name":"Living Wall","player_choice":"Grow","floor":3.0,"gold_loss":0.0,"damage_taken":0.0,"cards_upgraded":["Perfected Strike"]},{"damage_healed":0.0,"max_hp_gain":0.0,"max_hp_loss":7.0,"gold_gain":0.0,"event_name":"Golden Idol","player_choice":"Lose Max HP","floor":4.0,"gold_loss":0.0,"damage_taken":0.0,"relics_obtained":["Golden Idol"]},{"cards_removed":["Strike_R"],"damage_healed":0.0,"max_hp_gain":0.0,"max_hp_loss":0.0,"gold_gain":0.0,"event_name":"Golden Wing","player_choice":"Card Removal","floor":7.0,"gold_loss":0.0,"damage_taken":7.0},{"damage_healed":0.0,"max_hp_gain":5.0,"max_hp_loss":0.0,"gold_gain":0.0,"event_name":"Big Fish","player_choice":"Donut","floor":12.0,"gold_loss":0.0,"damage_taken":0.0}],"is_beta":true,"boss_relics":[{"not_picked":["SacredBark","Runic Cube"],"picked":"Calling Bell"}],"items_purged_floors":[],"is_endless":false,"potions_floor_spawned":[6,14,16,19],"killed_by":"Snecko","ascension_level":20}