{"gold_per_floor":[117,117,127,141,141,141,154,154,154,154,169,169],"floor_reached":12,"playtime":499,"items_purged":[],"score":133,"play_id":"61ecdab5-a7ab-45c9-86e1-25e56bc3b448","local_time":"20190822175053","is_ascension_mode":true,"campfire_choices":[{"data":"Neutralize","floor":6,"key":"SMITH"},{"data":"Escape Plan","floor":8,"key":"SMITH"}],"neow_cost":"NONE","seed_source_timestamp":157275043470600,"circlet_count":0,"master_deck":["AscendersBane","Strike_G","Strike_G","Strike_G","Defend_G","Defend_G","Defend_G","Defend_G","Defend_G","Survivor","Neutralize+1","Escape Plan","Escape Plan+1","Dodge and Roll"],"relics":["Ring of the Snake","Mummified Hand"],"potions_floor_usage":[],"damage_taken":[{"damage":10,"enemies":"Jaw Worm","floor":1,"turns":8},{"damage":7,"enemies":"2 Louse","floor":3,"turns":4},{"damage":0,"enemies":"Cultist","floor":4,"turns":4},{"damage":0,"enemies":"3 Louse","floor":7,"turns":3},{"damage":42,"enemies":"Exordium Thugs","floor":11,"turns":9},{"damage":9,"enemies":"Lots of Slimes","floor":12,"turns":2}],"seed_played":"7763274403269026911","potions_obtained":[{"floor":3,"key":"SteroidPotion"},{"floor":4,"key":"LiquidBronze"},{"floor":7,"key":"Poison Potion"}],"is_trial":false,"path_per_floor":["M","?","M","M","?","R","M","R","T","?","M","M"],"character_chosen":"THE_SILENT","items_purchased":[],"campfire_rested":0,"item_purchase_floors":[],"current_hp_per_floor":[55,60,53,53,46,46,46,46,46,46,4,0],"gold":169,"neow_bonus":"TEN_PERCENT_HP_BONUS","is_prod":false,"is_daily":false,"chose_seed":false,"campfire_upgraded":2,"win_rate":0,"timestamp":1566467453,"path_taken":["M","?","M","M","?","R","M","R","T","?","M","?"],"build_version":"2019-07-17","purchased_purges":0,"victory":false,"max_hp_per_floor":[72,77,77,77,77,77,77,77,77,77,77,77],"card_choices":[{"not_picked":["Sucker Punch","Tactician","Reflex"],"picked":"SKIP","floor":1},{"not_picked":["Finisher","Prepared","Backstab"],"picked":"SKIP","floor":3},{"not_picked":["Dagger Spray","Outmaneuver"],"picked":"Escape Plan","floor":4},{"not_picked":["Skewer","PiercingWail"],"picked":"Escape Plan","floor":7},{"not_picked":["Blade Dance","Prepared"],"picked":"Dodge and Roll","floor":11}],"player_experience":614010,"relics_obtained":[{"floor":9,"key":"Mummified Hand"}],"event_choices":[{"damage_healed":0,"gold_gain":0,"player_choice":"Donut","damage_taken":0,"max_hp_gain":5,"max_hp_loss":0,"event_name":"Big Fish","floor":2,"gold_loss":0},{"cards_removed":["Strike_G"],"damage_healed":0,"gold_gain":0,"player_choice":"Card Removal","damage_taken":7,"max_hp_gain":0,"max_hp_loss":0,"event_name":"Golden Wing","floor":5,"gold_loss":0},{"cards_removed":["Strike_G"],"damage_healed":0,"gold_gain":0,"player_choice":"Offered Basic","damage_taken":0,"max_hp_gain":0,"max_hp_loss":0,"event_name":"Bonfire Elementals","floor":10,"gold_loss":0}],"is_beta":false,"boss_relics":[],"items_purged_floors":[],"is_endless":false,"potions_floor_spawned":[3,4,7],"killed_by":"Lots of Slimes","ascension_level":18}