{"gold_per_floor":[14,31,42,42,53,69,79,79,79,79,93,106,106,117,117,217,217,233,250,269,269,285,285,285,285,312,327,346,346,271,290,290,385,385,396,413,513,532,532,532,545,545],"floor_reached":42,"playtime":2340,"items_purged":["Strike_R"],"score":425,"play_id":"7ed12b26-0d17-47f3-bdee-004a4a4a70f5","local_time":"20190610010254","is_ascension_mode":false,"campfire_choices":[{"data":"Uppercut","floor":8.0,"key":"SMITH"},{"data":"Pommel Strike","floor":13.0,"key":"SMITH"},{"data":"Demon Form","floor":15.0,"key":"SMITH"},{"data":"Shockwave","floor":23.0,"key":"SMITH"},{"floor":25.0,"key":"REST"},{"floor":32.0,"key":"REST"},{"floor":40.0,"key":"REST"}],"neow_cost":"NO_GOLD","seed_source_timestamp":1036226752015800,"circlet_count":0,"master_deck":["Strike_R","Strike_R","Strike_R","Defend_R","Defend_R","Defend_R","Defend_R","Bash","Shrug It Off","Anger","Uppercut+1","Pommel Strike+1","Ghostly Armor","Demon Form+1","Immolate","Shockwave+1","Flame Barrier","Dropkick+1","Limit Break","Shrug It Off","True Grit","Iron Wave+1","True Grit+1","Sword Boomerang"],"special_seed":0,"relics":["Black Blood"],"potions_floor_usage":[42,42],"damage_taken":[{"damage":5.0,"enemies":"2 Louse","floor":1.0,"turns":3.0},{"damage":3.0,"enemies":"Jaw Worm","floor":2.0,"turns":4.0},{"damage":0.0,"enemies":"Small Slimes","floor":3.0,"turns":3.0},{"damage":2.0,"enemies":"3 Louse","floor":5.0,"turns":4.0},{"damage":7.0,"enemies":"Blue Slaver","floor":6.0,"turns":4.0},{"damage":6.0,"enemies":"Large Slime","floor":7.0,"turns":6.0},{"damage":7.0,"enemies":"Looter","floor":11.0,"turns":3.0},{"damage":1.0,"enemies":"Blue Slaver","floor":12.0,"turns":2.0},{"damage":15.0,"enemies":"Exordium Wildlife","floor":14.0,"turns":4.0},{"damage":35.0,"enemies":"Slime Boss","floor":16.0,"turns":7.0},{"damage":4.0,"enemies":"3 Byrds","floor":18.0,"turns":2.0},{"damage":6.0,"enemies":"Chosen","floor":19.0,"turns":5.0},{"damage":5.0,"enemies":"Snecko","floor":20.0,"turns":4.0},{"damage":25.0,"enemies":"Colosseum Slavers","floor":21.0,"turns":4.0},{"damage":33.0,"enemies":"Snake Plant","floor":22.0,"turns":6.0},{"damage":42.0,"enemies":"Sentry and Sphere","floor":27.0,"turns":6.0},{"damage":14.0,"enemies":"3 Cultists","floor":28.0,"turns":5.0},{"damage":19.0,"enemies":"Snake Plant","floor":31.0,"turns":5.0},{"damage":55.0,"enemies":"Automaton","floor":33.0,"turns":8.0},{"damage":39.0,"enemies":"3 Darklings","floor":35.0,"turns":5.0},{"damage":36.0,"enemies":"Orb Walker","floor":36.0,"turns":6.0},{"damage":17.0,"enemies":"Mind Bloom Boss Battle","floor":37.0,"turns":10.0},{"damage":24.0,"enemies":"Sphere and 2 Shapes","floor":38.0,"turns":6.0},{"damage":43.0,"enemies":"Transient","floor":41.0,"turns":5.0},{"damage":43,"enemies":"Spire Growth","floor":42,"turns":7}],"seed_played":"7272647810200431032","potions_obtained":[{"floor":2.0,"key":"LiquidBronze"},{"floor":5.0,"key":"Strength Potion"},{"floor":6.0,"key":"Energy Potion"},{"floor":12.0,"key":"PowerPotion"},{"floor":16.0,"key":"Fire Potion"},{"floor":19.0,"key":"FearPotion"},{"floor":27.0,"key":"Fruit Juice"},{"floor":37.0,"key":"SkillPotion"},{"floor":41.0,"key":"Regen Potion"}],"is_trial":false,"path_per_floor":["M","M","M","?","M","M","M","R","T","?","M","M","R","M","R","B",null,"M","M","M","?","M","R","?","R","T","M","M","?","$","M","R","B",null,"M","M","?","M","?","R","M","M"],"character_chosen":"IRONCLAD","items_purchased":[],"campfire_rested":3,"item_purchase_floors":[],"current_hp_per_floor":[96,96,96,96,96,95,95,95,95,95,94,96,96,87,87,58,96,96,96,96,77,50,50,50,78,78,42,34,34,34,21,56,7,101,72,46,39,25,25,53,20,0],"gold":545,"neow_bonus":"TWENTY_PERCENT_HP_BONUS","is_prod":false,"is_daily":false,"chose_seed":false,"campfire_upgraded":4,"win_rate":0,"timestamp":1560153774,"path_taken":["M","M","M","?","M","M","M","R","T","?","M","M","R","M","R","BOSS","M","M","M","?","M","R","?","R","T","M","M","?","$","M","R","BOSS","M","M","?","M","?","R","M","M"],"build_version":"2019-01-23","purchased_purges":1,"victory":false,"max_hp_per_floor":[96,96,96,96,96,96,96,96,96,96,96,96,96,96,96,96,96,96,96,96,96,96,96,96,96,96,96,96,96,96,96,101,101,101,101,101,101,101,96,96,96,96],"card_choices":[{"not_picked":["Heavy Blade","Thunderclap"],"picked":"Shrug It Off","floor":1.0},{"not_picked":["Warcry","Thunderclap"],"picked":"Anger","floor":2.0},{"not_picked":["Power Through","Pommel Strike"],"picked":"Uppercut","floor":3.0},{"not_picked":["Reckless Charge","Twin Strike","Bloodletting"],"picked":"SKIP","floor":5.0},{"not_picked":["Clothesline","Offering","Uppercut"],"picked":"SKIP","floor":6.0},{"not_picked":["Hemokinesis","Thunderclap","Sword Boomerang"],"picked":"SKIP","floor":7.0},{"not_picked":["Heavy Blade","Clothesline"],"picked":"Pommel Strike","floor":11.0},{"not_picked":["Anger","Iron Wave"],"picked":"Ghostly Armor","floor":12.0},{"not_picked":["Thunderclap","Second Wind"],"picked":"Demon Form","floor":14.0},{"not_picked":["Bludgeon","Double Tap"],"picked":"Immolate","floor":16.0},{"not_picked":["Havoc","Cleave+1","Fire Breathing"],"picked":"SKIP","floor":18.0},{"not_picked":["Warcry+1","Uppercut"],"picked":"Shockwave","floor":19.0},{"not_picked":["Spot Weakness","Headbutt+1"],"picked":"Flame Barrier","floor":20.0},{"not_picked":["Clothesline","Twin Strike"],"picked":"Dropkick+1","floor":22.0},{"not_picked":["Evolve","Iron Wave"],"picked":"Shrug It Off","floor":27.0},{"not_picked":["Combust","Body Slam+1","Infernal Blade"],"picked":"SKIP","floor":28.0},{"not_picked":["Thunderclap+1","Demon Form"],"picked":"True Grit","floor":31.0},{"not_picked":["Flex+1","Disarm+1"],"picked":"Iron Wave+1","floor":35.0},{"not_picked":["Clothesline","Warcry+1","Reckless Charge"],"picked":"SKIP","floor":36.0},{"not_picked":["Thunderclap","Body Slam"],"picked":"True Grit+1","floor":37.0},{"not_picked":["Dropkick+1","Sentinel+1","Cleave+1"],"picked":"SKIP","floor":38.0},{"not_picked":["Clothesline","Burning Pact+1"],"picked":"Sword Boomerang","floor":41.0}],"player_experience":1292960,"relics_obtained":[],"event_choices":[{"damage_healed":0.0,"max_hp_gain":0.0,"max_hp_loss":0.0,"gold_gain":0.0,"event_name":"Scrap Ooze","player_choice":"Fled","floor":4.0,"gold_loss":0.0,"damage_taken":0.0},{"cards_removed":["Strike_R"],"damage_healed":0.0,"max_hp_gain":0.0,"max_hp_loss":0.0,"gold_gain":0.0,"event_name":"Living Wall","player_choice":"Forget","floor":10.0,"gold_loss":0.0,"damage_taken":0.0},{"damage_healed":0.0,"max_hp_gain":0.0,"max_hp_loss":0.0,"gold_gain":0.0,"event_name":"Colosseum","player_choice":"Fight","floor":21.0,"gold_loss":0.0,"damage_taken":0.0},{"damage_healed":0.0,"max_hp_gain":0.0,"max_hp_loss":0.0,"gold_gain":0.0,"event_name":"Colosseum","player_choice":"Fled From Nobs","floor":21.0,"gold_loss":0.0,"damage_taken":0.0},{"damage_healed":0.0,"max_hp_gain":0.0,"max_hp_loss":0.0,"gold_gain":0.0,"event_name":"The Library","player_choice":"Read","floor":24.0,"gold_loss":0.0,"damage_taken":0.0,"cards_obtained":["Limit Break"]},{"damage_healed":0.0,"max_hp_gain":0.0,"max_hp_loss":0.0,"gold_gain":0.0,"event_name":"MindBloom","player_choice":"Fight","floor":37.0,"gold_loss":0.0,"damage_taken":0.0},{"damage_healed":0.0,"max_hp_gain":0.0,"max_hp_loss":5.0,"gold_gain":0.0,"event_name":"Winding Halls","player_choice":"Max HP","floor":39.0,"gold_loss":0.0,"damage_taken":0.0}],"is_beta":false,"boss_relics":[{"not_picked":["Calling Bell","Runic Cube","Black Star"]},{"not_picked":["Empty Cage","Mark of Pain"],"picked":"Black Blood"}],"items_purged_floors":[30],"is_endless":false,"potions_floor_spawned":[2,5,6,12,16,19,21,27,37,41],"killed_by":"Spire Growth","ascension_level":0}