{"gold_per_floor":[115,125,144,157,37,67,77,77,101,137,137,157,157,179,179,263,263,277,303,325,345,361,361],"floor_reached":23,"playtime":2342,"items_purged":[],"score":418,"play_id":"de4dc53d-b5bf-43e6-8f3f-b34fe15846af","local_time":"20190922185719","is_ascension_mode":true,"campfire_choices":[{"floor":8.0,"key":"REST"},{"data":"Carnage","floor":13.0,"key":"SMITH"},{"floor":15.0,"key":"REST"}],"neow_cost":"TEN_PERCENT_HP_LOSS","seed_source_timestamp":0,"circlet_count":0,"master_deck":["AscendersBane","Strike_R","Strike_R","Strike_R","Strike_R","Strike_R","Defend_R","Defend_R","Defend_R","Defend_R","Bash","True Grit","Anger","Evolve","Ghostly Armor","Carnage+1","Battle Trance","Pommel Strike","Feed","Shrug It Off","Twin Strike+1","Inflame"],"special_seed":0,"relics":["Burning Blood","CloakClasp","Juzu Bracelet","CeramicFish","Centennial Puzzle","Oddly Smooth Stone","Fusion Hammer"],"potions_floor_usage":[21],"damage_taken":[{"damage":1.0,"enemies":"2 Louse","floor":1.0,"turns":3.0},{"damage":13.0,"enemies":"Jaw Worm","floor":2.0,"turns":5.0},{"damage":7.0,"enemies":"Small Slimes","floor":3.0,"turns":5.0},{"damage":4.0,"enemies":"Exordium Wildlife","floor":4.0,"turns":3.0},{"damage":37.0,"enemies":"Lagavulin","floor":6.0,"turns":9.0},{"damage":16.0,"enemies":"Exordium Thugs","floor":7.0,"turns":4.0},{"damage":7.0,"enemies":"3 Sentries","floor":10.0,"turns":9.0},{"damage":4.0,"enemies":"Large Slime","floor":12.0,"turns":4.0},{"damage":4.0,"enemies":"Gremlin Gang","floor":14.0,"turns":5.0},{"damage":27.0,"enemies":"Hexaghost","floor":16.0,"turns":9.0},{"damage":20.0,"enemies":"Shell Parasite","floor":18.0,"turns":5.0},{"damage":8.0,"enemies":"3 Byrds","floor":19.0,"turns":6.0},{"damage":26.0,"enemies":"3 Cultists","floor":20.0,"turns":7.0},{"damage":33,"enemies":"Sentry and Sphere","floor":21,"turns":7},{"damage":9,"enemies":"Snake Plant","floor":22,"turns":5},{"damage":20,"enemies":"Book of Stabbing","floor":23,"turns":3}],"seed_played":"-2494402860619492164","potions_obtained":[{"floor":2.0,"key":"Swift Potion"},{"floor":3.0,"key":"PowerPotion"},{"floor":6.0,"key":"PowerPotion"},{"floor":7.0,"key":"Fire Potion"},{"floor":12.0,"key":"Dexterity Potion"},{"floor":19.0,"key":"Regen Potion"},{"floor":22,"key":"Swift Potion"}],"is_trial":false,"path_per_floor":["M","M","M","M","$","E","M","R","T","E","?","M","R","M","R","B",null,"M","M","M","M","M","E"],"character_chosen":"IRONCLAD","items_purchased":["Ghostly Armor","Carnage"],"campfire_rested":2,"item_purchase_floors":[5,5],"current_hp_per_floor":[68,61,60,62,62,31,21,41,41,40,22,24,24,26,46,25,57,43,44,27,18,15,0],"gold":361,"neow_bonus":"ONE_RARE_RELIC","is_prod":false,"is_daily":false,"chose_seed":false,"campfire_upgraded":1,"win_rate":0,"timestamp":1569203839,"path_taken":["M","M","M","M","$","E","M","R","T","E","?","M","R","M","R","BOSS","M","M","M","M","M","E"],"build_version":"2019-09-20","purchased_purges":0,"victory":false,"max_hp_per_floor":[68,68,68,68,68,68,68,68,68,68,68,68,68,68,68,68,68,68,71,74,77,77,77],"card_choices":[{"not_picked":["Thunderclap","Body Slam"],"picked":"True Grit","floor":1.0},{"not_picked":["Wild Strike","Hemokinesis"],"picked":"Anger","floor":2.0},{"not_picked":["Brutality","Pommel Strike"],"picked":"Evolve","floor":3.0},{"not_picked":["Searing Blow","Sword Boomerang","Anger"],"picked":"SKIP","floor":4.0},{"not_picked":["Wild Strike","Clothesline","Seeing Red"],"picked":"SKIP","floor":6.0},{"not_picked":["Wild Strike","Clothesline","Seeing Red"],"picked":"SKIP","floor":6.0},{"not_picked":["Anger","Pummel","Sever Soul"],"picked":"SKIP","floor":7.0},{"not_picked":["Clothesline","Shockwave"],"picked":"Battle Trance","floor":10.0},{"not_picked":["Entrench","Hemokinesis","Rage"],"picked":"SKIP","floor":12.0},{"not_picked":["Iron Wave","Metallicize"],"picked":"Pommel Strike","floor":14.0},{"not_picked":["Bludgeon","Fiend Fire"],"picked":"Feed","floor":16.0},{"not_picked":["Anger","Clothesline","Burning Pact"],"picked":"SKIP","floor":18.0},{"not_picked":["Headbutt","Cleave"],"picked":"Shrug It Off","floor":19.0},{"not_picked":["Pummel","Body Slam"],"picked":"Twin Strike+1","floor":20.0},{"not_picked":["Anger+1","Rupture"],"picked":"Inflame","floor":21},{"not_picked":["Body Slam","Armaments","Inflame"],"picked":"SKIP","floor":22}],"player_experience":1457074,"relics_obtained":[{"floor":6.0,"key":"Juzu Bracelet"},{"floor":9.0,"key":"CeramicFish"},{"floor":10.0,"key":"Centennial Puzzle"}],"event_choices":[{"damage_healed":0.0,"max_hp_gain":0.0,"max_hp_loss":0.0,"gold_gain":0.0,"event_name":"Scrap Ooze","player_choice":"Success","floor":11.0,"gold_loss":0.0,"damage_taken":18.0,"relics_obtained":["Oddly Smooth Stone"]}],"is_beta":true,"boss_relics":[{"not_picked":["Astrolabe","Runic Pyramid"],"picked":"Fusion Hammer"}],"items_purged_floors":[],"is_endless":false,"potions_floor_spawned":[2,3,6,7,12,19,22],"killed_by":"Book of Stabbing","ascension_level":20}