{"gold_per_floor":[115,133,208,228,246,276,276,305,305,334,66,394,411,422,422,527,527,538,266,277,277,202,229,229,263,288,316,204,235,235,267,267,371,371,387,201,201,201,217,252,265,299,373,407,288,318,329,355,355,355,355,355,70,97,97],"floor_reached":56,"playtime":2488,"items_purged":["Strike_R","Shame","Normality","Strike_R","Pain"],"score":2044,"play_id":"1f5f9df2-3d76-4796-b5a1-c84ab1e76802","local_time":"20190910014831","daily_mods":["Cursed Run","Time Dilation","Elite Swarm"],"is_ascension_mode":true,"campfire_choices":[{"data":"Clothesline","floor":7.0,"key":"SMITH"},{"data":"Fiend Fire","floor":15.0,"key":"SMITH"},{"data":"Fiend Fire","floor":24.0,"key":"SMITH"},{"data":"Fiend Fire","floor":30.0,"key":"SMITH"},{"data":"Fiend Fire","floor":32.0,"key":"SMITH"},{"floor":49,"key":"RECALL"},{"floor":52,"key":"DIG"}],"neow_cost":"","seed_source_timestamp":0,"circlet_count":0,"master_deck":["Strike_R+1","Defend_R","Defend_R","Defend_R","Defend_R","Bash","Cleave+1","Clothesline+1","Spot Weakness","Juggernaut","Fiend Fire+1","Fiend Fire+1","Seeing Red","Seeing Red","Second Wind","Impervious","True Grit","Master of Strategy","Disarm","Metallicize+1","Offering","Fiend Fire+1","Offering","Shrug It Off+1","Disarm+1","Exhume","Fiend Fire+1","Shame","Exhume","Power Through+1","Second Wind","Shockwave","Intimidate+1","Shrug It Off","Pain","Shockwave+1","Feed","Exhume","Writhe","Secret Weapon","Feel No Pain","Master of Strategy","Master of Strategy","Corruption","Corruption","Shrug It Off","Havoc","Barricade","Shame"],"special_seed":0,"relics":["Cursed Key","Darkstone Periapt","Du-Vu Doll","Charon\u0027s Ashes","Dead Branch","Gambling Chip","Prayer Wheel","Membership Card","Old Coin","Sozu","Matryoshka","Gremlin Horn","WingedGreaves","Mummified Hand","Shovel","Pocketwatch","Strawberry","Orrery","PrismaticShard","WarpedTongs","War Paint","Centennial Puzzle","Paper Frog","Bottled Flame","FossilizedHelix","Whetstone","Mercury Hourglass","Pantograph","DollysMirror","Orichalcum"],"potions_floor_usage":[55],"damage_taken":[{"damage":0.0,"enemies":"Cultist","floor":1.0,"turns":3.0},{"damage":6.0,"enemies":"Jaw Worm","floor":2.0,"turns":2.0},{"damage":0.0,"enemies":"2 Louse","floor":4.0,"turns":2.0},{"damage":9.0,"enemies":"Exordium Thugs","floor":5.0,"turns":3.0},{"damage":11.0,"enemies":"Lagavulin","floor":6.0,"turns":5.0},{"damage":13.0,"enemies":"Gremlin Nob","floor":8.0,"turns":4.0},{"damage":7.0,"enemies":"3 Sentries","floor":10.0,"turns":5.0},{"damage":18.0,"enemies":"Lagavulin","floor":12.0,"turns":5.0},{"damage":11.0,"enemies":"3 Louse","floor":13.0,"turns":2.0},{"damage":2.0,"enemies":"Blue Slaver","floor":14.0,"turns":2.0},{"damage":0.0,"enemies":"Slime Boss","floor":16.0,"turns":2.0},{"damage":1.0,"enemies":"Spheric Guardian","floor":18.0,"turns":3.0},{"damage":0.0,"enemies":"3 Byrds","floor":20.0,"turns":1.0},{"damage":5.0,"enemies":"Slavers","floor":23.0,"turns":2.0},{"damage":14.0,"enemies":"Book of Stabbing","floor":25.0,"turns":3.0},{"damage":6.0,"enemies":"Gremlin Leader","floor":27.0,"turns":1.0},{"damage":6.0,"enemies":"Slavers","floor":29.0,"turns":1.0},{"damage":6.0,"enemies":"Book of Stabbing","floor":31.0,"turns":1.0},{"damage":15.0,"enemies":"Champ","floor":33.0,"turns":2.0},{"damage":6.0,"enemies":"3 Shapes","floor":35.0,"turns":1.0},{"damage":6.0,"enemies":"3 Darklings","floor":39.0,"turns":1.0},{"damage":11.0,"enemies":"Reptomancer","floor":40.0,"turns":2.0},{"damage":6.0,"enemies":"Maw","floor":41.0,"turns":1.0},{"damage":14.0,"enemies":"Giant Head","floor":42.0,"turns":3.0},{"damage":6,"enemies":"Nemesis","floor":44,"turns":1},{"damage":0,"enemies":"Reptomancer","floor":46,"turns":1},{"damage":0,"enemies":"Writhing Mass","floor":47,"turns":1},{"damage":7,"enemies":"Giant Head","floor":48,"turns":2},{"damage":6,"enemies":"Time Eater","floor":50,"turns":3},{"damage":0,"enemies":"Shield and Spear","floor":54,"turns":2},{"damage":14,"enemies":"The Heart","floor":55,"turns":3}],"seed_played":"-646399641115384933","potions_obtained":[{"floor":1.0,"key":"SkillPotion"},{"floor":10.0,"key":"BloodPotion"},{"floor":12.0,"key":"GamblersBrew"},{"floor":14.0,"key":"Swift Potion"},{"floor":16.0,"key":"Fruit Juice"}],"is_trial":true,"path_per_floor":["M","M","?","M","M","E","R","E","T","E","$","E","M","M","R","B",null,"M","$","M","?","?","E","R","E","T","E","$","E","R","E","R","B",null,"M","$","?","?","M","E","M","E","T","E","$","E","M","E","R","B",null,"R","$","E","B",null],"character_chosen":"IRONCLAD","items_purchased":["Membership Card","True Grit","Matryoshka","Master of Strategy","Shrug It Off","Disarm","PrismaticShard","Shrug It Off","Feel No Pain","Master of Strategy","Corruption","DollysMirror","Shrug It Off","Havoc"],"campfire_rested":0,"item_purchase_floors":[11,19,19,19,28,28,36,36,45,45,53,53,53,53],"current_hp_per_floor":[80,74,63,63,54,43,43,30,36,29,29,32,21,19,19,30,97,96,96,96,96,96,91,91,77,83,77,77,71,71,72,72,63,116,110,110,110,116,110,99,93,83,89,83,83,83,83,76,76,79,141,141,141,141,136],"gold":97,"neow_bonus":"","is_prod":false,"is_daily":false,"chose_seed":false,"campfire_upgraded":5,"win_rate":0,"timestamp":1568105311,"path_taken":["M","?","?","M","M","E","R","E","T","E","$","E","M","M","R","BOSS","M","$","M","?","?","E","R","E","T","E","$","E","R","E","R","BOSS","M","$","?","?","M","E","M","E","T","E","$","E","M","E","R","BOSS","R","$","E","BOSS"],"build_version":"2019-07-17","purchased_purges":5,"victory":true,"max_hp_per_floor":[80,80,80,80,80,80,80,80,86,86,86,86,86,86,86,97,97,97,97,97,97,97,97,97,97,103,103,103,103,103,110,110,116,116,116,116,116,122,122,122,122,126,132,132,132,132,132,132,132,141,141,141,141,141,150],"card_choices":[{"not_picked":["Body Slam","Heavy Blade"],"picked":"Cleave","floor":1.0},{"not_picked":["Havoc","Thunderclap"],"picked":"Clothesline","floor":2.0},{"not_picked":["Power Through","Second Wind"],"picked":"Spot Weakness","floor":4.0},{"not_picked":["Dual Wield","Sword Boomerang","Rage"],"picked":"SKIP","floor":5.0},{"not_picked":["Fiend Fire","Brutality"],"picked":"Juggernaut","floor":6.0},{"not_picked":["Demon Form","Brutality","Immolate"],"picked":"SKIP","floor":8.0},{"not_picked":["Brutality","Demon Form"],"picked":"Fiend Fire","floor":10.0},{"not_picked":["Barricade","Berserk"],"picked":"Fiend Fire","floor":12.0},{"not_picked":["Battle Trance","Second Wind"],"picked":"Seeing Red","floor":13.0},{"not_picked":["Twin Strike","Carnage","Perfected Strike"],"picked":"SKIP","floor":13.0},{"not_picked":["Spot Weakness","Infernal Blade"],"picked":"Seeing Red","floor":14.0},{"not_picked":["Anger","Wild Strike"],"picked":"Second Wind","floor":14.0},{"not_picked":["Barricade","Dark Embrace"],"picked":"Impervious","floor":16.0},{"not_picked":["Carnage","Fire Breathing+1","Cleave"],"picked":"SKIP","floor":18.0},{"not_picked":["Sword Boomerang","Fire Breathing","Wild Strike"],"picked":"SKIP","floor":18.0},{"not_picked":["Thunderclap","Inflame"],"picked":"Disarm","floor":20.0},{"not_picked":["Double Tap","Clothesline"],"picked":"Metallicize+1","floor":20.0},{"not_picked":["Exhume","Brutality"],"picked":"Offering","floor":23.0},{"not_picked":["Impervious","Dark Embrace"],"picked":"Fiend Fire","floor":25.0},{"not_picked":["Fiend Fire","Brutality"],"picked":"Offering","floor":27.0},{"not_picked":["Double Tap","Offering"],"picked":"Exhume","floor":29.0},{"not_picked":["Bludgeon","Dark Embrace"],"picked":"Fiend Fire","floor":31.0},{"not_picked":["Limit Break","Berserk"],"picked":"Exhume","floor":33.0},{"not_picked":["Flex","Spot Weakness"],"picked":"Power Through+1","floor":34.0},{"not_picked":["Flex+1","Wild Strike+1"],"picked":"Second Wind","floor":34.0},{"not_picked":["Anger","Wild Strike"],"picked":"Shockwave","floor":34.0},{"not_picked":["Uppercut+1","Whirlwind+1"],"picked":"Intimidate+1","floor":35.0},{"not_picked":["Twin Strike+1","Anger","Thunderclap+1"],"picked":"SKIP","floor":35.0},{"not_picked":["Sucker Punch+1","Flying Knee"],"picked":"Shockwave+1","floor":39.0},{"not_picked":["Hologram+1","Iron Wave","Riddle With Holes+1"],"picked":"SKIP","floor":39.0},{"not_picked":["The Bomb","All For One"],"picked":"Feed","floor":40.0},{"not_picked":["Pommel Strike+1","Flying Knee","Trip+1"],"picked":"SKIP","floor":41.0},{"not_picked":["Body Slam","Reprogram","Backflip"],"picked":"SKIP","floor":41.0},{"not_picked":["Wraith Form v2","Dark Embrace"],"picked":"Exhume","floor":42.0},{"not_picked":["Phantasmal Killer","Reboot"],"picked":"Secret Weapon","floor":44},{"not_picked":["Secret Weapon","Metamorphosis"],"picked":"Master of Strategy","floor":46},{"not_picked":["Calculated Gamble","Iron Wave","Concentrate"],"picked":"SKIP","floor":47},{"not_picked":["Slice+1","Prepared","Rage"],"picked":"SKIP","floor":47},{"not_picked":["Multi-Cast","Wraith Form v2","Phantasmal Killer"],"picked":"SKIP","floor":48},{"not_picked":["A Thousand Cuts","Feed"],"picked":"Barricade","floor":54}],"player_experience":1098411,"relics_obtained":[{"floor":6.0,"key":"Charon\u0027s Ashes"},{"floor":8.0,"key":"Dead Branch"},{"floor":9.0,"key":"Gambling Chip"},{"floor":10.0,"key":"Prayer Wheel"},{"floor":12.0,"key":"Old Coin"},{"floor":23.0,"key":"Gremlin Horn"},{"floor":25.0,"key":"WingedGreaves"},{"floor":26.0,"key":"Mummified Hand"},{"floor":27.0,"key":"Shovel"},{"floor":29.0,"key":"Pocketwatch"},{"floor":31.0,"key":"Strawberry"},{"floor":40.0,"key":"War Paint"},{"floor":42.0,"key":"Centennial Puzzle"},{"floor":43,"key":"Paper Frog"},{"floor":43,"key":"Bottled Flame"},{"floor":44,"key":"FossilizedHelix"},{"floor":46,"key":"Whetstone"},{"floor":48,"key":"Mercury Hourglass"},{"floor":52,"key":"Pantograph"},{"floor":54,"key":"Orichalcum"}],"event_choices":[{"damage_healed":0.0,"max_hp_gain":0.0,"max_hp_loss":0.0,"gold_gain":75.0,"event_name":"World of Goop","player_choice":"Gather Gold","floor":3.0,"gold_loss":0.0,"damage_taken":11.0},{"cards_removed":["Shame"],"damage_healed":0.0,"max_hp_gain":0.0,"max_hp_loss":0.0,"gold_gain":0.0,"event_name":"Back to Basics","player_choice":"Elegance","floor":21.0,"gold_loss":0.0,"damage_taken":0.0},{"cards_removed":["Strike_R"],"damage_healed":0.0,"max_hp_gain":0.0,"max_hp_loss":0.0,"gold_gain":0.0,"event_name":"Beggar","player_choice":"Gave Gold","floor":22.0,"gold_loss":75.0,"damage_taken":0.0},{"cards_removed":["Strike_R"],"damage_healed":0.0,"max_hp_gain":0.0,"max_hp_loss":0.0,"gold_gain":0.0,"event_name":"Falling","player_choice":"Removed Attack","floor":37.0,"gold_loss":0.0,"damage_taken":0.0},{"damage_healed":0.0,"max_hp_gain":0.0,"max_hp_loss":0.0,"gold_gain":0.0,"event_name":"Accursed Blacksmith","player_choice":"Rummage","floor":38.0,"gold_loss":0.0,"damage_taken":0.0,"relics_obtained":["WarpedTongs"],"cards_obtained":["Pain"]}],"is_beta":false,"boss_relics":[{"not_picked":["Ectoplasm","Astrolabe"],"picked":"Sozu"},{"not_picked":["White Beast Statue","Busted Crown"],"picked":"Orrery"}],"items_purged_floors":[11,19,28,36,53],"is_endless":false,"potions_floor_spawned":[1,10,12,14,16,18,20,23,29,39,41,42,46,54],"ascension_level":1}