{"gold_per_floor":[112,125,141,160,48,48,76,76,122,122,145,145,163,179,179,179],"floor_reached":16,"playtime":1200,"items_purged":["Strike_B"],"score":151,"play_id":"9846e9ec-d119-49d6-aed6-ad169179973a","local_time":"20190922002133","is_ascension_mode":true,"campfire_choices":[{"data":"Conserve Battery","floor":6.0,"key":"SMITH"},{"floor":15,"key":"REST"}],"neow_cost":"NONE","seed_source_timestamp":1131892881034679,"circlet_count":0,"master_deck":["Strike_B","Strike_B","Strike_B","Defend_B","Defend_B","Defend_B","Defend_B","Zap","Dualcast","Gash","Go for the Eyes","Conserve Battery+1","Genetic Algorithm","Genetic Algorithm"],"special_seed":0,"relics":["Cracked Core","Cables","Potion Belt","Golden Idol","PreservedInsect"],"potions_floor_usage":[],"damage_taken":[{"damage":14.0,"enemies":"Jaw Worm","floor":1.0,"turns":4.0},{"damage":4.0,"enemies":"Small Slimes","floor":2.0,"turns":3.0},{"damage":3.0,"enemies":"2 Louse","floor":3.0,"turns":3.0},{"damage":7.0,"enemies":"Blue Slaver","floor":4.0,"turns":4.0},{"damage":8.0,"enemies":"Lagavulin","floor":7.0,"turns":8.0},{"damage":0.0,"enemies":"2 Fungi Beasts","floor":11.0,"turns":3.0},{"damage":1,"enemies":"3 Louse","floor":13,"turns":3},{"damage":16,"enemies":"Lots of Slimes","floor":14,"turns":4},{"damage":37,"enemies":"Hexaghost","floor":16,"turns":9}],"seed_played":"-1447640888323655309","potions_obtained":[{"floor":2.0,"key":"Swift Potion"},{"floor":3.0,"key":"Strength Potion"},{"floor":7.0,"key":"Regen Potion"}],"is_trial":false,"path_per_floor":["M","M","M","M","$","R","E","?","T","?","M","?","M","M","R","B"],"character_chosen":"DEFECT","items_purchased":["Genetic Algorithm"],"campfire_rested":1,"item_purchase_floors":[5],"current_hp_per_floor":[61,57,54,47,47,47,39,39,39,19,28,28,27,11,35,0],"gold":179,"neow_bonus":"TEN_PERCENT_HP_BONUS","is_prod":false,"is_daily":false,"chose_seed":false,"campfire_upgraded":1,"win_rate":0,"timestamp":1569126093,"path_taken":["M","M","M","M","$","R","E","?","T","?","M","?","M","M","R","BOSS"],"build_version":"2019-07-17","purchased_purges":1,"victory":false,"max_hp_per_floor":[82,82,82,82,82,82,82,82,82,82,82,82,82,82,82,82],"card_choices":[{"not_picked":["Compile Driver","Scrape","Undo"],"picked":"SKIP","floor":1.0},{"not_picked":["Storm","Leap"],"picked":"Gash","floor":2.0},{"not_picked":["Undo","Ball Lightning"],"picked":"Go for the Eyes","floor":3.0},{"not_picked":["Go for the Eyes","Stack"],"picked":"Conserve Battery","floor":4.0},{"not_picked":["Reinforced Body","Electrodynamics","Stack"],"picked":"SKIP","floor":7.0},{"not_picked":["Redo","Cold Snap","Streamline"],"picked":"SKIP","floor":11.0},{"not_picked":["Cold Snap","Coolheaded"],"picked":"Genetic Algorithm","floor":13},{"not_picked":["Leap","Lockon","Rebound"],"picked":"SKIP","floor":14}],"player_experience":317684,"relics_obtained":[{"floor":7.0,"key":"Cables"},{"floor":9.0,"key":"Potion Belt"}],"event_choices":[{"damage_healed":0.0,"max_hp_gain":0.0,"max_hp_loss":0.0,"gold_gain":0.0,"event_name":"Liars Game","player_choice":"Ignored","floor":8.0,"gold_loss":0.0,"damage_taken":0.0},{"damage_healed":0.0,"max_hp_gain":0.0,"max_hp_loss":0.0,"gold_gain":0.0,"event_name":"Golden Idol","player_choice":"Take Damage","floor":10.0,"gold_loss":0.0,"damage_taken":20.0,"relics_obtained":["Golden Idol"]},{"damage_healed":0,"gold_gain":0,"player_choice":"Searched \u00271\u0027 times","damage_taken":0,"relics_obtained":["PreservedInsect"],"max_hp_gain":0,"max_hp_loss":0,"event_name":"Dead Adventurer","floor":12,"gold_loss":0}],"is_beta":false,"boss_relics":[],"items_purged_floors":[5],"is_endless":false,"potions_floor_spawned":[2,3,7],"killed_by":"Hexaghost","ascension_level":9}