{"gold_per_floor":[112,187,198,198,212,212,244,83,83,100,126,146,181,195,195,296,296,266,266,266,283,294,325,357,395,430,472,484,509,521,559,571,682,694,724,736,748,771,783,822,834,846,858,904,963,828,853,863,863,863,863,863,208,239,239],"floor_reached":56,"playtime":3584,"items_purged":[],"score":1923,"play_id":"2104df1f-0573-459f-868c-61c2add50d15","local_time":"20190919035044","daily_mods":["Shiny","Hoarder","Elite Swarm"],"is_ascension_mode":true,"campfire_choices":[{"data":"Bullet Time","floor":6.0,"key":"SMITH"},{"data":"After Image","floor":15.0,"key":"SMITH"},{"floor":28,"key":"RECALL"},{"floor":32,"key":"REST"},{"floor":41,"key":"REST"},{"floor":49,"key":"REST"},{"floor":52,"key":"REST"}],"neow_cost":"","seed_source_timestamp":0,"circlet_count":0,"master_deck":["Venomology+1","Corpse Explosion+1","Malaise+1","Phantasmal Killer+1","Die Die Die+1","Adrenaline+1","Envenom+1","Doppelganger+1","Burst+1","Wraith Form v2+1","Tools of the Trade+1","Night Terror+1","Unload+1","After Image+1","Bullet Time+1","Storm of Steel+1","Glass Knife+1","A Thousand Cuts+1","Footwork+1","Footwork+1","Footwork+1","Dash+1","Dash+1","Dash+1","Blade Dance+1","Blade Dance+1","Blade Dance+1","Leg Sweep+1","Leg Sweep+1","Leg Sweep+1","Panacea+1","Panacea+1","Panacea+1","After Image+1","After Image+1","After Image+1","Backflip+1","Backflip+1","Backflip+1","Setup+1","Setup+1","Setup+1","Bane+1","Bane+1","Bane+1","Adrenaline+1","Adrenaline+1","Adrenaline+1","Blade Dance+1","Blade Dance+1","Blade Dance+1","Burst+1","Burst+1","Burst+1","Noxious Fumes+1","Noxious Fumes+1","Noxious Fumes+1","Wraith Form v2+1","Wraith Form v2+1","Wraith Form v2+1","Flying Knee+1","Flying Knee+1","Flying Knee+1","Blade Dance+1","Blade Dance+1","Blade Dance+1","Panache","Panache","Panache","Dark Shackles","Dark Shackles","Dark Shackles","Caltrops","Caltrops","Caltrops"],"special_seed":0,"relics":["Ring of the Snake","Torii","Turnip","Bottled Lightning","Singing Bowl","Strawberry","Fusion Hammer","MawBank","FossilizedHelix","PreservedInsect","Ninja Scroll","Bag of Marbles","WristBlade","Mark of the Bloom","Bag of Preparation","Ice Cream","Calipers","Omamori","Mango","ClockworkSouvenir","Centennial Puzzle","Happy Flower","Pen Nib"],"potions_floor_usage":[25,27,55,55],"damage_taken":[{"damage":2.0,"enemies":"Cultist","floor":1.0,"turns":3.0},{"damage":5.0,"enemies":"2 Louse","floor":3.0,"turns":2.0},{"damage":1.0,"enemies":"Jaw Worm","floor":5.0,"turns":2.0},{"damage":7.0,"enemies":"Gremlin Nob","floor":7.0,"turns":4.0},{"damage":0.0,"enemies":"Large Slime","floor":10.0,"turns":5.0},{"damage":14.0,"enemies":"3 Sentries","floor":11.0,"turns":5.0},{"damage":0.0,"enemies":"Blue Slaver","floor":12.0,"turns":4.0},{"damage":1.0,"enemies":"Gremlin Nob","floor":13.0,"turns":5.0},{"damage":0.0,"enemies":"3 Louse","floor":14.0,"turns":3.0},{"damage":4.0,"enemies":"Hexaghost","floor":16.0,"turns":11.0},{"damage":1.0,"enemies":"2 Thieves","floor":18.0,"turns":5.0},{"damage":0.0,"enemies":"Chosen","floor":21.0,"turns":6.0},{"damage":14.0,"enemies":"Sentry and Sphere","floor":22.0,"turns":10.0},{"damage":29.0,"enemies":"Book of Stabbing","floor":23.0,"turns":8.0},{"damage":6,"enemies":"3 Cultists","floor":24,"turns":4},{"damage":0,"enemies":"Slavers","floor":25,"turns":6},{"damage":0,"enemies":"Gremlin Leader","floor":27,"turns":4},{"damage":0,"enemies":"Snake Plant","floor":29,"turns":4},{"damage":7,"enemies":"Slavers","floor":31,"turns":4},{"damage":25,"enemies":"Champ","floor":33,"turns":10},{"damage":0,"enemies":"3 Shapes","floor":35,"turns":2},{"damage":0,"enemies":"Orb Walker","floor":38,"turns":2},{"damage":0,"enemies":"Reptomancer","floor":40,"turns":2},{"damage":0,"enemies":"Giant Head","floor":44,"turns":5},{"damage":0,"enemies":"2 Orb Walkers","floor":45,"turns":5},{"damage":0,"enemies":"Reptomancer","floor":47,"turns":4},{"damage":0,"enemies":"Writhing Mass","floor":48,"turns":6},{"damage":0,"enemies":"Awakened One","floor":50,"turns":12},{"damage":0,"enemies":"Shield and Spear","floor":54,"turns":4},{"damage":0,"enemies":"The Heart","floor":55,"turns":8}],"seed_played":"4319187215066867182","potions_obtained":[{"floor":7.0,"key":"LiquidBronze"},{"floor":11.0,"key":"Explosive Potion"},{"floor":14.0,"key":"PowerPotion"},{"floor":16.0,"key":"GhostInAJar"},{"floor":18.0,"key":"Swift Potion"},{"floor":22.0,"key":"SpeedPotion"},{"floor":48,"key":"EssenceOfSteel"}],"is_trial":true,"path_per_floor":["M","?","M","?","M","R","E","$","T","M","E","M","E","M","R","B",null,"M","?","?","M","M","E","M","E","T","E","R","M","?","E","R","B",null,"M","?","?","M","?","E","R","?","T","E","?","$","E","M","R","B",null,"R","$","E","B",null],"character_chosen":"THE_SILENT","items_purchased":["Leg Sweep","Panacea","Omamori","ClockworkSouvenir","Centennial Puzzle","Happy Flower","Dark Shackles","Caltrops"],"campfire_rested":4,"item_purchase_floors":[8,8,46,53,53,53,53,53],"current_hp_per_floor":[68,57,52,52,51,51,44,44,44,44,32,34,42,44,44,40,85,86,86,86,86,72,58,52,52,52,54,54,54,54,47,73,50,91,91,91,91,91,91,91,91,91,91,91,91,91,91,91,91,91,91,91,91,91,91],"gold":239,"neow_bonus":"","is_prod":false,"is_daily":false,"chose_seed":false,"campfire_upgraded":2,"win_rate":0,"timestamp":1568890244,"path_taken":["M","?","M","?","?","R","E","$","T","M","E","M","E","M","R","BOSS","M","?","?","M","?","E","M","E","T","E","R","M","?","E","R","BOSS","M","?","?","?","?","E","R","?","T","E","?","?","E","?","R","BOSS","R","$","E","BOSS"],"build_version":"2019-07-17","purchased_purges":0,"victory":true,"max_hp_per_floor":[70,70,70,70,70,70,70,70,70,70,72,74,83,85,85,85,85,87,87,87,87,87,87,87,87,87,89,89,89,89,89,89,91,91,91,91,91,91,91,93,93,93,93,95,97,97,113,115,115,115,115,115,115,117,117],"card_choices":[{"not_picked":["Underhanded Strike","Expertise"],"picked":"Footwork","floor":1.0},{"not_picked":["Quick Slash","Slice"],"picked":"Dash","floor":3.0},{"not_picked":["Deflect","Dash"],"picked":"Blade Dance","floor":5.0},{"not_picked":["Unload","Phantasmal Killer","Die Die Die"],"picked":"SKIP","floor":7.0},{"not_picked":["Prepared","Dodge and Roll","Acrobatics"],"picked":"SKIP","floor":10.0},{"not_picked":["Malaise","Die Die Die","Glass Knife"],"picked":"Singing Bowl","floor":11.0},{"not_picked":["Dagger Throw","Outmaneuver","Skewer"],"picked":"Singing Bowl","floor":12.0},{"not_picked":["Wraith Form v2","Unload","Storm of Steel"],"picked":"Singing Bowl","floor":13.0},{"not_picked":["Sucker Punch","PiercingWail","Acrobatics"],"picked":"Singing Bowl","floor":14.0},{"not_picked":["Grand Finale","Corpse Explosion"],"picked":"After Image","floor":16.0},{"not_picked":["Dodge and Roll","Riddle With Holes+1","Footwork+1"],"picked":"Singing Bowl","floor":18.0},{"not_picked":["Quick Slash","Deadly Poison"],"picked":"Setup","floor":21.0},{"not_picked":["Venomology","Quick Slash"],"picked":"Bane","floor":22.0},{"not_picked":["Night Terror","Burst"],"picked":"Adrenaline","floor":23},{"not_picked":["Terror","Dash"],"picked":"Blade Dance+1","floor":24},{"not_picked":["A Thousand Cuts","Corpse Explosion"],"picked":"Burst","floor":25},{"not_picked":["Venomology","Phantasmal Killer","Tools of the Trade"],"picked":"Singing Bowl","floor":27},{"not_picked":["Concentrate","Dash+1"],"picked":"Noxious Fumes+1","floor":29},{"not_picked":["Die Die Die","A Thousand Cuts"],"picked":"Wraith Form v2","floor":31},{"not_picked":["Venomology","Malaise","A Thousand Cuts"],"picked":"Singing Bowl","floor":33},{"not_picked":["Sucker Punch","Predator"],"picked":"Flying Knee+1","floor":35},{"not_picked":["Deflect","Prepared"],"picked":"Blade Dance+1","floor":38},{"not_picked":["Bullet Time","Tools of the Trade","Malaise"],"picked":"Singing Bowl","floor":40},{"not_picked":["Violence","Discovery"],"picked":"Panache","floor":42},{"not_picked":["Unload","Die Die Die","After Image"],"picked":"Singing Bowl","floor":44},{"not_picked":["Dagger Throw+1","Concentrate","Setup+1"],"picked":"Singing Bowl","floor":45},{"not_picked":["Glass Knife","A Thousand Cuts","Burst"],"picked":"Singing Bowl","floor":47},{"not_picked":["Flechettes","Eviscerate+1","Bane"],"picked":"Singing Bowl","floor":48},{"not_picked":["Corpse Explosion","Malaise","Envenom"],"picked":"Singing Bowl","floor":54}],"player_experience":1171681,"relics_obtained":[{"floor":7.0,"key":"Turnip"},{"floor":9.0,"key":"Bottled Lightning"},{"floor":11.0,"key":"Singing Bowl"},{"floor":13.0,"key":"Strawberry"},{"floor":23,"key":"MawBank"},{"floor":25,"key":"FossilizedHelix"},{"floor":26,"key":"PreservedInsect"},{"floor":27,"key":"Ninja Scroll"},{"floor":31,"key":"Bag of Marbles"},{"floor":40,"key":"Bag of Preparation"},{"floor":44,"key":"Ice Cream"},{"floor":45,"key":"Calipers"},{"floor":47,"key":"Mango"},{"floor":54,"key":"Pen Nib"}],"event_choices":[{"damage_healed":0.0,"max_hp_gain":0.0,"max_hp_loss":0.0,"gold_gain":75.0,"event_name":"World of Goop","player_choice":"Gather Gold","floor":2.0,"gold_loss":0.0,"damage_taken":11.0},{"cards_removed":["Grand Finale"],"damage_healed":0.0,"max_hp_gain":0.0,"max_hp_loss":0.0,"gold_gain":0.0,"event_name":"WeMeetAgain","player_choice":"Gave Card","floor":4.0,"gold_loss":0.0,"damage_taken":0.0,"relics_obtained":["Torii"]},{"damage_healed":0.0,"max_hp_gain":0.0,"max_hp_loss":0.0,"gold_gain":0.0,"event_name":"Back to Basics","player_choice":"Simplicity","floor":19.0,"gold_loss":0.0,"damage_taken":0.0,"cards_upgraded":[]},{"damage_healed":0.0,"max_hp_gain":0.0,"max_hp_loss":0.0,"gold_gain":0.0,"event_name":"The Library","player_choice":"Read","floor":20.0,"gold_loss":0.0,"damage_taken":0.0,"cards_obtained":["Backflip"]},{"damage_healed":0,"gold_gain":0,"player_choice":"Ignored","damage_taken":0,"max_hp_gain":0,"max_hp_loss":0,"event_name":"Vampires","floor":30,"gold_loss":0},{"damage_healed":0,"gold_gain":0,"player_choice":"Upgrade","damage_taken":0,"relics_obtained":["Mark of the Bloom"],"max_hp_gain":0,"max_hp_loss":0,"event_name":"MindBloom","floor":36,"gold_loss":0,"cards_upgraded":["Venomology","Corpse Explosion","Malaise","Phantasmal Killer","Die Die Die","Adrenaline","Envenom","Doppelganger","Burst","Wraith Form v2","Tools of the Trade","Night Terror","Unload","Storm of Steel","Glass Knife","A Thousand Cuts","Footwork","Footwork","Footwork","Dash","Dash","Dash","Blade Dance","Blade Dance","Blade Dance","Leg Sweep","Leg Sweep","Leg Sweep","Panacea","Panacea","Panacea","After Image","After Image","After Image","Backflip","Backflip","Backflip","Setup","Setup","Setup","Bane","Bane","Bane","Adrenaline","Adrenaline","Adrenaline","Burst","Burst","Burst","Wraith Form v2","Wraith Form v2","Wraith Form v2"]},{"damage_healed":0,"gold_gain":0,"player_choice":"Ignored","damage_taken":0,"max_hp_gain":0,"max_hp_loss":0,"event_name":"SecretPortal","floor":37,"gold_loss":0},{"damage_healed":0,"gold_gain":0,"player_choice":"Ignored","damage_taken":0,"max_hp_gain":0,"max_hp_loss":0,"event_name":"Tomb of Lord Red Mask","floor":39,"gold_loss":0},{"damage_healed":0,"gold_gain":0,"player_choice":"Memory 1","damage_taken":0,"max_hp_gain":0,"max_hp_loss":0,"event_name":"SensoryStone","floor":42,"gold_loss":0},{"damage_healed":0,"gold_gain":0,"player_choice":"Fight","damage_taken":0,"max_hp_gain":0,"max_hp_loss":0,"event_name":"Mysterious Sphere","floor":45,"gold_loss":0}],"is_beta":false,"boss_relics":[{"not_picked":["White Beast Statue","Astrolabe"],"picked":"Fusion Hammer"},{"not_picked":["Runic Pyramid","Lizard Tail"],"picked":"WristBlade"}],"items_purged_floors":[],"is_endless":false,"potions_floor_spawned":[7,11,12,14,16,18,22,24,33,38,44,47,48],"ascension_level":1}