{"gold_per_floor":[117,117,117,19,39,39,69,69,92,122,138,150,183,197,197,299,299,319,319,319,331,51,51,62,80,80,100,100,117,117,137,137,137],"floor_reached":33,"playtime":2194,"items_purged":["Strike_G","Strike_G"],"score":382,"play_id":"1a9a1936-9983-4110-911b-1a0297690b1e","local_time":"20190525150148","is_ascension_mode":true,"campfire_choices":[{"data":"Terror","floor":6.0,"key":"SMITH"},{"data":"Neutralize","floor":8.0,"key":"SMITH"},{"floor":15.0,"key":"REST"},{"data":"Catalyst","floor":23.0,"key":"SMITH"},{"floor":28,"key":"REST"},{"floor":30,"key":"REST"},{"floor":32,"key":"REST"}],"neow_cost":"NONE","seed_source_timestamp":1138615846591800,"circlet_count":0,"master_deck":["Defend_G","Defend_G","Defend_G","Defend_G","Defend_G","Strike_G","Strike_G","Strike_G","Survivor","Neutralize","Riddle With Holes","Glass Knife","Neutralize+1","Terror+1","Deadly Poison","Dagger Throw","Deadly Poison","Backflip","PiercingWail","Catalyst+1","Poisoned Stab","Wraith Form v2","Crippling Poison","theJungle:PetSnecko","Caltrops","Skewer"],"special_seed":0,"relics":["Ring of the Serpent","NeowsBlessing","Art of War","Strawberry","Bag of Preparation","Bronze Scales","Orichalcum","Smiling Mask","Oddly Smooth Stone","Unceasing Top"],"potions_floor_usage":[31,33],"damage_taken":[{"damage":0.0,"enemies":"Jaw Worm","floor":1.0,"turns":1.0},{"damage":0.0,"enemies":"Small Slimes","floor":5.0,"turns":1.0},{"damage":0.0,"enemies":"Gremlin Nob","floor":7.0,"turns":1.0},{"damage":13.0,"enemies":"3 Sentries","floor":10.0,"turns":8.0},{"damage":0.0,"enemies":"Cultist","floor":11.0,"turns":2.0},{"damage":4.0,"enemies":"Exordium Wildlife","floor":12.0,"turns":2.0},{"damage":12.0,"enemies":"Gremlin Nob","floor":13.0,"turns":3.0},{"damage":0.0,"enemies":"Looter","floor":14.0,"turns":2.0},{"damage":15.0,"enemies":"The Guardian","floor":16.0,"turns":9.0},{"damage":12.0,"enemies":"Shell Parasite","floor":18.0,"turns":5.0},{"damage":11.0,"enemies":"theJungle:MUSHROOMGANG","floor":21.0,"turns":5.0},{"damage":15.0,"enemies":"theJungle:JungleHuntersEncounter","floor":24.0,"turns":6.0},{"damage":24.0,"enemies":"theJungle:2_Snecko_Cultists","floor":25.0,"turns":4.0},{"damage":2,"enemies":"theJungle:Lyon","floor":27,"turns":5},{"damage":20,"enemies":"theJungle:SlimyTreeVines","floor":29,"turns":5},{"damage":25,"enemies":"theJungle:2_Snecko_Cultists","floor":31,"turns":4},{"damage":39,"enemies":"theJungle:TotemBoss","floor":33,"turns":3}],"seed_played":"9107005395316637377","potions_obtained":[{"floor":1.0,"key":"Strength Potion"},{"floor":7.0,"key":"Fire Potion"},{"floor":12.0,"key":"SpeedPotion"},{"floor":18.0,"key":"FearPotion"},{"floor":31,"key":"PowerPotion"}],"is_trial":false,"path_per_floor":["M","?","?","$","M","R","E","R","T","E","M","M","E","M","R","B",null,"M","?","T","M","$","R","M","M","T","M","R","M","R","M","R","B"],"character_chosen":"THE_SILENT","items_purchased":["Deadly Poison","Oddly Smooth Stone","Caltrops"],"campfire_rested":4,"item_purchase_floors":[4,22,22],"current_hp_per_floor":[63,45,45,45,45,45,52,52,52,39,39,35,23,23,46,31,66,54,54,54,43,43,43,28,4,4,2,25,11,34,9,32,0],"gold":137,"neow_bonus":"THREE_ENEMY_KILL","is_prod":false,"is_daily":false,"chose_seed":false,"campfire_upgraded":3,"win_rate":0,"timestamp":1558821708,"path_taken":["M","?","?","$","M","R","E","R","T","E","M","M","E","M","R","BOSS","M","?","?","M","$","R","M","M","T","M","R","M","R","M","R","BOSS"],"build_version":"2019-01-23","purchased_purges":2,"victory":false,"max_hp_per_floor":[70,70,70,70,70,70,77,77,77,77,77,77,77,77,77,77,77,77,77,77,77,77,77,77,77,77,77,77,77,77,77,77,77],"card_choices":[{"not_picked":["Endless Agony","Finisher"],"picked":"Riddle With Holes","floor":1.0},{"not_picked":["Expertise","Endless Agony"],"picked":"Dagger Throw","floor":5.0},{"not_picked":["Slice","Calculated Gamble"],"picked":"Deadly Poison","floor":7.0},{"not_picked":["Acrobatics","Concentrate"],"picked":"Backflip","floor":10.0},{"not_picked":["Concentrate","Predator","Flechettes"],"picked":"SKIP","floor":11.0},{"not_picked":["Acrobatics","Outmaneuver"],"picked":"PiercingWail","floor":12.0},{"not_picked":["Backflip","Flying Knee"],"picked":"Catalyst","floor":13.0},{"not_picked":["Underhanded Strike","Concentrate"],"picked":"Poisoned Stab","floor":14.0},{"not_picked":["Glass Knife","A Thousand Cuts"],"picked":"Wraith Form v2","floor":16.0},{"not_picked":["Concentrate","Slice"],"picked":"Crippling Poison","floor":18.0},{"not_picked":["Finisher","Crippling Poison","Deadly Poison"],"picked":"SKIP","floor":21.0},{"not_picked":["Bouncing Flask","Outmaneuver"],"picked":"Skewer","floor":24.0},{"not_picked":["Dagger Spray","Quick Slash","Dagger Throw"],"picked":"SKIP","floor":25.0},{"not_picked":["Deadly Poison","Distraction","Acrobatics"],"picked":"SKIP","floor":27},{"not_picked":["PiercingWail+1","Sucker Punch","Quick Slash"],"picked":"SKIP","floor":29},{"not_picked":["Calculated Gamble+1","Deflect","Bouncing Flask"],"picked":"SKIP","floor":31}],"player_experience":1225942,"relics_obtained":[{"floor":7.0,"key":"Strawberry"},{"floor":9.0,"key":"Bag of Preparation"},{"floor":10.0,"key":"Bronze Scales"},{"floor":13.0,"key":"Orichalcum"},{"floor":20.0,"key":"Smiling Mask"},{"floor":26.0,"key":"Unceasing Top"}],"event_choices":[{"damage_healed":0.0,"max_hp_gain":0.0,"max_hp_loss":0.0,"gold_gain":0.0,"event_name":"Scrap Ooze","player_choice":"Success","floor":2.0,"gold_loss":0.0,"damage_taken":18.0,"relics_obtained":["Art of War"]},{"damage_healed":0.0,"max_hp_gain":0.0,"max_hp_loss":0.0,"gold_gain":0.0,"event_name":"Match and Keep!","player_choice":"3 cards matched","floor":3.0,"gold_loss":0.0,"damage_taken":0.0,"cards_obtained":["Glass Knife","Neutralize","Terror"]}],"is_beta":false,"boss_relics":[{"not_picked":["Calling Bell","Empty Cage"],"picked":"Ring of the Serpent"}],"items_purged_floors":[4,22],"is_endless":false,"potions_floor_spawned":[1,7,12,18,21,25,31],"killed_by":"theJungle:TotemBoss","ascension_level":6}