{"gold_per_floor":[109,189,139,152,39,39,59,59,59,59,59,75,75,92,92,189,189,202,301,78,92,110,110,143,143,219,219,219,238,12,112,112,211,211,229,284,284,303,303,303,320,320,320,340,201,201,229,249,249,249],"floor_reached":51,"playtime":2668,"items_purged":["Strike_B","Parasite"],"score":758,"play_id":"b515dd57-7056-4507-8fa9-7d2317cbc6c9","local_time":"20190917183235","is_ascension_mode":false,"campfire_choices":[{"data":"Coolheaded","floor":6,"key":"SMITH"},{"data":"Storm","floor":8,"key":"SMITH"},{"data":"Zap","floor":10,"key":"SMITH"},{"data":"Dualcast","floor":15,"key":"SMITH"},{"data":"Loop","floor":23,"key":"SMITH"},{"data":"Storm","floor":25,"key":"SMITH"},{"data":"Force Field","floor":28,"key":"SMITH"},{"data":"Defragment","floor":32,"key":"SMITH"},{"data":"Rainbow","floor":40,"key":"SMITH"},{"data":"Finesse","floor":42,"key":"SMITH"},{"data":"Defragment","floor":46,"key":"SMITH"},{"data":"Defend_B","floor":49,"key":"SMITH"}],"neow_cost":"NONE","seed_source_timestamp":169350861010200,"circlet_count":0,"master_deck":["Defend_B","Defend_B","Defend_B","Defend_B+1","Zap+1","Dualcast+1","Force Field+1","Coolheaded+1","Storm+1","Glacier","Capacitor+1","Loop+1","Compile Driver","Storm+1","Capacitor+1","Defragment+1","Rainbow+1","Ball Lightning","Finesse+1","Defragment+1"],"relics":["Cracked Core","Letter Opener","Girya","Nuclear Battery","Lantern","Art of War","Bottled Flame","Strawberry","StoneCalendar","Cables","Lizard Tail","Pocketwatch","Mummified Hand","Gremlin Horn"],"potions_floor_usage":[50,50,50],"damage_taken":[{"damage":1,"enemies":"Cultist","floor":1,"turns":4},{"damage":0,"enemies":"2 Louse","floor":4,"turns":3},{"damage":2,"enemies":"Small Slimes","floor":7,"turns":4},{"damage":1,"enemies":"3 Louse","floor":12,"turns":2},{"damage":0,"enemies":"Large Slime","floor":14,"turns":6},{"damage":41,"enemies":"The Guardian","floor":16,"turns":20},{"damage":0,"enemies":"3 Byrds","floor":18,"turns":3},{"damage":0,"enemies":"2 Thieves","floor":21,"turns":4},{"damage":0,"enemies":"Snecko","floor":22,"turns":8},{"damage":0,"enemies":"Book of Stabbing","floor":24,"turns":6},{"damage":0,"enemies":"3 Cultists","floor":29,"turns":3},{"damage":10,"enemies":"Colosseum Slavers","floor":31,"turns":4},{"damage":10,"enemies":"Colosseum Nobs","floor":31,"turns":4},{"damage":0,"enemies":"Automaton","floor":33,"turns":10},{"damage":3,"enemies":"3 Darklings","floor":35,"turns":3},{"damage":48,"enemies":"2 Orb Walkers","floor":36,"turns":4},{"damage":0,"enemies":"3 Shapes","floor":38,"turns":4},{"damage":29,"enemies":"Jaw Worm Horde","floor":41,"turns":3},{"damage":0,"enemies":"Writhing Mass","floor":44,"turns":4},{"damage":3,"enemies":"Giant Head","floor":47,"turns":6},{"damage":13,"enemies":"4 Shapes","floor":48,"turns":3},{"damage":14,"enemies":"Awakened One","floor":50,"turns":7}],"seed_played":"6622234589884998694","potions_obtained":[{"floor":7,"key":"AttackPotion"},{"floor":14,"key":"PowerPotion"},{"floor":16,"key":"Strength Potion"},{"floor":21,"key":"Weak Potion"},{"floor":24,"key":"LiquidBronze"},{"floor":33,"key":"SpeedPotion"},{"floor":35,"key":"Energy Potion"},{"floor":36,"key":"Block Potion"},{"floor":41,"key":"PowerPotion"}],"is_trial":false,"path_per_floor":["M","T","?","M","$","R","M","R","T","R","?","M","$","M","R","B",null,"M","?","$","M","M","R","E","R","T","?","R","M","$","?","R","B",null,"M","?","?","M","?","R","M","R","T","M","$","R","E","M","R","B",null],"character_chosen":"DEFECT","items_purchased":["Storm","Lantern","Loop","Defragment","Strawberry","Defragment"],"campfire_rested":0,"item_purchase_floors":[5,20,20,30,30,45],"current_hp_per_floor":[74,74,74,74,74,74,72,72,72,72,72,71,71,71,71,30,75,75,75,75,75,75,75,75,75,75,61,61,61,68,48,48,48,87,84,36,36,36,76,76,47,47,47,47,47,47,44,31,31,17],"gold":249,"neow_bonus":"REMOVE_CARD","is_prod":false,"is_daily":false,"chose_seed":false,"campfire_upgraded":12,"win_rate":0,"timestamp":1568716355,"path_taken":["M","?","?","M","$","R","M","R","T","R","?","M","$","M","R","BOSS","M","?","$","M","M","R","E","R","T","?","R","?","$","?","R","BOSS","M","?","?","M","?","R","M","R","T","M","$","R","E","M","R","BOSS"],"build_version":"2019-07-17","purchased_purges":2,"victory":true,"max_hp_per_floor":[75,75,75,75,75,75,75,75,75,75,75,75,75,75,75,75,75,75,75,75,75,75,75,75,75,75,80,80,80,87,87,87,87,87,87,87,87,87,76,76,76,76,76,76,73,73,73,73,73,73],"card_choices":[{"not_picked":["Redo","Turbo"],"picked":"Force Field","floor":1},{"not_picked":["Gash","Cold Snap"],"picked":"Coolheaded","floor":4},{"not_picked":["Go for the Eyes","Steam","Doom and Gloom"],"picked":"SKIP","floor":7},{"not_picked":["Gash","Streamline"],"picked":"Glacier","floor":12},{"not_picked":["Reprogram","Barrage","Stack"],"picked":"SKIP","floor":14},{"not_picked":["Coolheaded","Self Repair"],"picked":"Capacitor+1","floor":18},{"not_picked":["Barrage","Gash"],"picked":"Compile Driver","floor":21},{"not_picked":["Sweeping Beam","Genetic Algorithm","FTL"],"picked":"SKIP","floor":22},{"not_picked":["Undo","Cold Snap"],"picked":"Storm","floor":24},{"not_picked":["Meteor Strike","FTL+1"],"picked":"Capacitor+1","floor":29},{"not_picked":["Seek","All For One"],"picked":"Rainbow","floor":33},{"not_picked":["Fusion","Hologram","Rebound+1"],"picked":"SKIP","floor":35},{"not_picked":["Rebound+1","Redo+1"],"picked":"Ball Lightning","floor":36},{"not_picked":["Secret Weapon","Violence"],"picked":"Finesse","floor":37},{"not_picked":["Rebound","Cold Snap+1","Hologram"],"picked":"SKIP","floor":38},{"not_picked":["Leap+1","Turbo+1","Cold Snap+1"],"picked":"SKIP","floor":41},{"not_picked":["Ball Lightning","Gash+1","Coolheaded"],"picked":"SKIP","floor":44},{"not_picked":["Chill","Barrage+1","Redo+1"],"picked":"SKIP","floor":47},{"not_picked":["Steam","Rebound","Beam Cell+1"],"picked":"SKIP","floor":48}],"player_experience":631190,"relics_obtained":[{"floor":2,"key":"Letter Opener"},{"floor":9,"key":"Girya"},{"floor":24,"key":"Art of War"},{"floor":26,"key":"Bottled Flame"},{"floor":31,"key":"StoneCalendar"},{"floor":31,"key":"Cables"},{"floor":36,"key":"Pocketwatch"},{"floor":43,"key":"Mummified Hand"},{"floor":47,"key":"Gremlin Horn"}],"event_choices":[{"cards_removed":["Strike_B"],"damage_healed":0,"gold_gain":0,"player_choice":"Card Removal","damage_taken":0,"max_hp_gain":0,"max_hp_loss":0,"event_name":"The Cleric","floor":3,"gold_loss":50},{"cards_removed":["Strike_B"],"damage_healed":0,"gold_gain":0,"player_choice":"Forget","damage_taken":0,"max_hp_gain":0,"max_hp_loss":0,"event_name":"Living Wall","floor":11,"gold_loss":0},{"damage_healed":0,"gold_gain":99,"player_choice":"Stole From Cult","damage_taken":0,"max_hp_gain":0,"max_hp_loss":0,"event_name":"Nest","floor":19,"gold_loss":0},{"damage_healed":0,"gold_gain":0,"player_choice":"Shed Blood","damage_taken":19,"max_hp_gain":5,"max_hp_loss":0,"event_name":"Forgotten Altar","floor":27,"gold_loss":0},{"damage_healed":0,"gold_gain":0,"player_choice":"Fight","damage_taken":0,"max_hp_gain":0,"max_hp_loss":0,"event_name":"Colosseum","floor":31,"gold_loss":0},{"damage_healed":0,"gold_gain":0,"player_choice":"Fought Nobs","damage_taken":0,"max_hp_gain":0,"max_hp_loss":0,"event_name":"Colosseum","floor":31,"gold_loss":0},{"damage_healed":0,"gold_gain":0,"player_choice":"Fight","damage_taken":0,"max_hp_gain":0,"max_hp_loss":0,"event_name":"Mysterious Sphere","floor":36,"gold_loss":0},{"damage_healed":0,"gold_gain":0,"player_choice":"Memory 1","damage_taken":0,"max_hp_gain":0,"max_hp_loss":0,"event_name":"SensoryStone","floor":37,"gold_loss":0},{"damage_healed":76,"gold_gain":0,"player_choice":"Heal","damage_taken":0,"max_hp_gain":0,"max_hp_loss":11,"event_name":"The Moai Head","floor":39,"gold_loss":0}],"is_beta":false,"boss_relics":[{"not_picked":["Tiny House","Coffee Dripper"],"picked":"Nuclear Battery"},{"not_picked":["Calling Bell","Black Star"],"picked":"Lizard Tail"}],"items_purged_floors":[5,45],"is_endless":false,"potions_floor_spawned":[7,14,16,18,21,24,31,33,35,36,41],"ascension_level":0}