{"gold_per_floor":[113,130,150,165,185,185,202,237,237,237,247,266,266,301,313,427,439,470,482,494,404,404,404,404,404,404,416,416,451,468,488,488,588,588,600,124,224,242,242,242,206,240,240,0,17,29,42,54,54,54],"floor_reached":51,"playtime":2419,"items_purged":["Defend_R+1","Injury"],"score":736,"play_id":"0b22807c-6117-4be8-ac6c-139259d7ded2","local_time":"20190606011625","is_ascension_mode":false,"campfire_choices":[{"data":"Cleave","floor":6,"key":"SMITH"},{"floor":15,"key":"REST"},{"data":"Shrug It Off","floor":23,"key":"SMITH"},{"data":"Anger","floor":25,"key":"SMITH"},{"data":"Shrug It Off","floor":28,"key":"SMITH"},{"data":"Clothesline","floor":32,"key":"SMITH"},{"data":"Whirlwind","floor":40,"key":"SMITH"},{"data":"Dropkick","floor":49,"key":"SMITH"}],"neow_cost":"NONE","seed_source_timestamp":691461079834700,"circlet_count":0,"master_deck":["Defend_R+1","Defend_R+1","Defend_R+1","Bash+1","Shrug It Off+1","Iron Wave+1","Cleave+1","Feed","Anger+1","Shrug It Off+1","Bite","Bite","Bite","Bite","Bite","Necronomicurse","Cleave+1","Clothesline+1","Whirlwind+1","Shockwave+1","Dropkick+1","Reaper","Writhe","Headbutt","Feed"],"relics":["Burning Blood","Question Card","Smiling Mask","MawBank","Cursed Key","Necronomicon","Bottled Flame","Happy Flower","Runic Pyramid","PreservedInsect","Toxic Egg 2","Unceasing Top","Paper Frog","Darkstone Periapt","Red Mask"],"potions_floor_usage":[8,16,18,50,50,50],"damage_taken":[{"damage":6,"enemies":"Cultist","floor":1,"turns":3},{"damage":6,"enemies":"Jaw Worm","floor":2,"turns":4},{"damage":3,"enemies":"2 Louse","floor":3,"turns":3},{"damage":12,"enemies":"Blue Slaver","floor":4,"turns":4},{"damage":7,"enemies":"Looter","floor":5,"turns":3},{"damage":8,"enemies":"Large Slime","floor":7,"turns":4},{"damage":21,"enemies":"Gremlin Nob","floor":8,"turns":4},{"damage":12,"enemies":"Blue Slaver","floor":11,"turns":2},{"damage":15,"enemies":"Looter","floor":12,"turns":3},{"damage":26,"enemies":"Lagavulin","floor":14,"turns":9},{"damage":32,"enemies":"The Guardian","floor":16,"turns":14},{"damage":9,"enemies":"Shell Parasite","floor":18,"turns":4},{"damage":0,"enemies":"Chosen","floor":27,"turns":3},{"damage":17,"enemies":"Gremlin Leader","floor":29,"turns":4},{"damage":7,"enemies":"Snecko","floor":30,"turns":4},{"damage":20,"enemies":"Centurion and Healer","floor":31,"turns":6},{"damage":70,"enemies":"Automaton","floor":33,"turns":12},{"damage":24,"enemies":"3 Darklings","floor":35,"turns":5},{"damage":7,"enemies":"Mind Bloom Boss Battle","floor":37,"turns":7},{"damage":4,"enemies":"3 Shapes","floor":38,"turns":4},{"damage":8,"enemies":"Nemesis","floor":42,"turns":4},{"damage":1,"enemies":"3 Darklings","floor":45,"turns":3},{"damage":17,"enemies":"Transient","floor":46,"turns":5},{"damage":0,"enemies":"Jaw Worm Horde","floor":47,"turns":1},{"damage":10,"enemies":"Spire Growth","floor":48,"turns":3},{"damage":95,"enemies":"Donu and Deca","floor":50,"turns":8}],"seed_played":"6880859436852950773","potions_obtained":[{"floor":3,"key":"Strength Potion"},{"floor":4,"key":"Weak Potion"},{"floor":7,"key":"Ancient Potion"},{"floor":11,"key":"GamblersBrew"},{"floor":14,"key":"Explosive Potion"},{"floor":16,"key":"Poison Potion"}],"is_trial":false,"path_per_floor":["M","M","M","M","M","R","M","E","T","?","M","M","?","E","R","B",null,"M","?","?","$","?","R","?","R","T","M","R","E","M","M","R","B",null,"M","$","?","M","?","R","$","E","T","?","M","M","M","M","R","B",null],"character_chosen":"IRONCLAD","items_purchased":["Block Potion","Whirlwind","PreservedInsect","Toxic Egg 2","Dropkick"],"campfire_rested":1,"item_purchase_floors":[21,36,36,36,41],"current_hp_per_floor":[80,80,80,74,73,73,71,56,56,40,34,28,28,11,36,10,86,83,60,60,60,60,60,44,44,44,61,61,60,66,65,65,21,69,65,65,75,78,74,74,74,77,77,77,77,71,77,73,73,22],"gold":54,"neow_bonus":"UPGRADE_CARD","is_prod":false,"is_daily":false,"chose_seed":false,"campfire_upgraded":7,"win_rate":0,"timestamp":1559808985,"path_taken":["M","M","M","M","M","R","M","E","T","?","M","M","?","E","R","BOSS","M","?","?","$","?","R","?","R","T","M","R","E","M","?","R","BOSS","M","$","?","M","?","R","$","E","T","?","M","M","?","M","R","BOSS"],"build_version":"2019-01-23","purchased_purges":2,"victory":true,"max_hp_per_floor":[80,80,80,80,80,80,80,80,80,80,80,83,83,86,86,86,86,86,60,60,60,60,60,60,60,60,63,63,63,66,69,69,69,69,72,72,75,78,74,74,74,77,77,77,77,77,77,77,77,83],"card_choices":[{"not_picked":["Havoc","Iron Wave"],"picked":"Shrug It Off","floor":1},{"not_picked":["Seeing Red","Sword Boomerang"],"picked":"Iron Wave","floor":2},{"not_picked":["Ghostly Armor","Infernal Blade","Thunderclap"],"picked":"SKIP","floor":3},{"not_picked":["Intimidate","Thunderclap","Sword Boomerang"],"picked":"SKIP","floor":4},{"not_picked":["Sword Boomerang","Uppercut"],"picked":"Cleave","floor":5},{"not_picked":["Whirlwind","Intimidate"],"picked":"Feed","floor":7},{"not_picked":["Warcry","Rampage"],"picked":"Anger","floor":8},{"not_picked":["Twin Strike","Wild Strike","Clash"],"picked":"Shrug It Off","floor":11},{"not_picked":["Iron Wave","Armaments","Rage","Berserk"],"picked":"SKIP","floor":12},{"not_picked":["Armaments","Battle Trance","Twin Strike","Rage"],"picked":"SKIP","floor":14},{"not_picked":["Headbutt","Dual Wield","Intimidate","Whirlwind+1"],"picked":"SKIP","floor":18},{"not_picked":["Havoc","Disarm","Ghostly Armor","Perfected Strike"],"picked":"SKIP","floor":27},{"not_picked":["Anger","Armaments","Wild Strike","Twin Strike"],"picked":"SKIP","floor":29},{"not_picked":["Carnage","Disarm","Shrug It Off"],"picked":"Cleave+1","floor":30},{"not_picked":["Thunderclap","Bludgeon","Rampage+1"],"picked":"Clothesline","floor":31},{"not_picked":["Shrug It Off","Perfected Strike+1","Dual Wield+1","Thunderclap"],"picked":"SKIP","floor":35},{"not_picked":["Havoc+1","Armaments+1","Pommel Strike"],"picked":"Shockwave+1","floor":38},{"not_picked":["Sword Boomerang+1","Anger","Dual Wield+1"],"picked":"Reaper","floor":42},{"not_picked":["Warcry+1","Iron Wave+1","Havoc+1"],"picked":"Headbutt","floor":45},{"not_picked":["Twin Strike+1","Iron Wave","Shockwave+1","Wild Strike"],"picked":"SKIP","floor":46},{"not_picked":["Clothesline+1","Dual Wield+1","Rage+1","Perfected Strike+1"],"picked":"SKIP","floor":47},{"not_picked":["Infernal Blade+1","Headbutt","Rampage"],"picked":"Feed","floor":48}],"player_experience":1275359,"relics_obtained":[{"floor":8,"key":"Question Card"},{"floor":9,"key":"Smiling Mask"},{"floor":14,"key":"MawBank"},{"floor":24,"key":"Necronomicon"},{"floor":26,"key":"Bottled Flame"},{"floor":29,"key":"Happy Flower"},{"floor":37,"key":"Unceasing Top"},{"floor":42,"key":"Paper Frog"},{"floor":43,"key":"Darkstone Periapt"}],"event_choices":[{"damage_healed":0,"gold_gain":0,"player_choice":"Entered Light","damage_taken":16,"max_hp_gain":0,"max_hp_loss":0,"event_name":"Shining Light","floor":10,"gold_loss":0,"cards_upgraded":["Iron Wave","Strike_R"]},{"damage_healed":0,"gold_gain":0,"player_choice":"Ignored","damage_taken":0,"max_hp_gain":0,"max_hp_loss":0,"event_name":"Liars Game","floor":13,"gold_loss":0},{"damage_healed":0,"gold_gain":0,"player_choice":"Became a vampire","damage_taken":0,"max_hp_gain":0,"max_hp_loss":26,"event_name":"Vampires","floor":19,"gold_loss":0,"cards_obtained":["Bite","Bite","Bite","Bite","Bite"]},{"damage_healed":0,"gold_gain":0,"player_choice":"Simplicity","damage_taken":0,"max_hp_gain":0,"max_hp_loss":0,"event_name":"Back to Basics","floor":20,"gold_loss":0,"cards_upgraded":["Defend_R","Defend_R","Defend_R","Defend_R"]},{"damage_healed":0,"gold_gain":0,"player_choice":"Ignored","damage_taken":0,"max_hp_gain":0,"max_hp_loss":0,"event_name":"The Mausoleum","floor":22,"gold_loss":0},{"damage_healed":0,"gold_gain":0,"player_choice":"Obtained Book","damage_taken":16,"max_hp_gain":0,"max_hp_loss":0,"event_name":"Cursed Tome","floor":24,"gold_loss":0},{"damage_healed":0,"gold_gain":0,"player_choice":"Fight","damage_taken":0,"max_hp_gain":0,"max_hp_loss":0,"event_name":"MindBloom","floor":37,"gold_loss":0},{"damage_healed":0,"gold_gain":0,"player_choice":"Max HP","damage_taken":0,"max_hp_gain":0,"max_hp_loss":4,"event_name":"Winding Halls","floor":39,"gold_loss":0},{"damage_healed":0,"gold_gain":0,"player_choice":"Paid","damage_taken":0,"relics_obtained":["Red Mask"],"max_hp_gain":0,"max_hp_loss":0,"event_name":"Tomb of Lord Red Mask","floor":44,"gold_loss":240}],"is_beta":false,"boss_relics":[{"not_picked":["Snecko Eye","Black Blood"],"picked":"Cursed Key"},{"not_picked":["Calling Bell","Mark of Pain"],"picked":"Runic Pyramid"}],"items_purged_floors":[21,36],"is_endless":false,"potions_floor_spawned":[3,4,7,11,14,16,27,29,33,35,42,46],"ascension_level":0}