{"gold_per_floor":[111,81,100,20,33,33,67,77,77,92,111,141,141,158,158,234,284,301,301,11,21,71,104,104,133,188,188,206,49,49,76,76,152,152,163,163,53,64,84,84,95,112,112,112,125,136,79,131,131,131],"floor_reached":51,"playtime":5385,"items_purged":["Strike_R+1"],"score":1426,"play_id":"1db2f53d-ebeb-4ee3-8ae8-be0bfb47c971","local_time":"20190923080026","is_ascension_mode":true,"campfire_choices":[{"data":"True Grit","floor":6.0,"key":"SMITH"},{"data":"Shockwave","floor":13.0,"key":"SMITH"},{"data":"Flame Barrier","floor":15.0,"key":"SMITH"},{"data":"Metallicize","floor":24.0,"key":"SMITH"},{"data":"Combust","floor":27.0,"key":"SMITH"},{"data":"Cleave","floor":30.0,"key":"SMITH"},{"data":"Blood for Blood","floor":32.0,"key":"SMITH"},{"data":"Metallicize","floor":40.0,"key":"SMITH"},{"floor":49,"key":"REST"}],"neow_cost":"NONE","seed_source_timestamp":646940175085600,"circlet_count":0,"master_deck":["AscendersBane","Strike_R+1","Strike_R+1","Strike_R+1","Strike_R+1","Defend_R+1","Defend_R+1","Defend_R+1","Defend_R+1","True Grit+1","Shrug It Off+1","Metallicize+1","Flame Barrier+1","Cleave+1","Combust+1","Disarm+1","Exhume+1","Pummel","Offering+1","Shrug It Off+1","Metallicize+1","Warcry+1","Seeing Red+1","Blood for Blood+1","Shockwave+1","Exhume+1","Warcry+1","Metallicize+1","Parasite","Burning Pact+1","Warcry+1","Offering+1","Metallicize"],"special_seed":0,"relics":["Burning Blood","Vajra","Thread and Needle","Toxic Egg 2","Paper Frog","Tiny House","ClockworkSouvenir","Prayer Wheel","Gremlin Horn","Dream Catcher","Lantern","Singing Bowl","Mark of Pain","Shuriken","Ice Cream"],"potions_floor_usage":[42,42,46,50,50],"damage_taken":[{"damage":7.0,"enemies":"Small Slimes","floor":1.0,"turns":4.0},{"damage":6.0,"enemies":"Cultist","floor":3.0,"turns":3.0},{"damage":1.0,"enemies":"Jaw Worm","floor":5.0,"turns":5.0},{"damage":33.0,"enemies":"Lagavulin","floor":7.0,"turns":17.0},{"damage":1.0,"enemies":"Blue Slaver","floor":8.0,"turns":5.0},{"damage":15.0,"enemies":"Exordium Wildlife","floor":10.0,"turns":7.0},{"damage":6.0,"enemies":"Gremlin Gang","floor":11.0,"turns":3.0},{"damage":17.0,"enemies":"3 Sentries","floor":12.0,"turns":8.0},{"damage":1.0,"enemies":"Lots of Slimes","floor":14.0,"turns":2.0},{"damage":13.0,"enemies":"Hexaghost","floor":16.0,"turns":12.0},{"damage":16.0,"enemies":"Spheric Guardian","floor":18.0,"turns":10.0},{"damage":7.0,"enemies":"3 Byrds","floor":21.0,"turns":2.0},{"damage":7.0,"enemies":"Book of Stabbing","floor":23.0,"turns":8.0},{"damage":19.0,"enemies":"Gremlin Leader","floor":25.0,"turns":11.0},{"damage":15.0,"enemies":"Snake Plant","floor":28.0,"turns":6.0},{"damage":9.0,"enemies":"Book of Stabbing","floor":31.0,"turns":6.0},{"damage":25.0,"enemies":"Automaton","floor":33.0,"turns":9.0},{"damage":12.0,"enemies":"3 Shapes","floor":35.0,"turns":4.0},{"damage":12.0,"enemies":"3 Darklings","floor":38.0,"turns":3.0},{"damage":17.0,"enemies":"Writhing Mass","floor":39.0,"turns":6.0},{"damage":30.0,"enemies":"Sphere and 2 Shapes","floor":41.0,"turns":7.0},{"damage":15,"enemies":"Jaw Worm Horde","floor":42,"turns":5},{"damage":29,"enemies":"Transient","floor":45,"turns":6},{"damage":6,"enemies":"Sphere and 2 Shapes","floor":46,"turns":8},{"damage":15,"enemies":"2 Orb Walkers","floor":48,"turns":6},{"damage":20,"enemies":"Time Eater","floor":50,"turns":25}],"seed_played":"-3565721876544114292","potions_obtained":[{"floor":2.0,"key":"BloodPotion"},{"floor":2.0,"key":"Weak Potion"},{"floor":10.0,"key":"PowerPotion"},{"floor":11.0,"key":"GamblersBrew"},{"floor":12.0,"key":"Energy Potion"},{"floor":17.0,"key":"LiquidBronze"},{"floor":18.0,"key":"Swift Potion"},{"floor":23.0,"key":"SteroidPotion"},{"floor":33.0,"key":"Regen Potion"},{"floor":39.0,"key":"Weak Potion"},{"floor":45,"key":"Fire Potion"},{"floor":46,"key":"PowerPotion"}],"is_trial":false,"path_per_floor":["M","?","M","$","M","R","E","M","T","M","M","E","R","M","R","B",null,"M","?","$","M","?","E","R","E","T","R","M","$","R","E","R","B",null,"M","?","?","M","M","R","M","M","T","?","M","M","$","?","R","B",null],"character_chosen":"IRONCLAD","items_purchased":["Metallicize","ClockworkSouvenir","Lantern","Weak Potion"],"campfire_rested":1,"item_purchase_floors":[4,20,29,47],"current_hp_per_floor":[67,67,67,67,72,72,45,50,50,59,59,48,48,53,53,46,73,63,63,63,62,62,61,61,48,48,48,39,39,39,36,36,17,64,62,62,62,56,62,62,40,35,35,35,16,20,20,11,43,29],"gold":131,"neow_bonus":"RANDOM_COMMON_RELIC","is_prod":false,"is_daily":false,"chose_seed":false,"campfire_upgraded":8,"win_rate":0,"timestamp":1569196826,"path_taken":["M","?","M","$","M","R","E","M","T","?","M","E","R","M","R","BOSS","M","?","$","M","?","E","R","E","T","R","M","$","R","E","R","BOSS","M","?","?","M","?","R","M","M","T","?","M","?","$","?","R","BOSS"],"build_version":"2019-07-17","purchased_purges":1,"victory":true,"max_hp_per_floor":[75,75,75,75,75,75,75,75,75,75,75,75,75,75,75,75,80,80,80,80,80,80,80,80,80,80,80,80,80,80,80,80,80,80,84,84,84,84,86,86,88,92,92,92,96,100,100,100,102,102],"card_choices":[{"not_picked":["Wild Strike","Power Through"],"picked":"True Grit","floor":1.0},{"not_picked":["Clothesline","Body Slam"],"picked":"Shrug It Off","floor":3.0},{"not_picked":["Fire Breathing","Anger"],"picked":"Flame Barrier","floor":5.0},{"not_picked":["Pummel","Perfected Strike"],"picked":"Shockwave","floor":7.0},{"not_picked":["Clothesline","Shrug It Off"],"picked":"Cleave","floor":8.0},{"not_picked":["Headbutt","Perfected Strike"],"picked":"Combust","floor":10.0},{"not_picked":["Anger","Clash"],"picked":"Disarm+1","floor":11.0},{"not_picked":["Flame Barrier+1","Reckless Charge"],"picked":"Exhume+1","floor":12.0},{"not_picked":["Perfected Strike","Searing Blow"],"picked":"Pummel","floor":14.0},{"not_picked":["Bludgeon","Impervious+1"],"picked":"Offering+1","floor":16.0},{"not_picked":["Twin Strike","Cleave"],"picked":"Shrug It Off+1","floor":17.0},{"not_picked":["True Grit+1","Wild Strike"],"picked":"Metallicize+1","floor":18.0},{"not_picked":["True Grit+1","Wild Strike","Fire Breathing"],"picked":"SKIP","floor":21.0},{"not_picked":["Body Slam","Whirlwind"],"picked":"Warcry+1","floor":23.0},{"not_picked":["Anger","Battle Trance+1","Armaments+1"],"picked":"SKIP","floor":25.0},{"not_picked":["Thunderclap","True Grit+1"],"picked":"Seeing Red+1","floor":28.0},{"not_picked":["Clothesline","Headbutt"],"picked":"Blood for Blood","floor":28.0},{"not_picked":["Searing Blow","Hemokinesis+1"],"picked":"Shockwave+1","floor":31.0},{"not_picked":["Reaper","Berserk"],"picked":"Exhume+1","floor":33.0},{"not_picked":["Evolve","Uppercut","Carnage+1"],"picked":"Singing Bowl","floor":35.0},{"not_picked":["Searing Blow","Bloodletting+1","Clash"],"picked":"Singing Bowl","floor":35.0},{"not_picked":["Flame Barrier+1","Perfected Strike+1"],"picked":"Warcry+1","floor":38.0},{"not_picked":["Pommel Strike","Searing Blow"],"picked":"Metallicize","floor":38.0},{"not_picked":["Cleave","Headbutt","Wild Strike+1"],"picked":"Singing Bowl","floor":39.0},{"not_picked":["Rage+1","Pommel Strike+1"],"picked":"Burning Pact+1","floor":39.0},{"not_picked":["Flame Barrier+1","Clothesline","Shrug It Off+1"],"picked":"Singing Bowl","floor":41.0},{"not_picked":["Hemokinesis","Flex+1"],"picked":"Warcry+1","floor":41.0},{"not_picked":["Iron Wave","Sword Boomerang","Reaper"],"picked":"Singing Bowl","floor":42},{"not_picked":["Iron Wave+1","Headbutt+1","Warcry+1"],"picked":"Singing Bowl","floor":42},{"not_picked":["Disarm+1","Heavy Blade+1","Feel No Pain"],"picked":"Singing Bowl","floor":45},{"not_picked":["Feel No Pain+1","Cleave","Armaments+1"],"picked":"Singing Bowl","floor":45},{"not_picked":["Fire Breathing","Second Wind+1","Impervious+1"],"picked":"Singing Bowl","floor":46},{"not_picked":["Evolve","Battle Trance+1","Iron Wave"],"picked":"Singing Bowl","floor":46},{"not_picked":["True Grit+1","Flex+1"],"picked":"Metallicize","floor":48},{"not_picked":["Cleave","Battle Trance+1","Havoc+1"],"picked":"Singing Bowl","floor":49}],"player_experience":672476,"relics_obtained":[{"floor":7.0,"key":"Thread and Needle"},{"floor":9.0,"key":"Toxic Egg 2"},{"floor":12.0,"key":"Paper Frog"},{"floor":23.0,"key":"Prayer Wheel"},{"floor":25.0,"key":"Gremlin Horn"},{"floor":26.0,"key":"Dream Catcher"},{"floor":31.0,"key":"Singing Bowl"},{"floor":43,"key":"Shuriken"},{"floor":48,"key":"Ice Cream"}],"event_choices":[{"damage_healed":0.0,"max_hp_gain":0.0,"max_hp_loss":0.0,"gold_gain":0.0,"event_name":"The Woman in Blue","player_choice":"Bought 2 Potions","floor":2.0,"gold_loss":0.0,"damage_taken":0.0},{"damage_healed":0.0,"max_hp_gain":0.0,"max_hp_loss":0.0,"gold_gain":0.0,"event_name":"Back to Basics","player_choice":"Simplicity","floor":19.0,"gold_loss":0.0,"damage_taken":0.0,"cards_upgraded":["Strike_R","Strike_R","Strike_R","Strike_R","Strike_R","Defend_R","Defend_R","Defend_R"]},{"damage_healed":0.0,"max_hp_gain":0.0,"max_hp_loss":0.0,"gold_gain":50.0,"event_name":"Nest","player_choice":"Stole From Cult","floor":22.0,"gold_loss":0.0,"damage_taken":0.0},{"cards_removed":["Shockwave"],"damage_healed":0.0,"max_hp_gain":0.0,"max_hp_loss":0.0,"gold_gain":0.0,"event_name":"Falling","player_choice":"Removed Skill","floor":36.0,"gold_loss":0.0,"damage_taken":0.0},{"cards_removed":["Bash"],"damage_healed":0.0,"max_hp_gain":0.0,"max_hp_loss":0.0,"gold_gain":0.0,"event_name":"Designer","player_choice":"Upgrade and Remove","floor":37.0,"gold_loss":110.0,"damage_taken":0.0,"cards_upgraded":["Shrug It Off"]},{"damage_healed":0,"gold_gain":0,"player_choice":"Copied","damage_taken":0,"max_hp_gain":0,"max_hp_loss":0,"event_name":"Duplicator","floor":44,"gold_loss":0,"cards_obtained":["Offering"]},{"damage_healed":0,"gold_gain":0,"player_choice":"Fight","damage_taken":0,"max_hp_gain":0,"max_hp_loss":0,"event_name":"Mysterious Sphere","floor":48,"gold_loss":0}],"is_beta":false,"boss_relics":[{"not_picked":["Snecko Eye","Ectoplasm"],"picked":"Tiny House"},{"not_picked":["Lizard Tail","Cursed Key"],"picked":"Mark of Pain"}],"items_purged_floors":[20],"is_endless":false,"potions_floor_spawned":[3,10,11,12,18,23,33,39,45,46],"ascension_level":17}