{"gold_per_floor":[112,123,123,123,123,151,163,208,266,278,290,302,314,358,370,483,495,525,216,216,241,72,101,136,136,136,146,71,96,96,124,124,219,219,232,232,247,8,8,38,38,67,67,67,27,42,66,79,79,79],"floor_reached":51,"playtime":1521,"items_purged":["Strike_R","Strike_R"],"score":984,"play_id":"733cd890-bfde-4db9-be70-06973437ea8f","local_time":"20190910005549","daily_mods":["Specialized","Flight","Lethality"],"is_ascension_mode":true,"campfire_choices":[{"data":"Rupture","floor":7,"key":"SMITH"},{"floor":11,"key":"REST"},{"data":"Limit Break","floor":13,"key":"SMITH"},{"data":"Whirlwind","floor":15,"key":"SMITH"},{"floor":25,"key":"REST"},{"floor":32,"key":"REST"},{"data":"Cleave","floor":41,"key":"PURGE"},{"data":"Strike_R","floor":44,"key":"PURGE"},{"floor":49,"key":"REST"}],"neow_cost":"","seed_source_timestamp":0,"circlet_count":0,"master_deck":["Defend_R+1","Defend_R+1","Bash","Rupture+1","Rupture","Rupture","Cleave","Brutality","Shrug It Off","Whirlwind+1","Clothesline","Limit Break+1","Spot Weakness","Impervious","Uppercut+1","Battle Trance","Intimidate","Armaments+1","Shrug It Off+1","Dropkick","Shrug It Off+1","Offering","Offering","Flash of Steel","Deep Breath","Trip"],"relics":["Burning Blood","MawBank","Art of War","Lantern","Paper Frog","Ice Cream","Fusion Hammer","Gremlin Horn","Dream Catcher","Matryoshka","Bag of Preparation","Orichalcum","Peace Pipe","Bronze Scales","Ancient Tea Set","Empty Cage","Meat on the Bone","Singing Bowl","Bag of Marbles","Happy Flower","Bird Faced Urn","Potion Belt"],"potions_floor_usage":[50,50,50,50],"damage_taken":[{"damage":4,"enemies":"Jaw Worm","floor":1,"turns":3},{"damage":15,"enemies":"2 Louse","floor":2,"turns":3},{"damage":28,"enemies":"Lagavulin","floor":6,"turns":7},{"damage":18,"enemies":"Gremlin Nob","floor":8,"turns":4},{"damage":13,"enemies":"Lagavulin","floor":14,"turns":6},{"damage":4,"enemies":"Slime Boss","floor":16,"turns":5},{"damage":20,"enemies":"3 Byrds","floor":18,"turns":4},{"damage":23,"enemies":"Gremlin Leader","floor":23,"turns":4},{"damage":44,"enemies":"Slavers","floor":24,"turns":5},{"damage":7,"enemies":"Spheric Guardian","floor":27,"turns":3},{"damage":3,"enemies":"Book of Stabbing","floor":29,"turns":4},{"damage":1,"enemies":"Gremlin Leader","floor":31,"turns":2},{"damage":11,"enemies":"Champ","floor":33,"turns":7},{"damage":6,"enemies":"Orb Walker","floor":35,"turns":2},{"damage":13,"enemies":"3 Shapes","floor":37,"turns":2},{"damage":6,"enemies":"Reptomancer","floor":40,"turns":2},{"damage":21,"enemies":"Giant Head","floor":42,"turns":4},{"damage":7,"enemies":"Spire Growth","floor":46,"turns":2},{"damage":14,"enemies":"Transient","floor":48,"turns":4},{"damage":29,"enemies":"Donu and Deca","floor":50,"turns":3}],"seed_played":"63541096027358640","potions_obtained":[{"floor":8,"key":"PowerPotion"},{"floor":14,"key":"Weak Potion"},{"floor":31,"key":"GamblersBrew"},{"floor":40,"key":"Strength Potion"},{"floor":45,"key":"Strength Potion"},{"floor":48,"key":"Explosive Potion"}],"is_trial":true,"path_per_floor":["M","M","?","?","?","E","R","E","T","T","R","?","R","E","R","B",null,"M","$","?","T","$","E","E","R","T","M","?","E","?","E","R","B",null,"M","?","M","$","?","E","R","E","T","R","?","M","T","M","R","B",null],"character_chosen":"IRONCLAD","items_purchased":["Gremlin Horn","Battle Trance","Meat on the Bone"],"campfire_rested":4,"item_purchase_floors":[19,22,38],"current_hp_per_floor":[80,71,71,64,48,26,26,14,14,14,38,38,38,31,31,33,80,66,66,66,66,66,49,11,35,35,34,34,37,37,42,66,61,80,80,80,73,73,63,65,65,52,52,52,52,59,59,61,89,75],"gold":79,"neow_bonus":"","is_prod":false,"is_daily":false,"chose_seed":false,"campfire_upgraded":3,"win_rate":0,"timestamp":1568102149,"path_taken":["M","M","?","?","?","E","R","E","T","?","R","?","R","E","R","BOSS","M","$","?","?","$","E","E","R","T","?","?","E","?","E","R","BOSS","M","?","?","$","?","E","R","E","T","R","?","?","?","M","R","BOSS"],"build_version":"2019-07-17","purchased_purges":2,"victory":true,"max_hp_per_floor":[80,80,80,80,80,80,80,80,80,80,80,80,80,80,80,80,80,80,80,80,80,80,80,80,80,80,80,80,80,80,80,80,80,80,80,80,80,80,80,82,82,84,84,84,84,86,86,88,90,90],"card_choices":[{"not_picked":["Body Slam","Clash"],"picked":"Cleave","floor":1},{"not_picked":["Intimidate","Combust"],"picked":"Cleave","floor":2},{"not_picked":["Armaments","Carnage"],"picked":"Shrug It Off","floor":6},{"not_picked":["Shrug It Off","Bloodletting"],"picked":"Whirlwind","floor":8},{"not_picked":["Cleave","Reckless Charge"],"picked":"Spot Weakness","floor":14},{"not_picked":["Demon Form","Brutality"],"picked":"Impervious","floor":16},{"not_picked":["Warcry","Entrench"],"picked":"Uppercut+1","floor":18},{"not_picked":["Body Slam","Dark Embrace"],"picked":"Intimidate","floor":23},{"not_picked":["Heavy Blade","Thunderclap"],"picked":"Armaments+1","floor":24},{"not_picked":["Body Slam","Sword Boomerang+1"],"picked":"Shrug It Off+1","floor":27},{"not_picked":["Sentinel","Armaments"],"picked":"Dropkick","floor":29},{"not_picked":["Heavy Blade+1","True Grit"],"picked":"Shrug It Off+1","floor":31},{"not_picked":["Feed","Demon Form"],"picked":"Offering","floor":33},{"not_picked":["Cleave","Reckless Charge+1","Searing Blow"],"picked":"SKIP","floor":35},{"not_picked":["Body Slam+1","Havoc","True Grit"],"picked":"SKIP","floor":37},{"not_picked":["Purity","Impatience"],"picked":"Flash of Steel","floor":39},{"not_picked":["Mind Blast","Jack Of All Trades"],"picked":"Deep Breath","floor":39},{"not_picked":["Forethought","Discovery"],"picked":"Trip","floor":39},{"not_picked":["True Grit+1","Immolate","Twin Strike+1"],"picked":"Singing Bowl","floor":40},{"not_picked":["Warcry","Flex","Headbutt"],"picked":"Singing Bowl","floor":42},{"not_picked":["Perfected Strike","Intimidate","Anger"],"picked":"Singing Bowl","floor":46},{"not_picked":["Heavy Blade+1","Flex","Exhume"],"picked":"Singing Bowl","floor":48},{"not_picked":["Cleave","Body Slam+1","Pommel Strike"],"picked":"Singing Bowl","floor":49}],"player_experience":1096282,"relics_obtained":[{"floor":6,"key":"MawBank"},{"floor":8,"key":"Art of War"},{"floor":9,"key":"Lantern"},{"floor":10,"key":"Paper Frog"},{"floor":14,"key":"Ice Cream"},{"floor":21,"key":"Dream Catcher"},{"floor":23,"key":"Matryoshka"},{"floor":24,"key":"Bag of Preparation"},{"floor":26,"key":"Orichalcum"},{"floor":26,"key":"Peace Pipe"},{"floor":29,"key":"Bronze Scales"},{"floor":31,"key":"Ancient Tea Set"},{"floor":40,"key":"Singing Bowl"},{"floor":42,"key":"Bag of Marbles"},{"floor":43,"key":"Happy Flower"},{"floor":43,"key":"Bird Faced Urn"},{"floor":47,"key":"Potion Belt"}],"event_choices":[{"damage_healed":0,"gold_gain":0,"cards_transformed":["Rupture"],"player_choice":"Change","damage_taken":0,"max_hp_gain":0,"max_hp_loss":0,"event_name":"Living Wall","floor":3,"gold_loss":0,"cards_obtained":["Brutality"]},{"cards_removed":["Rupture"],"damage_healed":0,"gold_gain":0,"player_choice":"Card Removal","damage_taken":7,"max_hp_gain":0,"max_hp_loss":0,"event_name":"Golden Wing","floor":4,"gold_loss":0},{"damage_healed":0,"gold_gain":0,"player_choice":"Entered Light","damage_taken":16,"max_hp_gain":0,"max_hp_loss":0,"event_name":"Shining Light","floor":5,"gold_loss":0,"cards_upgraded":["Defend_R","Defend_R"]},{"damage_healed":0,"gold_gain":0,"player_choice":"2 cards matched","damage_taken":0,"max_hp_gain":0,"max_hp_loss":0,"event_name":"Match and Keep!","floor":12,"gold_loss":0,"cards_obtained":["Clothesline","Limit Break"]},{"cards_removed":["Strike_R"],"damage_healed":0,"gold_gain":0,"player_choice":"Elegance","damage_taken":0,"max_hp_gain":0,"max_hp_loss":0,"event_name":"Back to Basics","floor":20,"gold_loss":0},{"cards_removed":["Defend_R"],"damage_healed":0,"gold_gain":0,"player_choice":"Gave Gold","damage_taken":0,"max_hp_gain":0,"max_hp_loss":0,"event_name":"Beggar","floor":28,"gold_loss":75},{"damage_healed":0,"gold_gain":0,"player_choice":"Ignored","damage_taken":0,"max_hp_gain":0,"max_hp_loss":0,"event_name":"NoteForYourself","floor":30,"gold_loss":0},{"damage_healed":0,"gold_gain":0,"player_choice":"Copied","damage_taken":0,"max_hp_gain":0,"max_hp_loss":0,"event_name":"Duplicator","floor":36,"gold_loss":0,"cards_obtained":["Offering"]},{"damage_healed":0,"gold_gain":0,"player_choice":"Memory 3","damage_taken":10,"max_hp_gain":0,"max_hp_loss":0,"event_name":"SensoryStone","floor":39,"gold_loss":0},{"damage_healed":0,"gold_gain":0,"player_choice":"Bought 3 Potions","damage_taken":0,"max_hp_gain":0,"max_hp_loss":0,"event_name":"The Woman in Blue","floor":45,"gold_loss":0}],"is_beta":false,"boss_relics":[{"not_picked":["White Beast Statue","Runic Dome"],"picked":"Fusion Hammer"},{"not_picked":["Mark of Pain","Astrolabe"],"picked":"Empty Cage"}],"items_purged_floors":[19,22],"is_endless":false,"potions_floor_spawned":[8,14,31,33,37,40,48],"ascension_level":1}