{"gold_per_floor":[119,99,116,135,135,162,197,223,250,262,288,314,21,34,34,135,135,151,151,166,166,184,219,231,261,261,290,321,338,353,386,386,482,482,499,499,450,460,473,501,65,98,98,131,148,179,179,205,205,205,205,205,37,69,69],"floor_reached":56,"playtime":3637,"items_purged":[],"score":1937,"play_id":"707a1901-b1f1-4330-bd68-4c02c4e2eefa","local_time":"20190402225526","daily_mods":["SealedDeck","Vintage","Diverse","Colorless Cards","Heirloom","Time Dilation","Flight"],"is_ascension_mode":true,"campfire_choices":[{"data":"Cloak And Dagger","floor":15.0,"key":"SMITH"},{"floor":32.0,"key":"RECALL"},{"data":"True Grit","floor":49.0,"key":"SMITH"},{"data":"Coolheaded","floor":52.0,"key":"SMITH"}],"neow_cost":"","seed_source_timestamp":1216761416959802,"circlet_count":0,"master_deck":["Hologram","PiercingWail","Flame Barrier","Go for the Eyes","True Grit+1","Sword Boomerang","Blade Dance","Flame Barrier","Cloak And Dagger+1","Flash of Steel","Trip","Dropkick","Clothesline","Thunderclap","Coolheaded+1","Metallicize+1","Creative AI+1","Capacitor+1","Blade Dance+1","Shrug It Off+1","Dual Wield+1","Sadistic Nature+1","Blade Dance+1","Terror+1","Inflame+1","Trip+1","Infinite Blades+1","Anger+1","Panache+1"],"special_seed":0,"relics":["Burning Blood","Thread and Needle","Oddly Smooth Stone","Anchor","Juzu Bracelet","Regal Pillow","Bag of Preparation","Pear","Ancient Tea Set","Blue Candle","Pantograph","Unceasing Top","Frozen Egg 2","Mercury Hourglass","Coffee Dripper","Art of War","Centennial Puzzle","Toxic Egg 2","Lantern","Gremlin Horn","Magic Flower","Ginger","Ornamental Fan","Strawberry","Meat on the Bone","Smiling Mask","Incense Burner","Cursed Key","Sundial","Red Skull","Mummified Hand","Omamori","FossilizedHelix","Shuriken","Bird Faced Urn","Peace Pipe","Molten Egg 2","Bottled Lightning","Bottled Flame"],"potions_floor_usage":[55,55],"damage_taken":[{"damage":0.0,"enemies":"Jaw Worm","floor":1.0,"turns":2.0},{"damage":0.0,"enemies":"Cultist","floor":3.0,"turns":3.0},{"damage":0.0,"enemies":"Small Slimes","floor":4.0,"turns":2.0},{"damage":0.0,"enemies":"Gremlin Nob","floor":6.0,"turns":5.0},{"damage":0.0,"enemies":"Lagavulin","floor":7.0,"turns":6.0},{"damage":0.0,"enemies":"3 Sentries","floor":8.0,"turns":9.0},{"damage":0.0,"enemies":"Gremlin Gang","floor":10.0,"turns":4.0},{"damage":0.0,"enemies":"Lagavulin","floor":11.0,"turns":4.0},{"damage":2.0,"enemies":"3 Sentries","floor":12.0,"turns":7.0},{"damage":0.0,"enemies":"Lots of Slimes","floor":14.0,"turns":3.0},{"damage":0.0,"enemies":"Hexaghost","floor":16.0,"turns":7.0},{"damage":0.0,"enemies":"2 Thieves","floor":18.0,"turns":4.0},{"damage":0.0,"enemies":"Chosen","floor":20.0,"turns":4.0},{"damage":0.0,"enemies":"Snake Plant","floor":22.0,"turns":3.0},{"damage":0.0,"enemies":"Gremlin Leader","floor":23.0,"turns":6.0},{"damage":0.0,"enemies":"Snecko","floor":24.0,"turns":4.0},{"damage":2.0,"enemies":"Book of Stabbing","floor":25.0,"turns":6.0},{"damage":0.0,"enemies":"Slavers","floor":27.0,"turns":3.0},{"damage":0.0,"enemies":"Gremlin Leader","floor":28.0,"turns":4.0},{"damage":0.0,"enemies":"Sentry and Sphere","floor":29.0,"turns":5.0},{"damage":0.0,"enemies":"3 Cultists","floor":30.0,"turns":2.0},{"damage":0.0,"enemies":"Slavers","floor":31.0,"turns":4.0},{"damage":2.0,"enemies":"Collector","floor":33.0,"turns":6.0},{"damage":0.0,"enemies":"3 Darklings","floor":35.0,"turns":3.0},{"damage":0.0,"enemies":"Orb Walker","floor":38.0,"turns":3.0},{"damage":0.0,"enemies":"Transient","floor":39.0,"turns":5.0},{"damage":0.0,"enemies":"Reptomancer","floor":40.0,"turns":3.0},{"damage":0.0,"enemies":"Giant Head","floor":42.0,"turns":5.0},{"damage":0.0,"enemies":"Nemesis","floor":44.0,"turns":1.0},{"damage":0.0,"enemies":"3 Darklings","floor":45.0,"turns":2.0},{"damage":0.0,"enemies":"Giant Head","floor":46.0,"turns":4.0},{"damage":0.0,"enemies":"Nemesis","floor":48.0,"turns":3.0},{"damage":21.0,"enemies":"Awakened One","floor":50.0,"turns":5.0},{"damage":0.0,"enemies":"Shield and Spear","floor":54.0,"turns":3.0},{"damage":21,"enemies":"The Heart","floor":55,"turns":5}],"seed_played":"-4483179329156944352","potions_obtained":[{"floor":2.0,"key":"Dexterity Potion"},{"floor":3.0,"key":"SkillPotion"},{"floor":4.0,"key":"FearPotion"},{"floor":5.0,"key":"Swift Potion"},{"floor":8.0,"key":"FearPotion"},{"floor":16.0,"key":"PowerPotion"},{"floor":27.0,"key":"Swift Potion"},{"floor":54.0,"key":"AttackPotion"}],"is_trial":true,"path_per_floor":["M","?","M","M","?","E","E","E","T","M","E","E","$","M","R","B",null,"M","?","M","?","M","E","M","E","T","E","E","M","M","E","R","B",null,"M","?","$","M","M","E","$","E","T","E","M","E","$","E","R","B",null,"R","$","E","B",null],"character_chosen":"IRONCLAD","items_purchased":["Frozen Egg 2","Metallicize+1","Blade Dance+1","Inflame+1","FossilizedHelix","Trip+1","Panache+1"],"campfire_rested":0,"item_purchase_floors":[13,13,37,41,41,41,53],"current_hp_per_floor":[80,80,80,80,80,80,80,90,90,90,90,90,90,90,90,90,90,90,90,90,90,90,90,90,90,90,90,97,97,97,97,97,97,97,97,97,97,97,97,97,97,97,97,97,97,97,97,97,97,85,97,97,97,97,94],"gold":69,"neow_bonus":"","is_prod":false,"is_daily":false,"chose_seed":false,"campfire_upgraded":3,"win_rate":0,"timestamp":1554270926,"path_taken":["M","?","M","M","?","E","E","E","T","M","E","E","$","M","R","BOSS","M","?","M","?","M","E","M","E","T","E","E","M","M","E","R","BOSS","M","?","$","M","M","E","$","E","T","E","M","E","$","E","R","BOSS","R","$","E","BOSS"],"build_version":"2019-01-23","purchased_purges":0,"victory":true,"max_hp_per_floor":[80,80,80,80,80,80,80,90,90,90,90,90,90,90,90,90,90,90,90,90,90,90,90,90,90,90,90,97,97,97,97,97,97,97,97,97,97,97,97,97,97,97,97,97,97,97,97,97,97,97,97,97,97,97,97],"card_choices":[{"not_picked":["Force Field","Heavy Blade"],"picked":"Trip","floor":6.0},{"not_picked":["Thunderclap","PanicButton"],"picked":"Dropkick","floor":7.0},{"not_picked":["Heavy Blade","Coolheaded"],"picked":"Clothesline","floor":8.0},{"not_picked":["Aggregate","Compile Driver"],"picked":"Thunderclap","floor":11.0},{"not_picked":["Turbo","Cold Snap"],"picked":"Coolheaded","floor":12.0},{"not_picked":["Meteor Strike","Machine Learning+1"],"picked":"Creative AI+1","floor":16.0},{"not_picked":["Body Slam","Rage+1"],"picked":"Capacitor+1","floor":23.0},{"not_picked":["Flechettes","Pummel+1"],"picked":"Blade Dance+1","floor":25.0},{"not_picked":["Twin Strike","Flex+1","Clash"],"picked":"SKIP","floor":27.0},{"not_picked":["PiercingWail+1","Compile Driver"],"picked":"Shrug It Off+1","floor":28.0},{"not_picked":["Deadly Poison+1","PanicButton+1"],"picked":"Dual Wield+1","floor":31.0},{"not_picked":["Electrodynamics+1","Reaper"],"picked":"Sadistic Nature+1","floor":33.0},{"not_picked":["Dagger Spray","Slice+1"],"picked":"Terror+1","floor":40.0},{"not_picked":["Streamline","Tempest+1","Poisoned Stab+1"],"picked":"SKIP","floor":42.0},{"not_picked":["Riddle With Holes","Streamline"],"picked":"Infinite Blades+1","floor":44.0},{"not_picked":["Blur+1","Sever Soul"],"picked":"Anger+1","floor":46.0},{"not_picked":["Cold Snap+1","Body Slam+1","Rupture+1"],"picked":"SKIP","floor":48.0},{"not_picked":["Infernal Blade+1","Tactician+1","Thunderclap+1"],"picked":"SKIP","floor":54.0},{"not_picked":["Infernal Blade+1","Tactician+1","Thunderclap+1"],"picked":"SKIP","floor":54.0}],"player_experience":903256,"relics_obtained":[{"floor":1.0,"key":"Oddly Smooth Stone"},{"floor":3.0,"key":"Anchor"},{"floor":4.0,"key":"Juzu Bracelet"},{"floor":6.0,"key":"Regal Pillow"},{"floor":7.0,"key":"Bag of Preparation"},{"floor":8.0,"key":"Pear"},{"floor":9.0,"key":"Ancient Tea Set"},{"floor":10.0,"key":"Blue Candle"},{"floor":11.0,"key":"Pantograph"},{"floor":12.0,"key":"Unceasing Top"},{"floor":14.0,"key":"Mercury Hourglass"},{"floor":18.0,"key":"Art of War"},{"floor":20.0,"key":"Centennial Puzzle"},{"floor":22.0,"key":"Toxic Egg 2"},{"floor":23.0,"key":"Lantern"},{"floor":24.0,"key":"Gremlin Horn"},{"floor":25.0,"key":"Magic Flower"},{"floor":26.0,"key":"Ginger"},{"floor":27.0,"key":"Ornamental Fan"},{"floor":28.0,"key":"Strawberry"},{"floor":29.0,"key":"Meat on the Bone"},{"floor":30.0,"key":"Smiling Mask"},{"floor":31.0,"key":"Incense Burner"},{"floor":35.0,"key":"Sundial"},{"floor":38.0,"key":"Red Skull"},{"floor":39.0,"key":"Mummified Hand"},{"floor":40.0,"key":"Omamori"},{"floor":42.0,"key":"Shuriken"},{"floor":44.0,"key":"Bird Faced Urn"},{"floor":45.0,"key":"Peace Pipe"},{"floor":46.0,"key":"Molten Egg 2"},{"floor":48.0,"key":"Bottled Lightning"},{"floor":54.0,"key":"Bottled Flame"}],"event_choices":[{"damage_healed":0.0,"max_hp_gain":0.0,"max_hp_loss":0.0,"gold_gain":0.0,"event_name":"The Woman in Blue","player_choice":"Bought 1 Potion","floor":2.0,"gold_loss":0.0,"damage_taken":0.0},{"damage_healed":0.0,"max_hp_gain":0.0,"max_hp_loss":0.0,"gold_gain":0.0,"event_name":"Lab","player_choice":"Got Potions","floor":5.0,"gold_loss":0.0,"damage_taken":0.0},{"damage_healed":0.0,"max_hp_gain":0.0,"max_hp_loss":0.0,"gold_gain":0.0,"event_name":"The Mausoleum","player_choice":"Ignored","floor":19.0,"gold_loss":0.0,"damage_taken":0.0},{"damage_healed":0.0,"max_hp_gain":0.0,"max_hp_loss":0.0,"gold_gain":0.0,"event_name":"Back to Basics","player_choice":"Simplicity","floor":21.0,"gold_loss":0.0,"damage_taken":0.0,"cards_upgraded":[]},{"damage_healed":0.0,"max_hp_gain":0.0,"max_hp_loss":0.0,"gold_gain":0.0,"event_name":"Transmorgrifier","player_choice":"Ignored","floor":36.0,"gold_loss":0.0,"damage_taken":0.0}],"is_beta":false,"boss_relics":[{"not_picked":["Calling Bell","Ectoplasm"],"picked":"Coffee Dripper"},{"not_picked":["Tiny House","Runic Pyramid"],"picked":"Cursed Key"}],"items_purged_floors":[],"is_endless":false,"potions_floor_spawned":[3,4,8,16,22,25,27,28,31,39,40,46,48,54],"ascension_level":1}