{"gold_per_floor":[113,113,123,139,139,171,185,198,246,246,256,275,275],"floor_reached":13,"playtime":1084,"items_purged":[],"score":125,"play_id":"7f6d8c3f-71e6-49c1-ab3e-14be4acdc7e7","local_time":"20190921191119","is_ascension_mode":true,"campfire_choices":[{"floor":10,"key":"REST"}],"neow_cost":"NONE","seed_source_timestamp":1113546816633958,"circlet_count":0,"master_deck":["Strike_B","Strike_B","Strike_B","Defend_B","Defend_B","Defend_B","Defend_B","Zap","Dualcast","Go for the Eyes","Steam","Gash","Hologram","FTL"],"relics":["Cracked Core","Lantern","Singing Bowl","Vajra"],"potions_floor_usage":[6,12,13],"damage_taken":[{"damage":2,"enemies":"Jaw Worm","floor":1,"turns":3},{"damage":0,"enemies":"Small Slimes","floor":3,"turns":3},{"damage":0,"enemies":"Cultist","floor":4,"turns":4},{"damage":26,"enemies":"Lagavulin","floor":6,"turns":7},{"damage":9,"enemies":"Red Slaver","floor":7,"turns":3},{"damage":16,"enemies":"Exordium Thugs","floor":8,"turns":4},{"damage":0,"enemies":"Blue Slaver","floor":11,"turns":3},{"damage":13,"enemies":"Lots of Slimes","floor":12,"turns":3},{"damage":62,"enemies":"Gremlin Nob","floor":13,"turns":5}],"seed_played":"-2500007220042349694","potions_obtained":[{"floor":3,"key":"AttackPotion"},{"floor":6,"key":"Poison Potion"},{"floor":11,"key":"Regen Potion"}],"is_trial":false,"path_per_floor":["M","?","M","M","?","E","M","M","T","R","M","M","E"],"character_chosen":"DEFECT","items_purchased":[],"campfire_rested":1,"item_purchase_floors":[],"current_hp_per_floor":[73,73,73,73,66,40,31,17,17,42,44,33,0],"gold":275,"neow_bonus":"TEN_PERCENT_HP_BONUS","is_prod":false,"is_daily":false,"chose_seed":false,"campfire_upgraded":0,"win_rate":0,"timestamp":1569107479,"path_taken":["M","?","M","M","?","E","M","M","T","R","M","M","E"],"build_version":"2019-07-17","purchased_purges":0,"victory":false,"max_hp_per_floor":[82,82,82,82,82,82,82,84,84,84,86,88,88],"card_choices":[{"not_picked":["Compile Driver","Redo"],"picked":"Go for the Eyes","floor":1},{"not_picked":["Coolheaded","Streamline"],"picked":"Gash","floor":3},{"not_picked":["Undo","Ball Lightning","Compile Driver"],"picked":"SKIP","floor":4},{"not_picked":["Undo","Ball Lightning","Compile Driver"],"picked":"SKIP","floor":4},{"not_picked":["Cold Snap","Steam Power"],"picked":"Hologram","floor":6},{"not_picked":["White Noise","Turbo"],"picked":"FTL","floor":7},{"not_picked":["Chaos","Barrage","Capacitor"],"picked":"Singing Bowl","floor":8},{"not_picked":["Streamline","Cold Snap","Storm"],"picked":"Singing Bowl","floor":11},{"not_picked":["Heatsinks","Redo","Steam"],"picked":"Singing Bowl","floor":12}],"player_experience":303045,"relics_obtained":[{"floor":6,"key":"Singing Bowl"},{"floor":9,"key":"Vajra"}],"event_choices":[{"damage_healed":0,"gold_gain":0,"cards_transformed":["Strike_B"],"player_choice":"Change","damage_taken":0,"max_hp_gain":0,"max_hp_loss":0,"event_name":"Living Wall","floor":2,"gold_loss":0,"cards_obtained":["Steam"]},{"damage_healed":0,"gold_gain":0,"player_choice":"Success","damage_taken":7,"relics_obtained":["Lantern"],"max_hp_gain":0,"max_hp_loss":0,"event_name":"Scrap Ooze","floor":5,"gold_loss":0}],"is_beta":false,"boss_relics":[],"items_purged_floors":[],"is_endless":false,"potions_floor_spawned":[3,6,11],"killed_by":"Gremlin Nob","ascension_level":8}