{"gold_per_floor":[111,127,137,147,147,157,157],"floor_reached":7,"playtime":300,"items_purged":[],"score":88,"play_id":"913ca118-36a3-4b5d-92fb-03ba1567cbc9","local_time":"20190410000422","is_ascension_mode":true,"campfire_choices":[],"neow_cost":"TEN_PERCENT_HP_LOSS","seed_source_timestamp":58795805210940,"circlet_count":0,"master_deck":["AscendersBane","Strike_R","Strike_R","Strike_R","Strike_R","Defend_R","Defend_R","Defend_R","Defend_R","Bash","Demon Form","Pommel Strike","Havoc","Shrug It Off","True Grit","Clothesline"],"special_seed":0,"relics":["Burning Blood"],"potions_floor_usage":[6,7],"damage_taken":[{"damage":12.0,"enemies":"Cultist","floor":1.0,"turns":5.0},{"damage":3.0,"enemies":"2 Louse","floor":2.0,"turns":2.0},{"damage":16.0,"enemies":"Jaw Worm","floor":3.0,"turns":5.0},{"damage":20.0,"enemies":"3 Louse","floor":4.0,"turns":5.0},{"damage":34,"enemies":"Exordium Thugs","floor":6,"turns":10},{"damage":17,"enemies":"3 Sentries","floor":7,"turns":2}],"seed_played":"8319442355614937551","potions_obtained":[{"floor":2.0,"key":"LiquidBronze"},{"floor":3.0,"key":"AttackPotion"}],"is_trial":false,"path_per_floor":["M","M","M","M","?","M","E"],"character_chosen":"IRONCLAD","items_purchased":[],"campfire_rested":0,"item_purchase_floors":[],"current_hp_per_floor":[62,65,55,41,41,13,0],"gold":157,"neow_bonus":"THREE_RARE_CARDS","is_prod":false,"is_daily":false,"chose_seed":false,"campfire_upgraded":0,"win_rate":0,"timestamp":1554879862,"path_taken":["M","?","M","M","?","M","E"],"build_version":"2019-01-23","purchased_purges":0,"victory":false,"max_hp_per_floor":[68,68,68,68,68,68,68],"card_choices":[{"not_picked":["Dark Embrace","Juggernaut"],"picked":"Demon Form","floor":0.0},{"not_picked":["Perfected Strike","Body Slam"],"picked":"Pommel Strike","floor":1.0},{"not_picked":["Havoc","Fire Breathing","Sentinel"],"picked":"SKIP","floor":2.0},{"not_picked":["Fire Breathing","Sentinel"],"picked":"Havoc","floor":2.0},{"not_picked":["Armaments","Wild Strike"],"picked":"Shrug It Off","floor":3.0},{"not_picked":["Corruption","Anger","Bloodletting"],"picked":"SKIP","floor":4.0},{"not_picked":["Rupture","Sword Boomerang"],"picked":"Clothesline","floor":6}],"player_experience":1003098,"relics_obtained":[],"event_choices":[{"damage_healed":0.0,"max_hp_gain":0.0,"max_hp_loss":0.0,"gold_gain":0.0,"cards_transformed":["Strike_R"],"event_name":"Transmorgrifier","player_choice":"Transformed","floor":5.0,"gold_loss":0.0,"damage_taken":0.0,"cards_obtained":["True Grit"]}],"is_beta":false,"boss_relics":[],"items_purged_floors":[],"is_endless":false,"potions_floor_spawned":[2,3],"killed_by":"3 Sentries","ascension_level":19}