{"gold_per_floor":[109,109,122,122,37,69,87,106,132,57,74,87,87,98,98,171,171,182,182,192,211,229,257,257,257,257,108,108,120,137,169,169,243,293,307,529,629,648,375,402,402,415,465,465,465,482,85,116,116,116],"floor_reached":51,"playtime":3231,"items_purged":["Regret","Regret","Normality"],"score":1522,"play_id":"42d11e7e-64c5-42f7-8fbc-c4c113e066da","local_time":"20190430012829","is_ascension_mode":true,"campfire_choices":[{"data":"Noxious Fumes","floor":13.0,"key":"SMITH"},{"data":"Dash","floor":15.0,"key":"SMITH"},{"data":"Malaise","floor":24.0,"key":"SMITH"},{"data":"Catalyst","floor":28.0,"key":"SMITH"},{"data":"Bouncing Flask","floor":32,"key":"SMITH"},{"floor":41,"key":"REST"},{"data":"After Image","floor":45,"key":"SMITH"},{"data":"Cloak And Dagger","floor":49,"key":"SMITH"}],"neow_cost":"NONE","seed_source_timestamp":285132013510004,"circlet_count":0,"master_deck":["AscendersBane","Defend_G","Defend_G+1","Defend_G","Defend_G+1","Defend_G","Survivor+1","Neutralize","Escape Plan","Infinite Blades","Dash+1","Poisoned Stab","Dagger Spray","Malaise+1","Accuracy","Noxious Fumes+1","Leg Sweep","Footwork","Bite","Bite","Bite","Bite","Bite","Catalyst+1","Cloak And Dagger+1","Backflip","Footwork","Bouncing Flask+1","After Image+1","Noxious Fumes+1","Backflip","Escape Plan","Doubt","Blade Dance+1","Leg Sweep+1","Backflip+1","Malaise+1"],"special_seed":0,"relics":["Black Star","Centennial Puzzle","Orichalcum","War Paint","Cursed Key","Boot","Bag of Preparation","Mummified Hand","Bottled Tornado","Red Mask","Tiny House","Tingsha","Lantern","Blood Vial","Kunai","Strawberry","Toxic Egg 2","Snake Skull","Gambling Chip","Singing Bowl"],"potions_floor_usage":[33,37,50],"damage_taken":[{"damage":1.0,"enemies":"Cultist","floor":1.0,"turns":4.0},{"damage":0.0,"enemies":"2 Louse","floor":3.0,"turns":2.0},{"damage":20.0,"enemies":"3 Sentries","floor":6.0,"turns":10.0},{"damage":0.0,"enemies":"Jaw Worm","floor":7.0,"turns":5.0},{"damage":1.0,"enemies":"Red Slaver","floor":8.0,"turns":4.0},{"damage":2.0,"enemies":"Looter","floor":11.0,"turns":3.0},{"damage":6.0,"enemies":"Exordium Wildlife","floor":12.0,"turns":5.0},{"damage":2.0,"enemies":"Large Slime","floor":14.0,"turns":5.0},{"damage":5.0,"enemies":"Hexaghost","floor":16.0,"turns":13.0},{"damage":11.0,"enemies":"Chosen","floor":18.0,"turns":6.0},{"damage":4.0,"enemies":"Spheric Guardian","floor":20.0,"turns":7.0},{"damage":42.0,"enemies":"3 Cultists","floor":21.0,"turns":6.0},{"damage":21.0,"enemies":"Cultist and Chosen","floor":22.0,"turns":8.0},{"damage":14.0,"enemies":"Book of Stabbing","floor":23.0,"turns":8.0},{"damage":10,"enemies":"Shelled Parasite and Fungi","floor":29,"turns":7},{"damage":6,"enemies":"Snecko","floor":30,"turns":6},{"damage":18,"enemies":"Masked Bandits","floor":31,"turns":5},{"damage":30,"enemies":"Automaton","floor":33,"turns":11},{"damage":1,"enemies":"Orb Walker","floor":35,"turns":3},{"damage":4,"enemies":"Mind Bloom Boss Battle","floor":37,"turns":7},{"damage":23,"enemies":"3 Darklings","floor":38,"turns":4},{"damage":32,"enemies":"Giant Head","floor":40,"turns":8},{"damage":11,"enemies":"Writhing Mass","floor":42,"turns":7},{"damage":29,"enemies":"Spire Growth","floor":46,"turns":7},{"damage":0,"enemies":"Nemesis","floor":48,"turns":7},{"damage":17,"enemies":"Donu and Deca","floor":50,"turns":10}],"seed_played":"-3208877245455247503","potions_obtained":[{"floor":3.0,"key":"EntropicBrew"},{"floor":7.0,"key":"GamblersBrew"},{"floor":11.0,"key":"Regen Potion"},{"floor":14.0,"key":"LiquidBronze"},{"floor":21.0,"key":"EssenceOfSteel"},{"floor":22.0,"key":"GamblersBrew"},{"floor":23.0,"key":"Weak Potion"},{"floor":29,"key":"SkillPotion"},{"floor":33,"key":"GamblersBrew"},{"floor":34,"key":"GhostInAJar"},{"floor":38,"key":"Ancient Potion"},{"floor":40,"key":"EssenceOfSteel"},{"floor":46,"key":"SkillPotion"}],"is_trial":false,"path_per_floor":["M","?","M","?","$","E","M","M","T","$","M","M","R","M","R","B",null,"M","?","M","M","M","E","R","T","T","$","R","M","M","?","R","B",null,"M","?","?","M","$","E","R","M","T","T","R","M","$","E","R","B",null],"character_chosen":"THE_SILENT","items_purchased":["Dash","Accuracy","Footwork","Lantern","Snake Skull","Leg Sweep+1","Backflip+1"],"campfire_rested":1,"item_purchase_floors":[5,10,27,39,47,47,47],"current_hp_per_floor":[58,63,63,56,56,36,36,35,35,35,33,27,27,25,25,20,58,47,47,49,13,23,21,21,21,21,21,21,29,37,27,27,19,47,50,50,52,37,37,17,33,38,45,45,45,32,32,48,48,48],"gold":116,"neow_bonus":"BOSS_RELIC","is_prod":false,"is_daily":false,"chose_seed":false,"campfire_upgraded":7,"win_rate":0,"timestamp":1556612909,"path_taken":["M","?","M","?","?","E","?","M","T","$","M","M","R","M","R","BOSS","M","?","M","M","M","E","R","?","T","$","R","M","M","?","R","BOSS","M","?","?","M","$","E","R","M","T","?","R","M","$","E","R","BOSS"],"build_version":"2019-01-23","purchased_purges":3,"victory":true,"max_hp_per_floor":[66,71,71,71,71,71,71,71,71,71,71,71,71,71,71,71,71,71,49,49,49,49,49,49,49,49,49,49,49,49,49,49,49,54,54,54,54,54,54,54,54,54,61,61,61,61,61,61,61,61],"card_choices":[{"not_picked":["Dodge and Roll","Prepared"],"picked":"Escape Plan","floor":1.0},{"not_picked":["Calculated Gamble","Deflect"],"picked":"Infinite Blades","floor":3.0},{"not_picked":["Deflect","Prepared"],"picked":"Poisoned Stab","floor":6.0},{"not_picked":["Underhanded Strike","Bouncing Flask"],"picked":"Dagger Spray","floor":7.0},{"not_picked":["Bane","Prepared"],"picked":"Malaise","floor":8.0},{"not_picked":["Infinite Blades","Leg Sweep"],"picked":"Noxious Fumes","floor":11.0},{"not_picked":["Catalyst","Flying Knee"],"picked":"Leg Sweep","floor":12.0},{"not_picked":["Flechettes","Setup"],"picked":"Footwork","floor":14.0},{"not_picked":["PiercingWail","Quick Slash","Poisoned Stab"],"picked":"SKIP","floor":18.0},{"not_picked":["Underhanded Strike","PiercingWail"],"picked":"Catalyst","floor":20.0},{"not_picked":["Deflect","Reflex"],"picked":"Cloak And Dagger","floor":21.0},{"not_picked":["Outmaneuver","Escape Plan"],"picked":"Backflip","floor":22.0},{"not_picked":["Catalyst","Deflect","Dagger Throw"],"picked":"SKIP","floor":23.0},{"not_picked":["All Out Attack","Sucker Punch","Deflect"],"picked":"SKIP","floor":29},{"not_picked":["All Out Attack","Sucker Punch","Deflect"],"picked":"SKIP","floor":29},{"not_picked":["Cloak And Dagger","PiercingWail"],"picked":"Bouncing Flask","floor":30},{"not_picked":["Storm of Steel","Glass Knife"],"picked":"After Image","floor":33},{"not_picked":["Backflip","Bouncing Flask"],"picked":"Noxious Fumes+1","floor":34},{"not_picked":["Eviscerate","Poisoned Stab","Dagger Throw"],"picked":"SKIP","floor":35},{"not_picked":["Flying Knee","Dash"],"picked":"Backflip","floor":37},{"not_picked":["Calculated Gamble","Blade Dance","Eviscerate+1"],"picked":"SKIP","floor":38},{"not_picked":["Quick Slash","Slice"],"picked":"Escape Plan","floor":40},{"not_picked":["Endless Agony","Finisher+1","PiercingWail+1"],"picked":"SKIP","floor":42},{"not_picked":["Poisoned Stab","Tactician+1"],"picked":"Blade Dance+1","floor":46},{"not_picked":["Outmaneuver+1","Poisoned Stab+1"],"picked":"Malaise+1","floor":48}],"player_experience":1038988,"relics_obtained":[{"floor":6.0,"key":"Centennial Puzzle"},{"floor":6.0,"key":"Orichalcum"},{"floor":9.0,"key":"War Paint"},{"floor":23.0,"key":"Boot"},{"floor":23.0,"key":"Bag of Preparation"},{"floor":25.0,"key":"Mummified Hand"},{"floor":26.0,"key":"Bottled Tornado"},{"floor":31,"key":"Red Mask"},{"floor":37,"key":"Tingsha"},{"floor":40,"key":"Blood Vial"},{"floor":40,"key":"Kunai"},{"floor":43,"key":"Strawberry"},{"floor":44,"key":"Toxic Egg 2"},{"floor":48,"key":"Gambling Chip"},{"floor":48,"key":"Singing Bowl"}],"event_choices":[{"damage_healed":0.0,"max_hp_gain":5.0,"max_hp_loss":0.0,"gold_gain":0.0,"event_name":"Big Fish","player_choice":"Donut","floor":2.0,"gold_loss":0.0,"damage_taken":0.0},{"cards_removed":["Strike_G"],"damage_healed":0.0,"max_hp_gain":0.0,"max_hp_loss":0.0,"gold_gain":0.0,"event_name":"Golden Wing","player_choice":"Card Removal","floor":4.0,"gold_loss":0.0,"damage_taken":7.0},{"damage_healed":0.0,"max_hp_gain":0.0,"max_hp_loss":22.0,"gold_gain":0.0,"event_name":"Vampires","player_choice":"Became a vampire","floor":19.0,"gold_loss":0.0,"damage_taken":0.0,"cards_obtained":["Bite","Bite","Bite","Bite","Bite"]},{"damage_healed":0,"gold_gain":0,"player_choice":"Fought Bandits","damage_taken":0,"max_hp_gain":0,"max_hp_loss":0,"event_name":"Masked Bandits","floor":31,"gold_loss":0},{"damage_healed":0,"gold_gain":222,"player_choice":"Wore Mask","damage_taken":0,"max_hp_gain":0,"max_hp_loss":0,"event_name":"Tomb of Lord Red Mask","floor":36,"gold_loss":0},{"damage_healed":0,"gold_gain":0,"player_choice":"Fight","damage_taken":0,"max_hp_gain":0,"max_hp_loss":0,"event_name":"MindBloom","floor":37,"gold_loss":0}],"is_beta":false,"boss_relics":[{"not_picked":["Runic Dome","Velvet Choker"],"picked":"Cursed Key"},{"not_picked":["Pandora\u0027s Box","Orrery"],"picked":"Tiny House"}],"items_purged_floors":[27,39,47],"is_endless":false,"potions_floor_spawned":[3,7,11,14,21,22,23,29,31,33,38,40,46],"ascension_level":19}