{"gold_per_floor":[112,1,11,11,11,11,11,42,78,100,112,136,148,310,322,334],"floor_reached":16,"playtime":540,"items_purged":["Strike_R"],"score":172,"play_id":"54117086-6378-4438-8e38-3aa9f48fad68","local_time":"20190920054620","is_ascension_mode":true,"campfire_choices":[{"data":"Bash","floor":6,"key":"SMITH"},{"data":"Uppercut","floor":11,"key":"SMITH"},{"data":"Brutality","floor":13,"key":"SMITH"},{"data":"Defend_R","floor":15,"key":"SMITH"}],"neow_cost":"NONE","seed_source_timestamp":384711911483400,"circlet_count":0,"master_deck":["AscendersBane","Strike_R","Strike_R","Strike_R","Strike_R","Defend_R","Defend_R","Defend_R","Defend_R+1","Bash+1","Spot Weakness","Dropkick","Brutality+1","Uppercut+1"],"relics":["Burning Blood","Shuriken","Oddly Smooth Stone","MawBank","Omamori"],"potions_floor_usage":[16],"damage_taken":[{"damage":6,"enemies":"Cultist","floor":1,"turns":4},{"damage":2,"enemies":"Jaw Worm","floor":3,"turns":3},{"damage":39,"enemies":"Lagavulin","floor":8,"turns":8},{"damage":2,"enemies":"2 Louse","floor":10,"turns":4},{"damage":24,"enemies":"Exordium Wildlife","floor":12,"turns":5},{"damage":32,"enemies":"The Guardian","floor":16,"turns":9}],"seed_played":"7072142693780443582","potions_obtained":[{"floor":8,"key":"AttackPotion"}],"is_trial":false,"path_per_floor":["M","$","M","T","?","R","$","E","T","M","R","M","R","?","R","B"],"character_chosen":"IRONCLAD","items_purchased":["Rampage"],"campfire_rested":0,"item_purchase_floors":[2],"current_hp_per_floor":[75,75,79,79,79,79,79,46,46,50,50,32,32,32,32,0],"gold":334,"neow_bonus":"TEN_PERCENT_HP_BONUS","is_prod":false,"is_daily":false,"chose_seed":false,"campfire_upgraded":4,"win_rate":0,"timestamp":1568929580,"path_taken":["M","$","M","?","?","R","$","E","T","?","R","M","R","?","R","BOSS"],"build_version":"2019-07-17","purchased_purges":1,"victory":false,"max_hp_per_floor":[82,82,82,82,82,82,82,82,82,82,82,82,82,82,82,82],"card_choices":[{"not_picked":["Iron Wave","Headbutt"],"picked":"Spot Weakness","floor":1},{"not_picked":["Twin Strike","Blood for Blood"],"picked":"Dropkick","floor":3},{"not_picked":["Rupture","Infernal Blade"],"picked":"Brutality","floor":8},{"not_picked":["Cleave","Battle Trance"],"picked":"Uppercut","floor":10},{"not_picked":["Perfected Strike","Havoc","Armaments"],"picked":"SKIP","floor":12}],"player_experience":645291,"relics_obtained":[{"floor":4,"key":"Shuriken"},{"floor":8,"key":"MawBank"},{"floor":9,"key":"Omamori"}],"event_choices":[{"cards_removed":["Rampage"],"damage_healed":0,"gold_gain":0,"player_choice":"Gave Card","damage_taken":0,"relics_obtained":["Oddly Smooth Stone"],"max_hp_gain":0,"max_hp_loss":0,"event_name":"WeMeetAgain","floor":5,"gold_loss":0},{"damage_healed":0,"gold_gain":150,"player_choice":"AGREE","damage_taken":0,"max_hp_gain":0,"max_hp_loss":0,"event_name":"Liars Game","floor":14,"gold_loss":0,"cards_obtained":["Doubt"]}],"is_beta":false,"boss_relics":[],"items_purged_floors":[2],"is_endless":false,"potions_floor_spawned":[8],"killed_by":"The Guardian","ascension_level":15}