{"gold_per_floor":[117,117,42,217,217,217,217,217,217,79,104,143,143,182,182,308,308,321,292,127,226,151,151,166,207,232,232,248,248,279,294,294,424,487,500,524,857,957,970,970,182,198,198,198,198,31,31,47,47,47],"floor_reached":51,"playtime":3022,"items_purged":["Injury","Doubt","Strike_G","Strike_G"],"score":739,"play_id":"c79f21c1-c8f4-4612-81db-8ce90981770f","local_time":"20190917104656","is_ascension_mode":false,"campfire_choices":[{"data":"Neutralize","floor":6,"key":"SMITH"},{"data":"Survivor","floor":8,"key":"SMITH"},{"data":"Deadly Poison","floor":13,"key":"SMITH"},{"data":"Cloak And Dagger","floor":15,"key":"SMITH"},{"data":"Crippling Poison","floor":23,"key":"SMITH"},{"data":"Escape Plan","floor":29,"key":"SMITH"},{"data":"Defend_G","floor":32,"key":"SMITH"},{"data":"Dodge and Roll","floor":40,"key":"SMITH"},{"data":"Defend_G","floor":45,"key":"SMITH"},{"data":"Finesse","floor":47,"key":"SMITH"},{"data":"Defend_G","floor":49,"key":"SMITH"}],"neow_cost":"NONE","seed_source_timestamp":141055677663100,"circlet_count":0,"master_deck":["Strike_G+1","Defend_G","Defend_G+1","Defend_G+1","Defend_G+1","Defend_G+1","Survivor+1","Neutralize+1","Escape Plan+1","Cloak And Dagger+1","Deadly Poison+1","Crippling Poison+1","Envenom+1","Noxious Fumes+1","Backflip+1","Footwork+1","Footwork+1","Dodge and Roll+1","Deadly Poison+1","Noxious Fumes+1","Panache+1","Finesse+1","Footwork+1","Escape Plan+1"],"relics":["Ring of the Snake","Lantern","FaceOfCleric","Pear","Frozen Egg 2","Sundial","Eternal Feather","Potion Belt","Dream Catcher","Happy Flower","Tiny House","Pocketwatch","Pantograph","Whetstone","Calipers"],"potions_floor_usage":[],"damage_taken":[{"damage":2,"enemies":"Jaw Worm","floor":1,"turns":6},{"damage":0,"enemies":"Small Slimes","floor":11,"turns":3},{"damage":34,"enemies":"Lagavulin","floor":12,"turns":11},{"damage":22,"enemies":"3 Sentries","floor":14,"turns":9},{"damage":21,"enemies":"The Guardian","floor":16,"turns":12},{"damage":5,"enemies":"3 Byrds","floor":18,"turns":5},{"damage":18,"enemies":"2 Thieves","floor":19,"turns":5},{"damage":14,"enemies":"Shelled Parasite and Fungi","floor":24,"turns":6},{"damage":17,"enemies":"Gremlin Leader","floor":25,"turns":8},{"damage":0,"enemies":"Centurion and Healer","floor":28,"turns":6},{"damage":17,"enemies":"Slavers","floor":30,"turns":5},{"damage":6,"enemies":"3 Cultists","floor":31,"turns":5},{"damage":1,"enemies":"Champ","floor":33,"turns":14},{"damage":0,"enemies":"Orb Walker","floor":35,"turns":5},{"damage":1,"enemies":"3 Shapes","floor":36,"turns":5},{"damage":20,"enemies":"Mind Bloom Boss Battle","floor":38,"turns":12},{"damage":0,"enemies":"Sphere and 2 Shapes","floor":39,"turns":5},{"damage":6,"enemies":"4 Shapes","floor":42,"turns":5},{"damage":4,"enemies":"Jaw Worm Horde","floor":48,"turns":4},{"damage":4,"enemies":"Time Eater","floor":50,"turns":13}],"seed_played":"8738212173026298589","potions_obtained":[{"floor":1,"key":"GhostInAJar"},{"floor":25,"key":"FearPotion"},{"floor":28,"key":"GamblersBrew"},{"floor":30,"key":"Fire Potion"},{"floor":34,"key":"EssenceOfSteel"},{"floor":42,"key":"Ancient Potion"}],"is_trial":false,"path_per_floor":["M","?","$","?","?","R","?","R","T","$","M","E","R","E","R","B",null,"M","M","$","?","?","R","M","E","T","?","M","R","E","M","R","B",null,"M","M","?","?","M","R","$","M","T","?","R","$","R","M","R","B",null],"character_chosen":"THE_SILENT","items_purchased":["Escape Plan","Noxious Fumes+1","Noxious Fumes+1","Panache+1","Pantograph","Whetstone","Finesse","Footwork+1"],"campfire_rested":0,"item_purchase_floors":[10,20,41,41,41,41,46,46],"current_hp_per_floor":[75,75,75,75,68,68,68,68,78,78,79,46,46,25,25,5,91,87,70,70,70,70,79,66,50,50,81,82,91,75,70,79,79,104,105,105,105,86,87,99,99,94,94,94,106,106,109,106,110,107],"gold":47,"neow_bonus":"TEN_PERCENT_HP_BONUS","is_prod":false,"is_daily":false,"chose_seed":false,"campfire_upgraded":11,"win_rate":0,"timestamp":1568688416,"path_taken":["M","?","$","?","?","R","?","R","T","$","M","E","R","E","R","BOSS","M","?","$","?","?","R","M","E","T","?","M","R","E","M","R","BOSS","M","M","?","?","M","R","$","M","T","?","R","?","R","M","R","BOSS"],"build_version":"2019-07-17","purchased_purges":4,"victory":true,"max_hp_per_floor":[77,77,77,77,77,77,77,77,87,87,88,89,89,90,90,91,91,92,93,93,93,93,93,94,95,95,95,96,96,97,98,98,99,104,105,106,106,107,108,108,108,109,109,109,109,109,109,110,110,111],"card_choices":[{"not_picked":["Setup","Flying Knee","Dagger Spray"],"picked":"SKIP","floor":1},{"not_picked":["Flying Knee","Catalyst"],"picked":"Cloak And Dagger","floor":11},{"not_picked":["Masterful Stab","Backstab"],"picked":"Deadly Poison","floor":12},{"not_picked":["Deadly Poison","Flying Knee"],"picked":"Crippling Poison","floor":14},{"not_picked":["Doppelganger","Tools of the Trade+1"],"picked":"Envenom+1","floor":16},{"not_picked":["Expertise","All Out Attack","Slice"],"picked":"SKIP","floor":18},{"not_picked":["Dagger Throw","Bane","Acrobatics"],"picked":"SKIP","floor":19},{"not_picked":["Dagger Spray+1","Bouncing Flask"],"picked":"Backflip+1","floor":24},{"not_picked":["Grand Finale","Noxious Fumes+1"],"picked":"Footwork+1","floor":25},{"not_picked":["Deflect","Tactician","PiercingWail+1"],"picked":"SKIP","floor":28},{"not_picked":["Outmaneuver","PiercingWail","Riddle With Holes"],"picked":"SKIP","floor":30},{"not_picked":["Dagger Throw","Outmaneuver"],"picked":"Footwork+1","floor":31},{"not_picked":["Prepared","Underhanded Strike"],"picked":"Dodge and Roll","floor":34},{"not_picked":["Leg Sweep","Underhanded Strike","Dash+1"],"picked":"SKIP","floor":35},{"not_picked":["Prepared+1","Dagger Throw+1","Skewer"],"picked":"SKIP","floor":36},{"not_picked":["Dagger Spray","Wraith Form v2+1"],"picked":"Deadly Poison+1","floor":38},{"not_picked":["Slice+1","Tactician+1","Deadly Poison+1"],"picked":"SKIP","floor":39},{"not_picked":["Underhanded Strike","Prepared+1","Heel Hook+1"],"picked":"SKIP","floor":42},{"not_picked":["Blur","Underhanded Strike+1"],"picked":"Escape Plan+1","floor":48}],"player_experience":628168,"relics_obtained":[{"floor":9,"key":"Pear"},{"floor":12,"key":"Frozen Egg 2"},{"floor":14,"key":"Sundial"},{"floor":25,"key":"Potion Belt"},{"floor":26,"key":"Dream Catcher"},{"floor":30,"key":"Happy Flower"},{"floor":38,"key":"Pocketwatch"},{"floor":43,"key":"Calipers"}],"event_choices":[{"damage_healed":0,"gold_gain":0,"player_choice":"Take Wound","damage_taken":0,"relics_obtained":["Golden Idol"],"max_hp_gain":0,"max_hp_loss":0,"event_name":"Golden Idol","floor":2,"gold_loss":0,"cards_obtained":["Injury"]},{"damage_healed":0,"gold_gain":175,"player_choice":"AGREE","damage_taken":0,"max_hp_gain":0,"max_hp_loss":0,"event_name":"Liars Game","floor":4,"gold_loss":0,"cards_obtained":["Doubt"]},{"damage_healed":0,"gold_gain":0,"player_choice":"Success","damage_taken":7,"relics_obtained":["Lantern"],"max_hp_gain":0,"max_hp_loss":0,"event_name":"Scrap Ooze","floor":5,"gold_loss":0},{"damage_healed":0,"gold_gain":0,"player_choice":"Trade","damage_taken":0,"relics_obtained":["FaceOfCleric"],"max_hp_gain":0,"max_hp_loss":0,"event_name":"FaceTrader","floor":7,"gold_loss":0},{"damage_healed":0,"gold_gain":99,"player_choice":"Stole From Cult","damage_taken":0,"max_hp_gain":0,"max_hp_loss":0,"event_name":"Nest","floor":21,"gold_loss":0},{"cards_removed":["Strike_G"],"damage_healed":0,"gold_gain":0,"player_choice":"Gave Gold","damage_taken":0,"max_hp_gain":0,"max_hp_loss":0,"event_name":"Beggar","floor":22,"gold_loss":75},{"damage_healed":31,"gold_gain":0,"player_choice":"Heal","damage_taken":0,"max_hp_gain":0,"max_hp_loss":0,"event_name":"The Library","floor":27,"gold_loss":0},{"damage_healed":0,"gold_gain":333,"player_choice":"Gave Idol","damage_taken":0,"max_hp_gain":0,"max_hp_loss":0,"event_name":"The Moai Head","floor":37,"relics_lost":["Golden Idol"],"gold_loss":0},{"damage_healed":0,"gold_gain":0,"player_choice":"Fight","damage_taken":0,"max_hp_gain":0,"max_hp_loss":0,"event_name":"MindBloom","floor":38,"gold_loss":0},{"cards_removed":["Strike_G"],"damage_healed":0,"gold_gain":0,"player_choice":"Removed Attack","damage_taken":0,"max_hp_gain":0,"max_hp_loss":0,"event_name":"Falling","floor":44,"gold_loss":0}],"is_beta":false,"boss_relics":[{"not_picked":["Velvet Choker","Cursed Key"],"picked":"Eternal Feather"},{"not_picked":["Black Star","Runic Dome"],"picked":"Tiny House"}],"items_purged_floors":[3,10,20,41],"is_endless":false,"potions_floor_spawned":[1,25,28,30,36,42],"ascension_level":0}