{"gold_per_floor":[110,0,11,23,40,366,366,378,402,428,442,470,470,490,490,569,569,589,599,599,599,611,623,664,676,711,749,778,790,13,44,44,122,122,133,133,83,0,0,25,41,41,41,76,76,76,95,95,95,95,95,95,95,95,129,129],"floor_reached":57,"playtime":2098,"items_purged":[],"score":3601,"play_id":"f859d0ae-728c-4e88-8b4f-07965f5d5acb","local_time":"20190921003404","daily_mods":["SealedDeck","Vintage","Allstar","Heirloom","Time Dilation"],"is_ascension_mode":true,"campfire_choices":[{"data":"Hologram","floor":7.0,"key":"SMITH"},{"data":"Hologram","floor":15.0,"key":"SMITH"},{"data":"Steam","floor":23.0,"key":"SMITH"},{"data":"Go for the Eyes","floor":25.0,"key":"SMITH"},{"data":"Coolheaded","floor":32,"key":"SMITH"},{"data":"Beam Cell","floor":42,"key":"SMITH"},{"data":"1","floor":45,"key":"LIFT"},{"floor":49,"key":"RECALL"},{"data":"2","floor":53,"key":"LIFT"}],"neow_cost":"","seed_source_timestamp":0,"circlet_count":0,"master_deck":["AscendersBane","Compile Driver","Gash","Hologram+1","Go for the Eyes+1","Steam+1","Cold Snap","Coolheaded+1","Sweeping Beam","Hologram+1","Gash","Ball Lightning","Leap","Beam Cell+1","Coolheaded+1","Gash","All For One","All For One","Seek+1","All For One","Madness+1","Madness+1","Hologram+1","Conserve Battery+1","Steam+1"],"special_seed":0,"relics":["Cracked Core","StoneCalendar","Dream Catcher","Boot","Vajra","Lantern","Old Coin","Nunchaku","Ancient Tea Set","Anchor","Pear","Bottled Lightning","Blue Candle","Sozu","Centennial Puzzle","Peace Pipe","MawBank","Bag of Marbles","Bag of Preparation","Toxic Egg 2","Mercury Hourglass","DollysMirror","Pen Nib","Thread and Needle","Calipers","Black Star","Juzu Bracelet","Red Mask","Bronze Scales","PreservedInsect","DataDisk","Shuriken","Girya","Pantograph","Letter Opener","Omamori","Ornamental Fan","Symbiotic Virus"],"potions_floor_usage":[50,56],"damage_taken":[{"damage":0.0,"enemies":"Cultist","floor":1.0,"turns":3.0},{"damage":0.0,"enemies":"Small Slimes","floor":3.0,"turns":2.0},{"damage":9.0,"enemies":"Jaw Worm","floor":4.0,"turns":2.0},{"damage":0.0,"enemies":"Looter","floor":5.0,"turns":2.0},{"damage":1.0,"enemies":"3 Sentries","floor":6.0,"turns":4.0},{"damage":1.0,"enemies":"3 Louse","floor":8.0,"turns":2.0},{"damage":2.0,"enemies":"Gremlin Nob","floor":10.0,"turns":4.0},{"damage":0.0,"enemies":"Exordium Thugs","floor":11.0,"turns":2.0},{"damage":0.0,"enemies":"Lagavulin","floor":12.0,"turns":4.0},{"damage":0.0,"enemies":"Large Slime","floor":14.0,"turns":2.0},{"damage":0.0,"enemies":"The Guardian","floor":16.0,"turns":6.0},{"damage":0.0,"enemies":"2 Thieves","floor":18.0,"turns":2.0},{"damage":0.0,"enemies":"Shell Parasite","floor":19.0,"turns":2.0},{"damage":0.0,"enemies":"Cultist and Chosen","floor":22.0,"turns":3.0},{"damage":0.0,"enemies":"Book of Stabbing","floor":24.0,"turns":3.0},{"damage":0.0,"enemies":"Gremlin Leader","floor":27.0,"turns":2.0},{"damage":0.0,"enemies":"Centurion and Healer","floor":28.0,"turns":3.0},{"damage":0.0,"enemies":"Book of Stabbing","floor":31.0,"turns":1.0},{"damage":0,"enemies":"Champ","floor":33,"turns":2},{"damage":0,"enemies":"Orb Walker","floor":35,"turns":1},{"damage":0,"enemies":"Nemesis","floor":40,"turns":2},{"damage":0,"enemies":"3 Darklings","floor":41,"turns":1},{"damage":0,"enemies":"Reptomancer","floor":44,"turns":1},{"damage":0,"enemies":"4 Shapes","floor":47,"turns":1},{"damage":0,"enemies":"Time Eater","floor":50,"turns":3},{"damage":0,"enemies":"Donu and Deca","floor":51,"turns":2},{"damage":0,"enemies":"Shield and Spear","floor":55,"turns":2},{"damage":30,"enemies":"The Heart","floor":56,"turns":5}],"seed_played":"673198759014772573","potions_obtained":[{"floor":3.0,"key":"Block Potion"},{"floor":4.0,"key":"EssenceOfSteel"},{"floor":14.0,"key":"Ancient Potion"}],"is_trial":true,"path_per_floor":["M","$","M","M","M","E","R","M","T","E","M","E","?","M","R","B",null,"M","M","?","?","M","R","E","R","T","E","M","?","$","E","R","B",null,"M","?","$","?","?","E","M","R","T","E","R","T","M","?","R","B","B",null,"R","$","E","B",null],"character_chosen":"DEFECT","items_purchased":["Gash","Ball Lightning","All For One","DollysMirror","Pen Nib","Thread and Needle","Hologram+1"],"campfire_rested":0,"item_purchase_floors":[2,2,30,30,30,30,37],"current_hp_per_floor":[64,64,64,55,55,54,54,53,53,51,61,61,61,61,61,61,76,76,76,53,53,53,53,53,53,53,53,53,53,53,53,53,53,78,78,63,63,63,63,63,63,63,63,63,63,63,63,63,63,86,86,86,86,86,86,56],"gold":129,"neow_bonus":"","is_prod":false,"is_daily":false,"chose_seed":false,"campfire_upgraded":6,"win_rate":0,"timestamp":1569051244,"path_taken":["M","?","M","M","M","E","R","M","T","E","M","E","?","M","R","BOSS","M","M","?","?","M","R","E","R","T","E","M","?","$","E","R","BOSS","M","?","$","?","?","E","M","R","T","E","R","?","M","?","R","BOSS","BOSS","R","$","E","BOSS"],"build_version":"2019-07-17","purchased_purges":0,"victory":true,"max_hp_per_floor":[71,71,71,71,71,71,71,71,71,71,81,81,81,81,81,81,81,81,81,86,86,86,86,86,86,86,86,86,86,86,86,86,86,86,86,86,86,86,86,86,86,86,86,86,86,86,86,86,86,86,86,86,86,86,86,86],"card_choices":[{"not_picked":["Chaos","Steam"],"picked":"Leap","floor":6.0},{"not_picked":["Redo","Aggregate","Reprogram"],"picked":"SKIP","floor":10.0},{"not_picked":["Melter","Steam"],"picked":"Beam Cell","floor":12.0},{"not_picked":["Electrodynamics","Reinforced Body"],"picked":"Coolheaded","floor":24.0},{"not_picked":["Stack","Steam+1","Tempest"],"picked":"SKIP","floor":27.0},{"not_picked":["Gash","BootSequence+1"],"picked":"Seek+1","floor":31},{"not_picked":["Fission+1","Machine Learning"],"picked":"All For One","floor":33},{"not_picked":["Melter","Streamline+1"],"picked":"Conserve Battery+1","floor":40},{"not_picked":["Redo+1","Beam Cell","Turbo+1"],"picked":"SKIP","floor":44},{"not_picked":["Coolheaded+1","Loop"],"picked":"Steam+1","floor":55}],"player_experience":1201806,"relics_obtained":[{"floor":1.0,"key":"Dream Catcher"},{"floor":3.0,"key":"Boot"},{"floor":4.0,"key":"Vajra"},{"floor":5.0,"key":"Lantern"},{"floor":6.0,"key":"Old Coin"},{"floor":8.0,"key":"Nunchaku"},{"floor":9.0,"key":"Ancient Tea Set"},{"floor":10.0,"key":"Anchor"},{"floor":11.0,"key":"Pear"},{"floor":12.0,"key":"Bottled Lightning"},{"floor":14.0,"key":"Blue Candle"},{"floor":18.0,"key":"Centennial Puzzle"},{"floor":19.0,"key":"Peace Pipe"},{"floor":22.0,"key":"MawBank"},{"floor":24.0,"key":"Bag of Marbles"},{"floor":26.0,"key":"Bag of Preparation"},{"floor":27.0,"key":"Toxic Egg 2"},{"floor":28.0,"key":"Mercury Hourglass"},{"floor":31,"key":"Calipers"},{"floor":35,"key":"Juzu Bracelet"},{"floor":40,"key":"Bronze Scales"},{"floor":40,"key":"PreservedInsect"},{"floor":41,"key":"DataDisk"},{"floor":43,"key":"Shuriken"},{"floor":44,"key":"Girya"},{"floor":44,"key":"Pantograph"},{"floor":47,"key":"Letter Opener"},{"floor":55,"key":"Ornamental Fan"},{"floor":55,"key":"Symbiotic Virus"}],"event_choices":[{"damage_healed":0.0,"max_hp_gain":0.0,"max_hp_loss":0.0,"gold_gain":0.0,"event_name":"Living Wall","player_choice":"Grow","floor":13.0,"gold_loss":0.0,"damage_taken":0.0,"cards_upgraded":["Coolheaded"]},{"damage_healed":0.0,"max_hp_gain":5.0,"max_hp_loss":0.0,"gold_gain":0.0,"event_name":"Forgotten Altar","player_choice":"Shed Blood","floor":20.0,"gold_loss":0.0,"damage_taken":28.0},{"damage_healed":0.0,"max_hp_gain":0.0,"max_hp_loss":0.0,"gold_gain":0.0,"event_name":"Beggar","player_choice":"Ignored","floor":21.0,"gold_loss":0.0,"damage_taken":0.0},{"damage_healed":0.0,"max_hp_gain":0.0,"max_hp_loss":0.0,"gold_gain":0.0,"event_name":"The Library","player_choice":"Read","floor":29.0,"gold_loss":0.0,"damage_taken":0.0,"cards_obtained":["Gash"]},{"damage_healed":0,"gold_gain":0,"player_choice":"Embrace Madness","damage_taken":15,"max_hp_gain":0,"max_hp_loss":0,"event_name":"Winding Halls","floor":36,"gold_loss":0,"cards_obtained":["Madness","Madness"]},{"damage_healed":0,"gold_gain":0,"player_choice":"Paid","damage_taken":0,"relics_obtained":["Red Mask"],"max_hp_gain":0,"max_hp_loss":0,"event_name":"Tomb of Lord Red Mask","floor":38,"gold_loss":83},{"damage_healed":0,"gold_gain":0,"player_choice":"Ignored","damage_taken":0,"max_hp_gain":0,"max_hp_loss":0,"event_name":"Purifier","floor":39,"gold_loss":0},{"cards_removed":["Cold Snap"],"damage_healed":0,"gold_gain":0,"player_choice":"Gave Card","damage_taken":0,"relics_obtained":["Omamori"],"max_hp_gain":0,"max_hp_loss":0,"event_name":"WeMeetAgain","floor":48,"gold_loss":0}],"is_beta":false,"boss_relics":[{"not_picked":["Empty Cage","Velvet Choker"],"picked":"Sozu"},{"not_picked":["Lizard Tail","Orrery"],"picked":"Black Star"}],"items_purged_floors":[],"is_endless":false,"potions_floor_spawned":[3,4,5,6,14,18,24,27,31,33,40,41],"ascension_level":20}