{"gold_per_floor":[118,118,136,136,156,199,199,215,215,180,180,180,198,16,16,112,112,137,137,157,175,189,189,213,213,236,256,256,256,269,0,0,0],"floor_reached":33,"playtime":1322,"items_purged":[],"score":498,"play_id":"c1e0a44a-ab78-47ce-93e0-2efd540841b9","local_time":"20190920041514","is_ascension_mode":true,"campfire_choices":[{"data":"Dualcast","floor":7.0,"key":"SMITH"},{"data":"Loop","floor":12.0,"key":"SMITH"},{"data":"Coolheaded","floor":15.0,"key":"SMITH"},{"floor":23.0,"key":"REST"},{"floor":25.0,"key":"REST"},{"data":"Hologram","floor":28.0,"key":"SMITH"},{"floor":32,"key":"REST"}],"neow_cost":"NONE","seed_source_timestamp":219422826242402,"circlet_count":0,"master_deck":["AscendersBane","Strike_B","Strike_B","Strike_B","Defend_B","Defend_B","Defend_B","Defend_B","Zap+1","Dualcast+1","Auto Shields","Ball Lightning","Coolheaded+1","Echo Form","Loop+1","Go for the Eyes","Gash","Panacea","Leap","All For One","Hologram+1","Coolheaded","Beam Cell","Conserve Battery","Cold Snap","Decay","Self Repair"],"special_seed":0,"relics":["Cracked Core","Golden Idol","DataDisk","Dodecahedron","Kunai","Cursed Key","Orichalcum"],"potions_floor_usage":[],"damage_taken":[{"damage":7.0,"enemies":"Jaw Worm","floor":1.0,"turns":3.0},{"damage":5.0,"enemies":"Small Slimes","floor":3.0,"turns":3.0},{"damage":0.0,"enemies":"2 Louse","floor":5.0,"turns":3.0},{"damage":8.0,"enemies":"3 Sentries","floor":6.0,"turns":6.0},{"damage":8.0,"enemies":"Blue Slaver","floor":8.0,"turns":3.0},{"damage":9.0,"enemies":"Large Slime","floor":13.0,"turns":3.0},{"damage":7.0,"enemies":"Hexaghost","floor":16.0,"turns":9.0},{"damage":12.0,"enemies":"3 Byrds","floor":18.0,"turns":4.0},{"damage":13.0,"enemies":"Spheric Guardian","floor":20.0,"turns":5.0},{"damage":16.0,"enemies":"Snake Plant","floor":21.0,"turns":6.0},{"damage":7.0,"enemies":"Snecko","floor":22.0,"turns":4.0},{"damage":26.0,"enemies":"3 Cultists","floor":24.0,"turns":5.0},{"damage":1.0,"enemies":"Centurion and Healer","floor":27.0,"turns":8.0},{"damage":4.0,"enemies":"Colosseum Slavers","floor":29.0,"turns":4.0},{"damage":9.0,"enemies":"Snake Plant","floor":30.0,"turns":6.0},{"damage":42,"enemies":"Automaton","floor":33,"turns":6}],"seed_played":"8186729953911785519","potions_obtained":[{"floor":1.0,"key":"FocusPotion"},{"floor":6.0,"key":"SpeedPotion"},{"floor":13.0,"key":"Explosive Potion"},{"floor":16.0,"key":"Regen Potion"},{"floor":20.0,"key":"EssenceOfSteel"},{"floor":24.0,"key":"EssenceOfSteel"},{"floor":27.0,"key":"FocusPotion"}],"is_trial":false,"path_per_floor":["M","?","M","?","M","E","R","M","T","?","?","R","M","$","R","B",null,"M","?","M","M","M","R","M","R","T","M","R","?","M","?","R","B"],"character_chosen":"DEFECT","items_purchased":["Gash","Panacea","Leap"],"campfire_rested":3,"item_purchase_floors":[14,14,14],"current_hp_per_floor":[57,57,52,52,52,44,44,36,36,52,34,34,25,25,25,18,53,41,41,40,24,17,36,10,29,29,28,28,24,15,15,34,0],"gold":0,"neow_bonus":"UPGRADE_CARD","is_prod":false,"is_daily":false,"chose_seed":false,"campfire_upgraded":4,"win_rate":0,"timestamp":1568978114,"path_taken":["M","?","M","?","M","E","R","?","T","?","?","R","M","?","R","BOSS","M","?","M","M","?","R","M","R","T","M","R","?","M","?","R","BOSS"],"build_version":"2019-07-17","purchased_purges":0,"victory":false,"max_hp_per_floor":[71,71,71,64,64,64,64,64,64,64,64,64,64,64,64,64,64,64,64,64,64,64,64,64,64,64,64,64,64,64,64,64,64],"card_choices":[{"not_picked":["Stack","Turbo"],"picked":"Auto Shields","floor":1.0},{"not_picked":["Melter","Turbo"],"picked":"Ball Lightning","floor":3.0},{"not_picked":["Steam","Genetic Algorithm"],"picked":"Coolheaded","floor":5.0},{"not_picked":["Blizzard","Barrage"],"picked":"Echo Form","floor":6.0},{"not_picked":["Hello World","Doom and Gloom"],"picked":"Loop","floor":8.0},{"not_picked":["Reinforced Body","Rebound"],"picked":"Go for the Eyes","floor":13.0},{"not_picked":["Fission","Core Surge"],"picked":"All For One","floor":16.0},{"not_picked":["Sweeping Beam","Ball Lightning"],"picked":"Hologram","floor":18.0},{"not_picked":["Reboot","Rip and Tear"],"picked":"Coolheaded","floor":20.0},{"not_picked":["Steam","Scrape"],"picked":"Beam Cell","floor":21.0},{"not_picked":["Rebound","Sweeping Beam+1"],"picked":"Conserve Battery","floor":22.0},{"not_picked":["Auto Shields","Hologram"],"picked":"Cold Snap","floor":24.0},{"not_picked":["Static Discharge","Conserve Battery","Reprogram"],"picked":"SKIP","floor":27.0},{"not_picked":["Hologram","Compile Driver"],"picked":"Self Repair","floor":30.0}],"player_experience":1189905,"relics_obtained":[{"floor":6.0,"key":"DataDisk"},{"floor":9.0,"key":"Dodecahedron"},{"floor":26.0,"key":"Orichalcum"}],"event_choices":[{"damage_healed":0.0,"max_hp_gain":0.0,"max_hp_loss":0.0,"gold_gain":0.0,"event_name":"Golden Wing","player_choice":"Ignored","floor":2.0,"gold_loss":0.0,"damage_taken":0.0},{"damage_healed":0.0,"max_hp_gain":0.0,"max_hp_loss":7.0,"gold_gain":0.0,"event_name":"Golden Idol","player_choice":"Lose Max HP","floor":4.0,"gold_loss":0.0,"damage_taken":0.0,"relics_obtained":["Golden Idol"]},{"damage_healed":16.0,"max_hp_gain":0.0,"max_hp_loss":0.0,"gold_gain":0.0,"event_name":"The Cleric","player_choice":"Healed","floor":10.0,"gold_loss":35.0,"damage_taken":0.0},{"damage_healed":0.0,"max_hp_gain":0.0,"max_hp_loss":0.0,"gold_gain":0.0,"event_name":"Scrap Ooze","player_choice":"Success","floor":11.0,"gold_loss":0.0,"damage_taken":18.0,"relics_obtained":["Kunai"]},{"cards_removed":["Strike_B"],"damage_healed":0.0,"max_hp_gain":0.0,"max_hp_loss":0.0,"gold_gain":0.0,"event_name":"Purifier","player_choice":"Purged","floor":19.0,"gold_loss":0.0,"damage_taken":0.0},{"damage_healed":0.0,"max_hp_gain":0.0,"max_hp_loss":0.0,"gold_gain":0.0,"event_name":"Colosseum","player_choice":"Fight","floor":29.0,"gold_loss":0.0,"damage_taken":0.0},{"damage_healed":0.0,"max_hp_gain":0.0,"max_hp_loss":0.0,"gold_gain":0.0,"event_name":"Colosseum","player_choice":"Fled From Nobs","floor":29.0,"gold_loss":0.0,"damage_taken":0.0},{"damage_healed":0,"gold_gain":0,"player_choice":"Paid Fearfully","damage_taken":0,"max_hp_gain":0,"max_hp_loss":0,"event_name":"Masked Bandits","floor":31,"gold_loss":269}],"is_beta":false,"boss_relics":[{"not_picked":["FrozenCore","Black Star"],"picked":"Cursed Key"}],"items_purged_floors":[],"is_endless":false,"potions_floor_spawned":[1,6,13,16,20,24,27],"killed_by":"Automaton","ascension_level":20}