{"gold_per_floor":[111,124,138,153,153,153,188,188,212,224,236,248,260],"floor_reached":13,"playtime":785,"items_purged":[],"score":120,"play_id":"5a0790dc-ef66-4e2f-a5fc-aaac1397b601","local_time":"20190921232109","is_ascension_mode":true,"campfire_choices":[{"data":"Dramatic Entrance","floor":6.0,"key":"SMITH"},{"data":"Leap","floor":8.0,"key":"SMITH"},{"data":"Sweeping Beam","floor":10.0,"key":"SMITH"},{"data":"Beam Cell","floor":12.0,"key":"SMITH"}],"neow_cost":"NONE","seed_source_timestamp":1128763747643626,"circlet_count":0,"master_deck":["Strike_B","Strike_B","Strike_B","Defend_B","Defend_B","Defend_B","Defend_B","Zap","Dualcast","Dramatic Entrance+1","Beam Cell+1","Leap+1","Capacitor","Sweeping Beam+1","Self Repair"],"special_seed":0,"relics":["Cracked Core","Pen Nib","MawBank"],"potions_floor_usage":[],"damage_taken":[{"damage":1.0,"enemies":"Cultist","floor":1.0,"turns":3.0},{"damage":7.0,"enemies":"Jaw Worm","floor":2.0,"turns":3.0},{"damage":12.0,"enemies":"Small Slimes","floor":3.0,"turns":2.0},{"damage":3.0,"enemies":"3 Louse","floor":4.0,"turns":2.0},{"damage":20.0,"enemies":"Lagavulin","floor":7.0,"turns":7.0},{"damage":25,"enemies":"3 Sentries","floor":13,"turns":5}],"seed_played":"8607276112513218251","potions_obtained":[{"floor":3.0,"key":"FocusPotion"},{"floor":4.0,"key":"SneckoOil"}],"is_trial":false,"path_per_floor":["M","M","M","M","?","R","E","R","T","R","$","R","E"],"character_chosen":"DEFECT","items_purchased":[],"campfire_rested":0,"item_purchase_floors":[],"current_hp_per_floor":[67,60,48,45,45,45,25,25,25,25,25,25,0],"gold":260,"neow_bonus":"RANDOM_COLORLESS","is_prod":false,"is_daily":false,"chose_seed":false,"campfire_upgraded":4,"win_rate":0,"timestamp":1569122469,"path_taken":["M","M","M","?","?","R","E","R","T","R","$","R","E"],"build_version":"2019-07-17","purchased_purges":0,"victory":false,"max_hp_per_floor":[75,75,75,75,75,75,75,75,75,75,75,75,75],"card_choices":[{"not_picked":["Rebound","Scrape"],"picked":"Beam Cell","floor":1.0},{"not_picked":["Hologram","Coolheaded"],"picked":"Leap","floor":2.0},{"not_picked":["Melter","Sweeping Beam","Scrape"],"picked":"SKIP","floor":3.0},{"not_picked":["Static Discharge","Leap"],"picked":"Capacitor","floor":4.0},{"not_picked":["Stack","Skim"],"picked":"Self Repair","floor":7.0}],"player_experience":316899,"relics_obtained":[{"floor":7.0,"key":"Pen Nib"},{"floor":9.0,"key":"MawBank"}],"event_choices":[{"damage_healed":0.0,"max_hp_gain":0.0,"max_hp_loss":0.0,"gold_gain":0.0,"cards_transformed":["Strike_B"],"event_name":"Living Wall","player_choice":"Change","floor":5.0,"gold_loss":0.0,"damage_taken":0.0,"cards_obtained":["Sweeping Beam"]}],"is_beta":false,"boss_relics":[],"items_purged_floors":[],"is_endless":false,"potions_floor_spawned":[3,4],"killed_by":"3 Sentries","ascension_level":9}