{"gold_per_floor":[116,42,54,68,86,119,135,160,231,263,276,276,351,367,367,464,464,475,475,488,505,518,518,532,560,587,617,177,203,303,333,333,431,431,447,495,282,282,282,316,330,355,407,417,417,417,427,16,16,16],"floor_reached":51,"playtime":6292,"items_purged":["Defend_G","Defend_G"],"score":918,"play_id":"be2e153c-d555-427c-83e7-669a096eb38b","local_time":"20180827022739","is_ascension_mode":true,"campfire_choices":[{"floor":12,"key":"REST"},{"floor":15,"key":"REST"},{"floor":23,"key":"REST"},{"floor":32,"key":"REST"},{"floor":49,"key":"REST"}],"neow_cost":"NONE","seed_source_timestamp":975996734807537,"circlet_count":0,"master_deck":["Defend_G","Defend_G","Strike_G","Survivor+1","Neutralize","Infinite Blades","Blur+1","Accuracy","Masterful Stab","Blur","Cloak And Dagger","Acrobatics","Leg Sweep","Adrenaline","Crippling Poison","Blur+1","PiercingWail","Dash+1","Slice+1","Footwork","Malaise","PiercingWail+1","Poisoned Stab+1","Caltrops+1","Backstab+1","Blade Dance","Trip","Mind Blast+1","Backflip","Accuracy+1","Well Laid Plans"],"relics":["Fusion Hammer","Matryoshka","War Paint","Letter Opener","Singing Bowl","Ancient Tea Set","WristBlade","Molten Egg 2","Darkstone Periapt","MawBank","Peace Pipe","Nunchaku","Juzu Bracelet","Astrolabe","The Specimen","Strawberry","Anchor","Bag of Marbles","Paper Crane"],"potions_floor_usage":[6,6,8,16,18,22,25,25,33,40,40,42,44,44,50,50,50],"damage_taken":[{"damage":0,"enemies":"Cultist","floor":1,"turns":4},{"damage":0,"enemies":"Jaw Worm","floor":3,"turns":4},{"damage":0,"enemies":"Small Slimes","floor":4,"turns":4},{"damage":6,"enemies":"Looter","floor":5,"turns":4},{"damage":0,"enemies":"3 Sentries","floor":6,"turns":6},{"damage":8,"enemies":"Red Slaver","floor":7,"turns":4},{"damage":30,"enemies":"Gremlin Nob","floor":8,"turns":6},{"damage":0,"enemies":"Lagavulin","floor":10,"turns":7},{"damage":0,"enemies":"3 Louse","floor":11,"turns":1},{"damage":0,"enemies":"Looter","floor":14,"turns":3},{"damage":13,"enemies":"Hexaghost","floor":16,"turns":15},{"damage":22,"enemies":"2 Thieves","floor":18,"turns":5},{"damage":0,"enemies":"3 Byrds","floor":20,"turns":4},{"damage":0,"enemies":"3 Cultists","floor":21,"turns":5},{"damage":4,"enemies":"Centurion and Healer","floor":22,"turns":7},{"damage":0,"enemies":"Chosen and Byrds","floor":24,"turns":6},{"damage":11,"enemies":"Slavers","floor":25,"turns":5},{"damage":1,"enemies":"3 Cultists","floor":27,"turns":5},{"damage":5,"enemies":"Book of Stabbing","floor":29,"turns":7},{"damage":7,"enemies":"Gremlin Leader","floor":31,"turns":10},{"damage":1,"enemies":"Champ","floor":33,"turns":19},{"damage":2,"enemies":"Flame Bruiser 1 Orb","floor":35,"turns":7},{"damage":5,"enemies":"Mysterious Sphere","floor":36,"turns":8},{"damage":40,"enemies":"2 Orb Walkers","floor":40,"turns":6},{"damage":0,"enemies":"3 Shapes","floor":41,"turns":3},{"damage":18,"enemies":"Nemesis","floor":42,"turns":7},{"damage":0,"enemies":"Transient","floor":44,"turns":5},{"damage":2,"enemies":"Sphere and 2 Shapes","floor":47,"turns":6},{"damage":3,"enemies":"Time Eater","floor":50,"turns":13}],"seed_played":"6296980262280588442","potions_obtained":[{"floor":1,"key":"SteroidPotion"},{"floor":5,"key":"Dexterity Potion"},{"floor":7,"key":"EssenceOfSteel"},{"floor":8,"key":"Weak Potion"},{"floor":10,"key":"Weak Potion"},{"floor":14,"key":"Ancient Potion"},{"floor":18,"key":"GhostInAJar"},{"floor":21,"key":"Energy Potion"},{"floor":22,"key":"Fire Potion"},{"floor":29,"key":"Strength Potion"},{"floor":36,"key":"Weak Potion"},{"floor":41,"key":"SpeedPotion"},{"floor":42,"key":"Dexterity Potion"}],"is_trial":false,"path_per_floor":["M","$","M","M","M","E","M","E","T","E","M","R","?","M","R","B",null,"M","?","M","M","M","R","M","E","T","M","$","E","?","E","R","B",null,"M","?","$","?","?","E","M","E","T","M","?","?","M","$","R","B"],"character_chosen":"THE_SILENT","items_purchased":["Blur","Peace Pipe","Footwork","Block Potion","Blade Dance","Trip","Paper Crane","AttackPotion","SkillPotion","Energy Potion"],"campfire_rested":5,"item_purchase_floors":[2,28,28,28,37,37,48,48,48,48],"current_hp_per_floor":[70,70,70,70,64,64,56,26,26,26,26,47,40,42,63,50,72,50,50,52,52,50,72,72,61,61,62,62,59,59,54,78,77,82,80,77,77,71,71,40,40,24,24,24,24,24,22,22,51,48],"gold":16,"neow_bonus":"BOSS_RELIC","is_prod":false,"is_daily":false,"chose_seed":false,"campfire_upgraded":0,"win_rate":0,"timestamp":1535362059,"path_taken":["M","?","?","M","M","E","M","E","T","E","M","R","?","M","R","BOSS","M","?","M","M","M","R","M","E","T","M","$","E","?","E","R","BOSS","M","?","$","?","?","E","M","E","T","M","?","?","M","$","R","BOSS"],"build_version":"2018-08-23v2","purchased_purges":2,"victory":true,"max_hp_per_floor":[70,70,70,70,70,70,70,70,70,70,70,70,70,72,72,72,72,72,72,74,74,76,76,76,76,76,78,78,80,80,82,82,82,82,82,84,84,88,88,97,97,99,99,99,99,99,99,99,99,99],"card_choices":[{"not_picked":["Bouncing Flask","Heel Hook"],"picked":"Infinite Blades","floor":1},{"not_picked":["Deflect","Choke","Reflex"],"picked":"SKIP","floor":3},{"not_picked":["Crippling Poison","Underhanded Strike"],"picked":"Accuracy","floor":4},{"not_picked":["Outmaneuver","Eviscerate"],"picked":"Masterful Stab","floor":5},{"not_picked":["Doppelganger","Eviscerate"],"picked":"Blur","floor":6},{"not_picked":["Dagger Throw","Dodge and Roll"],"picked":"Cloak And Dagger","floor":7},{"not_picked":["Infinite Blades","Flying Knee"],"picked":"Acrobatics","floor":8},{"not_picked":["Accuracy","Dodge and Roll"],"picked":"Die Die Die","floor":10},{"not_picked":["Cloak And Dagger","Expertise"],"picked":"Leg Sweep","floor":11},{"not_picked":["Endless Agony","Deadly Poison","Bouncing Flask"],"picked":"Singing Bowl","floor":14},{"not_picked":["Grand Finale","Glass Knife"],"picked":"Adrenaline","floor":16},{"not_picked":["Poisoned Stab","Dagger Spray"],"picked":"Crippling Poison","floor":18},{"not_picked":["Prepared","Flechettes+1","Dodge and Roll"],"picked":"Singing Bowl","floor":20},{"not_picked":["Tactician","Choke"],"picked":"PiercingWail","floor":21},{"not_picked":["Expertise","Bane+1","Sucker Punch"],"picked":"Singing Bowl","floor":22},{"not_picked":["Deadly Poison","Doppelganger"],"picked":"Dash+1","floor":24},{"not_picked":["Night Terror","Underhanded Strike+1"],"picked":"Slice+1","floor":25},{"not_picked":["Choke+1","All Out Attack+1","Outmaneuver+1"],"picked":"Singing Bowl","floor":27},{"not_picked":["Cloak And Dagger","Dagger Throw+1","Distraction"],"picked":"Singing Bowl","floor":29},{"not_picked":["PiercingWail","Slice+1","Predator+1"],"picked":"Singing Bowl","floor":31},{"not_picked":["Bullet Time","Envenom"],"picked":"Malaise","floor":33},{"not_picked":["Blur+1","Prepared"],"picked":"Backstab+1","floor":35},{"not_picked":["Expertise+1","Prepared+1","Leg Sweep"],"picked":"Singing Bowl","floor":36},{"not_picked":["Chrysalis","Jack Of All Trades"],"picked":"Mind Blast+1","floor":38},{"not_picked":["Deep Breath","Trip","Magnetism"],"picked":"Singing Bowl","floor":38},{"not_picked":["Thinking Ahead","Forethought","PanicButton"],"picked":"Singing Bowl","floor":38},{"not_picked":["Poisoned Stab+1","Dodge and Roll","Deadly Poison+1"],"picked":"Singing Bowl","floor":40},{"not_picked":["Bane+1","Deadly Poison"],"picked":"Backflip","floor":41},{"not_picked":["Quick Slash+1","Backflip","Dagger Throw+1"],"picked":"Singing Bowl","floor":42},{"not_picked":["Concentrate+1","Dodge and Roll+1"],"picked":"Accuracy+1","floor":44},{"not_picked":["Blur","Deadly Poison+1"],"picked":"Well Laid Plans","floor":47}],"player_experience":271799,"relics_obtained":[{"floor":6,"key":"Matryoshka"},{"floor":8,"key":"War Paint"},{"floor":9,"key":"Letter Opener"},{"floor":9,"key":"Singing Bowl"},{"floor":10,"key":"Ancient Tea Set"},{"floor":25,"key":"Molten Egg 2"},{"floor":26,"key":"Darkstone Periapt"},{"floor":26,"key":"MawBank"},{"floor":29,"key":"Nunchaku"},{"floor":31,"key":"Juzu Bracelet"},{"floor":36,"key":"The Specimen"},{"floor":40,"key":"Strawberry"},{"floor":42,"key":"Anchor"},{"floor":43,"key":"Bag of Marbles"}],"event_choices":[{"event_name":"FaceTrader","player_choice":"Touch","floor":13,"damage_taken":0},{"event_name":"Duplicator","player_choice":"One dupe","floor":19,"damage_taken":0},{"event_name":"Golden Shrine","player_choice":"Pray","floor":30,"damage_taken":0},{"event_name":"Mysterious Sphere","player_choice":"Fight","floor":36,"damage_taken":0},{"event_name":"SensoryStone","player_choice":"Memory 3","floor":38,"damage_taken":0},{"event_name":"Bonfire Elementals","player_choice":"BASIC","floor":39,"damage_taken":0},{"event_name":"Purifier","player_choice":"One Purge","floor":45,"damage_taken":0},{"event_name":"Falling","player_choice":"Removed Attack","floor":46,"damage_taken":0}],"is_beta":false,"boss_relics":[{"not_picked":["Cursed Key","White Beast Statue"],"picked":"WristBlade"},{"not_picked":["Busted Crown","HoveringKite"],"picked":"Astrolabe"}],"items_purged_floors":[28,37],"is_endless":false,"potions_floor_spawned":[1,5,7,8,10,14,18,21,22,29,31,36,41,42],"ascension_level":2}