{"gold_per_floor":[111,111,124,51,63,63,13,13,40,58,75,75,89,118,118,214,214,224,224,240,240,257,257,288,288,288,298,317,317],"floor_reached":29,"playtime":1136,"items_purged":[],"score":247,"play_id":"a36d660a-c091-4518-bc68-c22365e6948e","local_time":"20190917234255","is_ascension_mode":false,"campfire_choices":[{"floor":6.0,"key":"RECALL"},{"data":"Uppercut","floor":8.0,"key":"SMITH"},{"data":"Demon Form","floor":12,"key":"SMITH"},{"data":"Defend_R","floor":15,"key":"SMITH"},{"data":"Limit Break","floor":23,"key":"SMITH"},{"data":"Defend_R","floor":25,"key":"SMITH"}],"neow_cost":"NONE","seed_source_timestamp":189493993146800,"circlet_count":0,"master_deck":["Strike_R","Strike_R","Strike_R","Strike_R","Defend_R+1","Defend_R","Defend_R","Defend_R+1","Offering","Uppercut+1","Inflame","Demon Form+1","Limit Break+1","Writhe"],"special_seed":0,"relics":["Burning Blood","StoneCalendar","Regal Pillow","Philosopher\u0027s Stone","Incense Burner","Blue Candle","Mummified Hand"],"potions_floor_usage":[20,22,29,29],"damage_taken":[{"damage":6.0,"enemies":"Small Slimes","floor":1.0,"turns":4.0},{"damage":6.0,"enemies":"2 Louse","floor":3.0,"turns":3.0},{"damage":9.0,"enemies":"Jaw Worm","floor":5.0,"turns":3.0},{"damage":6,"enemies":"3 Louse","floor":10,"turns":3},{"damage":6,"enemies":"Blue Slaver","floor":11,"turns":4},{"damage":13,"enemies":"Exordium Wildlife","floor":13,"turns":3},{"damage":22,"enemies":"Lagavulin","floor":14,"turns":5},{"damage":15,"enemies":"Hexaghost","floor":16,"turns":8},{"damage":22,"enemies":"Shell Parasite","floor":18,"turns":5},{"damage":0,"enemies":"Chosen","floor":20,"turns":4},{"damage":19,"enemies":"Centurion and Healer","floor":22,"turns":5},{"damage":23,"enemies":"Book of Stabbing","floor":24,"turns":4},{"damage":9,"enemies":"Sentry and Sphere","floor":27,"turns":4},{"damage":12,"enemies":"3 Cultists","floor":28,"turns":4},{"damage":34,"enemies":"Gremlin Leader","floor":29,"turns":5}],"seed_played":"7788481016417645023","potions_obtained":[{"floor":5.0,"key":"Ancient Potion"},{"floor":11,"key":"SmokeBomb"},{"floor":16,"key":"Regen Potion"},{"floor":18,"key":"Energy Potion"},{"floor":20,"key":"Explosive Potion"},{"floor":24,"key":"GamblersBrew"}],"is_trial":false,"path_per_floor":["M","?","M","$","M","R","?","R","T","M","M","R","M","E","R","B",null,"M","?","M","?","M","R","E","R","T","M","M","E"],"character_chosen":"IRONCLAD","items_purchased":["Inflame"],"campfire_rested":0,"item_purchase_floors":[4],"current_hp_per_floor":[80,62,62,62,59,59,59,59,59,59,59,59,52,36,36,27,80,64,49,55,55,56,56,39,39,39,36,30,0],"gold":317,"neow_bonus":"TRANSFORM_CARD","is_prod":false,"is_daily":false,"chose_seed":false,"campfire_upgraded":5,"win_rate":0,"timestamp":1568734975,"path_taken":["M","?","M","$","M","R","?","R","T","M","M","R","M","E","R","BOSS","M","?","M","?","M","R","E","R","T","M","M","E"],"build_version":"2019-07-17","purchased_purges":0,"victory":false,"max_hp_per_floor":[80,80,80,80,80,80,80,80,80,80,80,80,80,80,80,80,80,80,85,85,85,85,85,85,85,85,85,85,85],"card_choices":[{"not_picked":["Anger","Corruption"],"picked":"Uppercut","floor":1.0},{"not_picked":["Flex","Sword Boomerang","Thunderclap"],"picked":"SKIP","floor":3.0},{"not_picked":["Pommel Strike","Fire Breathing","Warcry"],"picked":"SKIP","floor":5.0},{"not_picked":["Warcry","Havoc","Pommel Strike"],"picked":"SKIP","floor":10},{"not_picked":["Ghostly Armor","Evolve"],"picked":"Demon Form","floor":11},{"not_picked":["Spot Weakness","Thunderclap","Dropkick"],"picked":"SKIP","floor":13},{"not_picked":["Brutality","Pummel","True Grit"],"picked":"SKIP","floor":14},{"not_picked":["Reaper","Impervious"],"picked":"Limit Break","floor":16},{"not_picked":["Twin Strike","Wild Strike","Clothesline"],"picked":"SKIP","floor":18},{"not_picked":["Intimidate","Twin Strike","Anger+1"],"picked":"SKIP","floor":20},{"not_picked":["Body Slam+1","Uppercut","Headbutt"],"picked":"SKIP","floor":22},{"not_picked":["Dual Wield","Reckless Charge","Havoc"],"picked":"SKIP","floor":24},{"not_picked":["Ghostly Armor","Flame Barrier","Carnage"],"picked":"SKIP","floor":27},{"not_picked":["Twin Strike","Pommel Strike","Fire Breathing"],"picked":"SKIP","floor":28}],"player_experience":633858,"relics_obtained":[{"floor":14,"key":"Regal Pillow"},{"floor":24,"key":"Blue Candle"},{"floor":26,"key":"Mummified Hand"}],"event_choices":[{"damage_healed":0.0,"max_hp_gain":0.0,"max_hp_loss":0.0,"gold_gain":0.0,"event_name":"Scrap Ooze","player_choice":"Success","floor":2.0,"gold_loss":0.0,"damage_taken":18.0,"relics_obtained":["StoneCalendar"]},{"cards_removed":["Bash"],"damage_healed":0.0,"max_hp_gain":0.0,"max_hp_loss":0.0,"gold_gain":0.0,"event_name":"The Cleric","player_choice":"Card Removal","floor":7.0,"gold_loss":50.0,"damage_taken":0.0},{"damage_healed":0,"gold_gain":0,"player_choice":"Shed Blood","damage_taken":20,"max_hp_gain":5,"max_hp_loss":0,"event_name":"Forgotten Altar","floor":19,"gold_loss":0},{"damage_healed":0,"gold_gain":0,"player_choice":"Opened","damage_taken":0,"relics_obtained":["Incense Burner"],"max_hp_gain":0,"max_hp_loss":0,"event_name":"The Mausoleum","floor":21,"gold_loss":0,"cards_obtained":["Writhe"]}],"is_beta":false,"boss_relics":[{"not_picked":["Snecko Eye","White Beast Statue"],"picked":"Philosopher\u0027s Stone"}],"items_purged_floors":[],"is_endless":false,"potions_floor_spawned":[5,11,16,18,20,24,28],"killed_by":"Gremlin Leader","ascension_level":0}