{"gold_per_floor":[119,119,130,140,157,192,192,223,246,260,289,303,303,321,321,422,422,434,459,459,477,207,237,254,254,278,308,308,337,351,376,376,481,481,498,549,603,452,452,486,502,536,561,576,592,418,467,501,501,501,501,501,129,157,157],"floor_reached":56,"playtime":2243,"items_purged":["Battle Trance+1"],"score":1596,"play_id":"e40bf32e-7842-47b8-98df-47052a139138","local_time":"20190921051645","daily_mods":["SealedDeck","Time Dilation","Lethality"],"is_ascension_mode":true,"campfire_choices":[{"data":"True Grit","floor":7.0,"key":"SMITH"},{"data":"Flame Barrier","floor":15.0,"key":"SMITH"},{"data":"Heavy Blade","floor":25.0,"key":"SMITH"},{"data":"Limit Break","floor":28.0,"key":"SMITH"},{"data":"Double Tap","floor":32.0,"key":"SMITH"},{"floor":49,"key":"RECALL"},{"data":"Flame Barrier","floor":52,"key":"SMITH"}],"neow_cost":"","seed_source_timestamp":0,"circlet_count":0,"master_deck":["True Grit+1","True Grit+1","Twin Strike","Shockwave","Uppercut","Heavy Blade+1","Pummel","Flame Barrier+1","Pummel","Shrug It Off","Bludgeon","Disarm","Clothesline","Flame Barrier+1","Disarm","Whirlwind","Limit Break+1","Double Tap+1","Dual Wield+1","Heavy Blade","Juggernaut","Inflame+1","Impervious+1","Flame Barrier+1","Writhe","Heavy Blade+1","Barricade","Impervious+1","Entrench+1","Metallicize"],"special_seed":0,"relics":["Burning Blood","Regal Pillow","Smiling Mask","Pen Nib","Boot","Snecko Eye","Red Mask","Tiny Chest","Lantern","Red Skull","Bronze Scales","Prayer Wheel","Anchor","Toxic Egg 2","Orrery","Bag of Preparation","Du-Vu Doll","Potion Belt","Ice Cream","Orichalcum","Juzu Bracelet","Bottled Flame","Gremlin Horn","Bag of Marbles"],"potions_floor_usage":[50,55,55,55,55,55,55,55],"damage_taken":[{"damage":0.0,"enemies":"Cultist","floor":1.0,"turns":1.0},{"damage":10.0,"enemies":"Jaw Worm","floor":3.0,"turns":2.0},{"damage":0.0,"enemies":"2 Louse","floor":4.0,"turns":1.0},{"damage":0.0,"enemies":"Exordium Thugs","floor":5.0,"turns":3.0},{"damage":7.0,"enemies":"Lagavulin","floor":6.0,"turns":4.0},{"damage":5.0,"enemies":"Gremlin Nob","floor":8.0,"turns":3.0},{"damage":0.0,"enemies":"2 Fungi Beasts","floor":10.0,"turns":2.0},{"damage":9.0,"enemies":"Lagavulin","floor":11.0,"turns":6.0},{"damage":0.0,"enemies":"Blue Slaver","floor":12.0,"turns":1.0},{"damage":1.0,"enemies":"Looter","floor":14.0,"turns":2.0},{"damage":21.0,"enemies":"Hexaghost","floor":16.0,"turns":6.0},{"damage":0.0,"enemies":"Chosen","floor":18.0,"turns":3.0},{"damage":10.0,"enemies":"Masked Bandits","floor":19.0,"turns":3.0},{"damage":0.0,"enemies":"3 Byrds","floor":21.0,"turns":2.0},{"damage":0.0,"enemies":"Gremlin Leader","floor":23.0,"turns":3.0},{"damage":12.0,"enemies":"Cultist and Chosen","floor":24.0,"turns":3.0},{"damage":0.0,"enemies":"Slavers","floor":27.0,"turns":3.0},{"damage":0.0,"enemies":"Book of Stabbing","floor":29.0,"turns":2.0},{"damage":0.0,"enemies":"Sentry and Sphere","floor":30.0,"turns":2.0},{"damage":0.0,"enemies":"Slavers","floor":31.0,"turns":2.0},{"damage":11.0,"enemies":"Automaton","floor":33.0,"turns":3.0},{"damage":0.0,"enemies":"3 Shapes","floor":35.0,"turns":2.0},{"damage":0.0,"enemies":"2 Orb Walkers","floor":37.0,"turns":2.0},{"damage":0.0,"enemies":"Giant Head","floor":40.0,"turns":4.0},{"damage":1.0,"enemies":"Orb Walker","floor":41.0,"turns":3.0},{"damage":0.0,"enemies":"Reptomancer","floor":42.0,"turns":1.0},{"damage":0,"enemies":"Maw","floor":44,"turns":2},{"damage":0,"enemies":"4 Shapes","floor":45,"turns":3},{"damage":3,"enemies":"Giant Head","floor":48,"turns":6},{"damage":55,"enemies":"Awakened One","floor":50,"turns":9},{"damage":0,"enemies":"Shield and Spear","floor":54,"turns":5},{"damage":14,"enemies":"The Heart","floor":55,"turns":6}],"seed_played":"390322901614952351","potions_obtained":[{"floor":1.0,"key":"EssenceOfSteel"},{"floor":3.0,"key":"Fire Potion"},{"floor":6.0,"key":"SteroidPotion"},{"floor":11.0,"key":"EntropicBrew"},{"floor":18.0,"key":"Swift Potion"},{"floor":42.0,"key":"GamblersBrew"}],"is_trial":true,"path_per_floor":["M","?","M","M","M","E","R","E","T","M","E","M","?","M","R","B",null,"M","?","?","M","$","E","M","R","T","E","R","E","M","E","R","B",null,"M","T","?","$","?","E","M","E","T","M","M","$","T","E","R","B",null,"R","$","E","B",null],"character_chosen":"IRONCLAD","items_purchased":["Tiny Chest","Lantern","Potion Belt","Entrench+1","Swift Potion","Gremlin Horn","Metallicize","PowerPotion"],"campfire_rested":0,"item_purchase_floors":[22,22,38,46,46,53,53,53],"current_hp_per_floor":[80,80,76,80,80,79,79,80,80,80,77,80,80,80,80,65,80,80,76,76,80,80,80,74,74,74,80,80,80,80,80,80,75,80,80,80,80,80,80,80,80,80,80,80,80,80,80,80,80,31,80,80,80,80,72],"gold":157,"neow_bonus":"","is_prod":false,"is_daily":false,"chose_seed":false,"campfire_upgraded":6,"win_rate":0,"timestamp":1569068205,"path_taken":["M","?","?","M","M","E","R","E","T","M","E","M","?","M","R","BOSS","M","?","?","M","$","E","?","R","T","E","R","E","M","E","R","BOSS","M","?","?","$","?","E","M","E","T","M","M","$","?","E","R","BOSS","R","$","E","BOSS"],"build_version":"2019-07-17","purchased_purges":1,"victory":true,"max_hp_per_floor":[80,80,80,80,80,80,80,80,80,80,80,80,80,80,80,80,80,80,80,80,80,80,80,80,80,80,80,80,80,80,80,80,80,80,80,80,80,80,80,80,80,80,80,80,80,80,80,80,80,80,80,80,80,80,80],"card_choices":[{"not_picked":["Wild Strike","Ghostly Armor"],"picked":"Shrug It Off","floor":1.0},{"not_picked":["Cleave","Flex"],"picked":"Disarm","floor":3.0},{"not_picked":["Uppercut","Twin Strike"],"picked":"Clothesline","floor":4.0},{"not_picked":["Heavy Blade","Clothesline"],"picked":"Flame Barrier","floor":5.0},{"not_picked":["Anger","Spot Weakness","Heavy Blade"],"picked":"SKIP","floor":6.0},{"not_picked":["Thunderclap","Headbutt"],"picked":"Disarm","floor":8.0},{"not_picked":["Anger","Reckless Charge"],"picked":"Whirlwind","floor":10.0},{"not_picked":["Rage","Havoc"],"picked":"Limit Break","floor":11.0},{"not_picked":["Perfected Strike","Pommel Strike","Thunderclap"],"picked":"SKIP","floor":12.0},{"not_picked":["Combust","Second Wind","Thunderclap"],"picked":"SKIP","floor":14.0},{"not_picked":["Barricade","Demon Form"],"picked":"Double Tap","floor":16.0},{"not_picked":["Sword Boomerang","Cleave"],"picked":"Dual Wield+1","floor":18.0},{"not_picked":["Sword Boomerang","Disarm"],"picked":"Heavy Blade","floor":19.0},{"not_picked":["Whirlwind","Clothesline","Perfected Strike+1"],"picked":"SKIP","floor":21.0},{"not_picked":["Shrug It Off+1","Feed","Rage"],"picked":"SKIP","floor":23.0},{"not_picked":["Havoc","Armaments+1","Body Slam+1"],"picked":"SKIP","floor":24.0},{"not_picked":["Rupture","Carnage","Cleave+1"],"picked":"SKIP","floor":27.0},{"not_picked":["Rupture","Carnage","Cleave+1"],"picked":"SKIP","floor":27.0},{"not_picked":["Warcry","Feel No Pain+1","Second Wind"],"picked":"SKIP","floor":29.0},{"not_picked":["Feel No Pain+1","Anger+1"],"picked":"Juggernaut","floor":30.0},{"not_picked":["Anger","Disarm","Fire Breathing"],"picked":"SKIP","floor":30.0},{"not_picked":["Seeing Red","Perfected Strike+1"],"picked":"Inflame+1","floor":31.0},{"not_picked":["Immolate","Juggernaut"],"picked":"Impervious+1","floor":33.0},{"not_picked":["Reckless Charge","Wild Strike+1"],"picked":"Flame Barrier+1","floor":34.0},{"not_picked":["Seeing Red+1","Twin Strike+1","Rupture"],"picked":"SKIP","floor":35.0},{"not_picked":["Armaments+1","Cleave+1","Power Through+1"],"picked":"SKIP","floor":35.0},{"not_picked":["Shrug It Off+1","Perfected Strike"],"picked":"Heavy Blade+1","floor":40.0},{"not_picked":["Feel No Pain+1","Perfected Strike"],"picked":"Barricade","floor":41.0},{"not_picked":["True Grit+1","Disarm+1","Evolve+1"],"picked":"SKIP","floor":41.0},{"not_picked":["Body Slam+1","True Grit+1","Headbutt+1"],"picked":"SKIP","floor":42.0},{"not_picked":["Dual Wield+1","Corruption+1"],"picked":"Battle Trance+1","floor":44},{"not_picked":["Seeing Red+1","Body Slam","Clash"],"picked":"SKIP","floor":44},{"not_picked":["True Grit+1","Thunderclap"],"picked":"Impervious+1","floor":45},{"not_picked":["Sentinel+1","Dual Wield+1","Pummel+1"],"picked":"SKIP","floor":45},{"not_picked":["Thunderclap+1","Clothesline","Infernal Blade+1"],"picked":"SKIP","floor":48},{"not_picked":["Havoc+1","Headbutt","Carnage+1"],"picked":"SKIP","floor":54}],"player_experience":1206063,"relics_obtained":[{"floor":6.0,"key":"Regal Pillow"},{"floor":8.0,"key":"Smiling Mask"},{"floor":9.0,"key":"Pen Nib"},{"floor":11.0,"key":"Boot"},{"floor":19.0,"key":"Red Mask"},{"floor":23.0,"key":"Red Skull"},{"floor":26.0,"key":"Bronze Scales"},{"floor":27.0,"key":"Prayer Wheel"},{"floor":29.0,"key":"Anchor"},{"floor":31.0,"key":"Toxic Egg 2"},{"floor":36.0,"key":"Bag of Preparation"},{"floor":37.0,"key":"Du-Vu Doll"},{"floor":40.0,"key":"Ice Cream"},{"floor":42.0,"key":"Orichalcum"},{"floor":47,"key":"Juzu Bracelet"},{"floor":48,"key":"Bottled Flame"},{"floor":54,"key":"Bag of Marbles"}],"event_choices":[{"damage_healed":0.0,"max_hp_gain":0.0,"max_hp_loss":0.0,"gold_gain":0.0,"event_name":"Match and Keep!","player_choice":"1 cards matched","floor":2.0,"gold_loss":0.0,"damage_taken":0.0,"cards_obtained":["Bludgeon"]},{"damage_healed":0.0,"max_hp_gain":0.0,"max_hp_loss":0.0,"gold_gain":0.0,"event_name":"Living Wall","player_choice":"Grow","floor":13.0,"gold_loss":0.0,"damage_taken":0.0,"cards_upgraded":["True Grit"]},{"damage_healed":0.0,"max_hp_gain":0.0,"max_hp_loss":0.0,"gold_gain":0.0,"event_name":"Masked Bandits","player_choice":"Fought Bandits","floor":19.0,"gold_loss":0.0,"damage_taken":0.0},{"cards_removed":["Twin Strike"],"damage_healed":0.0,"max_hp_gain":0.0,"max_hp_loss":0.0,"gold_gain":0.0,"event_name":"Purifier","player_choice":"Purged","floor":20.0,"gold_loss":0.0,"damage_taken":0.0},{"damage_healed":0.0,"max_hp_gain":0.0,"max_hp_loss":0.0,"gold_gain":0.0,"event_name":"Mysterious Sphere","player_choice":"Fight","floor":37.0,"gold_loss":0.0,"damage_taken":0.0},{"damage_healed":20.0,"max_hp_gain":0.0,"max_hp_loss":0.0,"gold_gain":0.0,"event_name":"Winding Halls","player_choice":"Writhe","floor":39.0,"gold_loss":0.0,"damage_taken":0.0,"cards_obtained":["Writhe"]}],"is_beta":false,"boss_relics":[{"not_picked":["Black Star","Ectoplasm"],"picked":"Snecko Eye"},{"not_picked":["Runic Pyramid","Empty Cage"],"picked":"Orrery"}],"items_purged_floors":[46],"is_endless":false,"potions_floor_spawned":[1,3,6,11,14,16,18,19,29,30,31,35,37,42,48],"ascension_level":1}