{"gold_per_floor":[115,36,36,48,24,57,69,111,207,233,277,289,330,354,366,483,495,524,97,113,113,130,160,160,160,183,209,209,241,257,270,270,371,371,383,483,226,226,246,246,246,246,246,5,17,28,28,101,101,101],"floor_reached":51,"playtime":10703,"items_purged":["Defend_R","Writhe","Strike_R"],"score":1051,"play_id":"70fb19cf-c30f-40fd-9004-f7d060023e03","local_time":"20190923222453","is_ascension_mode":true,"campfire_choices":[{"data":"Armaments","floor":15.0,"key":"SMITH"},{"data":"Heavy Blade","floor":25.0,"key":"SMITH"},{"data":"Inflame","floor":28.0,"key":"SMITH"},{"data":"Flame Barrier","floor":32.0,"key":"SMITH"},{"data":"Burning Pact","floor":40,"key":"SMITH"},{"data":"Shrug It Off","floor":42,"key":"SMITH"},{"data":"Carnage","floor":49,"key":"SMITH"}],"neow_cost":"NONE","seed_source_timestamp":0,"circlet_count":0,"master_deck":["Strike_R","Strike_R","Strike_R","Strike_R","Defend_R","Defend_R","Defend_R","Bash","Uppercut","Flame Barrier+1","Perfected Strike","Shrug It Off+1","Seeing Red","Inflame+1","Armaments+1","Clothesline","Headbutt","Corruption","Reaper","Clothesline+1","Burning Pact+1","Heavy Blade+1","Heavy Blade","Uppercut+1","Limit Break","HandOfGreed","Shrug It Off","Dark Shackles","Carnage+1","Shockwave","Flame Barrier+1","Battle Trance+1"],"special_seed":0,"relics":["Burning Blood","NeowsBlessing","Bag of Marbles","MawBank","Orichalcum","Tiny Chest","Paper Frog","Turnip","Snecko Eye","Membership Card","Shuriken","Juzu Bracelet","Oddly Smooth Stone","Dream Catcher","MutagenicStrength","Art of War","Bottled Tornado","Omamori","Philosopher\u0027s Stone","Charon\u0027s Ashes","Bronze Scales","Lantern","Frozen Egg 2","Darkstone Periapt","Happy Flower","Dead Branch"],"potions_floor_usage":[50],"damage_taken":[{"damage":0.0,"enemies":"2 Louse","floor":1.0,"turns":1.0},{"damage":0.0,"enemies":"Small Slimes","floor":4.0,"turns":1.0},{"damage":0.0,"enemies":"Lagavulin","floor":6.0,"turns":1.0},{"damage":7.0,"enemies":"Gremlin Nob","floor":8.0,"turns":3.0},{"damage":0.0,"enemies":"Cultist","floor":10.0,"turns":2.0},{"damage":23.0,"enemies":"3 Sentries","floor":11.0,"turns":9.0},{"damage":18.0,"enemies":"Lagavulin","floor":13.0,"turns":6.0},{"damage":0.0,"enemies":"3 Louse","floor":14.0,"turns":4.0},{"damage":17.0,"enemies":"Hexaghost","floor":16.0,"turns":10.0},{"damage":7.0,"enemies":"2 Thieves","floor":18.0,"turns":4.0},{"damage":8.0,"enemies":"Shell Parasite","floor":20.0,"turns":2.0},{"damage":8.0,"enemies":"Shelled Parasite and Fungi","floor":22.0,"turns":5.0},{"damage":6.0,"enemies":"Gremlin Leader","floor":23.0,"turns":5.0},{"damage":13.0,"enemies":"Book of Stabbing","floor":27.0,"turns":4.0},{"damage":21.0,"enemies":"Slavers","floor":29.0,"turns":3.0},{"damage":10.0,"enemies":"Centurion and Healer","floor":30.0,"turns":4.0},{"damage":7.0,"enemies":"Snecko","floor":31.0,"turns":3.0},{"damage":22.0,"enemies":"Champ","floor":33.0,"turns":7.0},{"damage":0.0,"enemies":"Orb Walker","floor":35.0,"turns":2.0},{"damage":2.0,"enemies":"Mind Bloom Boss Battle","floor":36.0,"turns":6.0},{"damage":0.0,"enemies":"3 Shapes","floor":39.0,"turns":2.0},{"damage":0,"enemies":"Maw","floor":45,"turns":3},{"damage":0,"enemies":"Transient","floor":46,"turns":5},{"damage":18,"enemies":"2 Orb Walkers","floor":48,"turns":3},{"damage":7,"enemies":"Awakened One","floor":50,"turns":2}],"seed_played":"-7182416929462323726","potions_obtained":[{"floor":4.0,"key":"Dexterity Potion"},{"floor":7.0,"key":"EssenceOfSteel"},{"floor":7.0,"key":"Energy Potion"},{"floor":11.0,"key":"Block Potion"},{"floor":14.0,"key":"SneckoOil"},{"floor":16.0,"key":"Weak Potion"},{"floor":18.0,"key":"Regen Potion"},{"floor":20.0,"key":"FearPotion"},{"floor":30.0,"key":"SpeedPotion"},{"floor":31.0,"key":"Weak Potion"},{"floor":35.0,"key":"Ancient Potion"},{"floor":45,"key":"Fire Potion"},{"floor":46,"key":"GamblersBrew"}],"is_trial":false,"path_per_floor":["M","$","?","M","$","E","?","E","T","M","E","?","E","M","R","B",null,"M","$","M","?","M","E","?","R","T","E","R","E","M","M","R","B",null,"M","?","$","?","M","R","T","R","T","$","M","M","?","?","R","B",null],"character_chosen":"IRONCLAD","items_purchased":["Flame Barrier","Shrug It Off","Membership Card","Shuriken","Juzu Bracelet","Bronze Scales","Lantern","Fruit Juice","Happy Flower","Shrug It Off","Dark Shackles","Carnage"],"campfire_rested":0,"item_purchase_floors":[2,5,19,19,19,37,37,37,44,44,44,44],"current_hp_per_floor":[80,80,80,80,80,80,80,79,79,80,63,63,51,57,57,46,72,80,80,80,80,80,80,80,80,80,77,77,65,69,72,72,56,74,80,80,80,75,85,85,85,85,85,85,85,85,85,80,80,79],"gold":101,"neow_bonus":"THREE_ENEMY_KILL","is_prod":false,"is_daily":false,"chose_seed":false,"campfire_upgraded":7,"win_rate":0,"timestamp":1569266693,"path_taken":["M","$","?","M","$","E","?","E","T","?","E","?","E","M","R","BOSS","M","$","M","?","M","E","?","R","T","E","R","E","M","M","R","BOSS","M","?","$","?","M","R","?","R","T","$","M","M","?","?","R","BOSS"],"build_version":"2019-07-17","purchased_purges":3,"victory":true,"max_hp_per_floor":[80,80,80,80,80,80,80,80,80,80,80,80,80,80,80,80,80,80,80,80,80,80,80,80,80,80,80,80,80,80,80,80,80,80,80,80,80,80,85,85,85,85,85,85,85,85,85,85,85,85],"card_choices":[{"not_picked":["Armaments","True Grit"],"picked":"Uppercut","floor":1.0},{"not_picked":["Clash","Intimidate"],"picked":"Perfected Strike","floor":4.0},{"not_picked":["Berserk","Sword Boomerang"],"picked":"Seeing Red","floor":6.0},{"not_picked":["Twin Strike","Entrench"],"picked":"Inflame","floor":8.0},{"not_picked":["Clash","Iron Wave"],"picked":"Armaments","floor":10.0},{"not_picked":["Perfected Strike","Metallicize"],"picked":"Clothesline","floor":11.0},{"not_picked":["Havoc","Shrug It Off"],"picked":"Headbutt","floor":13.0},{"not_picked":["Clash","Rampage"],"picked":"Corruption","floor":14.0},{"not_picked":["Offering","Brutality"],"picked":"Reaper","floor":16.0},{"not_picked":["Sever Soul","Sword Boomerang+1"],"picked":"Clothesline+1","floor":18.0},{"not_picked":["True Grit","Thunderclap+1","Iron Wave+1"],"picked":"SKIP","floor":20.0},{"not_picked":["Spot Weakness","Flex"],"picked":"Burning Pact","floor":22.0},{"not_picked":["Warcry","Headbutt"],"picked":"Heavy Blade","floor":23.0},{"not_picked":["Evolve","Brutality"],"picked":"Heavy Blade","floor":27.0},{"not_picked":["Rage+1","Cleave","Clash"],"picked":"SKIP","floor":29.0},{"not_picked":["Headbutt","Sword Boomerang"],"picked":"Uppercut+1","floor":30.0},{"not_picked":["Feel No Pain","Body Slam+1","Heavy Blade"],"picked":"SKIP","floor":31.0},{"not_picked":["Juggernaut","Exhume"],"picked":"Limit Break","floor":33.0},{"not_picked":["Headbutt+1","Intimidate+1","True Grit+1"],"picked":"SKIP","floor":35.0},{"not_picked":["Trip","Jack Of All Trades"],"picked":"HandOfGreed","floor":38.0},{"not_picked":["True Grit","Anger","Reckless Charge"],"picked":"SKIP","floor":39},{"not_picked":["True Grit","Anger","Reckless Charge"],"picked":"SKIP","floor":39},{"not_picked":["Ghostly Armor","Bloodletting+1"],"picked":"Shockwave","floor":45},{"not_picked":["Clash","Wild Strike+1","Body Slam+1"],"picked":"SKIP","floor":46},{"not_picked":["Iron Wave+1","Havoc+1"],"picked":"Battle Trance+1","floor":48}],"player_experience":314976,"relics_obtained":[{"floor":6.0,"key":"MawBank"},{"floor":8.0,"key":"Orichalcum"},{"floor":9.0,"key":"Tiny Chest"},{"floor":11.0,"key":"Paper Frog"},{"floor":13.0,"key":"Turnip"},{"floor":23.0,"key":"Dream Catcher"},{"floor":26.0,"key":"Art of War"},{"floor":27.0,"key":"Bottled Tornado"},{"floor":29.0,"key":"Omamori"},{"floor":36.0,"key":"Charon\u0027s Ashes"},{"floor":41,"key":"Frozen Egg 2"},{"floor":43,"key":"Darkstone Periapt"},{"floor":48,"key":"Dead Branch"}],"event_choices":[{"damage_healed":0.0,"max_hp_gain":0.0,"max_hp_loss":0.0,"gold_gain":0.0,"event_name":"Big Fish","player_choice":"Box","floor":3.0,"gold_loss":0.0,"damage_taken":0.0,"relics_obtained":["Bag of Marbles"],"cards_obtained":["Regret"]},{"damage_healed":0.0,"max_hp_gain":0.0,"max_hp_loss":0.0,"gold_gain":0.0,"event_name":"Lab","player_choice":"Got Potions","floor":7.0,"gold_loss":0.0,"damage_taken":0.0},{"cards_removed":["Regret"],"damage_healed":0.0,"max_hp_gain":0.0,"max_hp_loss":0.0,"gold_gain":0.0,"event_name":"Living Wall","player_choice":"Forget","floor":12.0,"gold_loss":0.0,"damage_taken":0.0},{"damage_healed":0.0,"max_hp_gain":0.0,"max_hp_loss":0.0,"gold_gain":0.0,"event_name":"The Mausoleum","player_choice":"Opened","floor":21.0,"gold_loss":0.0,"damage_taken":0.0,"relics_obtained":["Oddly Smooth Stone"],"cards_obtained":["Writhe"]},{"damage_healed":0.0,"max_hp_gain":0.0,"max_hp_loss":0.0,"gold_gain":0.0,"event_name":"Drug Dealer","player_choice":"Inject Mutagens","floor":24.0,"gold_loss":0.0,"damage_taken":0.0,"relics_obtained":["MutagenicStrength"]},{"damage_healed":0.0,"max_hp_gain":0.0,"max_hp_loss":0.0,"gold_gain":0.0,"event_name":"MindBloom","player_choice":"Fight","floor":36.0,"gold_loss":0.0,"damage_taken":0.0},{"damage_healed":0.0,"max_hp_gain":0.0,"max_hp_loss":0.0,"gold_gain":0.0,"event_name":"SensoryStone","player_choice":"Memory 2","floor":38.0,"gold_loss":0.0,"damage_taken":5.0},{"damage_healed":0,"gold_gain":0,"player_choice":"Copied","damage_taken":0,"max_hp_gain":0,"max_hp_loss":0,"event_name":"Duplicator","floor":47,"gold_loss":0,"cards_obtained":["Flame Barrier"]},{"damage_healed":0,"gold_gain":0,"player_choice":"Fight","damage_taken":0,"max_hp_gain":0,"max_hp_loss":0,"event_name":"Mysterious Sphere","floor":48,"gold_loss":0}],"is_beta":false,"boss_relics":[{"not_picked":["Runic Pyramid","Black Star"],"picked":"Snecko Eye"},{"not_picked":["Mark of Pain","Coffee Dripper"],"picked":"Philosopher\u0027s Stone"}],"items_purged_floors":[19,37,44],"is_endless":false,"potions_floor_spawned":[4,11,14,16,18,20,30,31,35,45,46],"ascension_level":5}