{"gold_per_floor":[115,131,131,141,154,182,182,210,210,210,210,210,220,252,252,350,350,369,383,238,250,250,250,265,275,300,300,300,312,36,56,56,153,153,170,170,182,195,195,222,222,234,261,10,21,21,46,61,61,61,61,61,11,39,39],"floor_reached":55,"playtime":3781,"items_purged":["Strike_R","Strike_R"],"score":996,"play_id":"0cb54aba-621b-4e26-9a88-a5a6e468839c","local_time":"20190205122044","is_ascension_mode":true,"campfire_choices":[{"floor":7.0,"key":"REST"},{"floor":10.0,"key":"REST"},{"data":"Armaments","floor":12.0,"key":"SMITH"},{"floor":15.0,"key":"REST"},{"floor":23.0,"key":"REST"},{"floor":27.0,"key":"REST"},{"floor":32.0,"key":"RECALL"},{"floor":41.0,"key":"REST"},{"floor":46.0,"key":"REST"},{"floor":49.0,"key":"REST"},{"floor":52,"key":"REST"}],"neow_cost":"NONE","seed_source_timestamp":1155141448454900,"circlet_count":0,"master_deck":["Strike_R","Strike_R","Defend_R","Defend_R","Defend_R","Defend_R","Bash","Clothesline","Pummel","Armaments+1","Pommel Strike","Spot Weakness","Shrug It Off","Cleave","Demon Form","Headbutt","Feed","Ghostly Armor","Shrug It Off+1","Iron Wave+1","Uppercut+1","Shrug It Off","Immolate+1","True Grit+1","Apotheosis","Flash of Steel+1","Finesse","Sword Boomerang+1","Body Slam+1","Shockwave+1","Rage+1"],"special_seed":0,"relics":["Black Blood","Pear","Lantern","FossilizedHelix","Kunai","Happy Flower","Fusion Hammer","Molten Egg 2","Omamori","Bronze Scales","Shuriken","Mercury Hourglass","Du-Vu Doll","StoneCalendar"],"potions_floor_usage":[50,54,55],"damage_taken":[{"damage":11.0,"enemies":"2 Louse","floor":1.0,"turns":3.0},{"damage":11.0,"enemies":"Cultist","floor":2.0,"turns":4.0},{"damage":0.0,"enemies":"Small Slimes","floor":4.0,"turns":3.0},{"damage":13.0,"enemies":"Exordium Wildlife","floor":5.0,"turns":6.0},{"damage":36.0,"enemies":"Gremlin Nob","floor":6.0,"turns":5.0},{"damage":54.0,"enemies":"Lagavulin","floor":8.0,"turns":7.0},{"damage":0.0,"enemies":"2 Fungi Beasts","floor":13.0,"turns":3.0},{"damage":20.0,"enemies":"3 Sentries","floor":14.0,"turns":7.0},{"damage":19.0,"enemies":"The Guardian","floor":16.0,"turns":9.0},{"damage":5.0,"enemies":"3 Byrds","floor":18.0,"turns":5.0},{"damage":19.0,"enemies":"2 Thieves","floor":19.0,"turns":3.0},{"damage":47.0,"enemies":"Sentry and Sphere","floor":21.0,"turns":7.0},{"damage":29.0,"enemies":"Cultist and Chosen","floor":24.0,"turns":6.0},{"damage":12.0,"enemies":"Snake Plant","floor":25.0,"turns":4.0},{"damage":0.0,"enemies":"Sentry and Sphere","floor":29.0,"turns":4.0},{"damage":0.0,"enemies":"Snecko","floor":31.0,"turns":4.0},{"damage":59.0,"enemies":"Automaton","floor":33.0,"turns":10.0},{"damage":0.0,"enemies":"Orb Walker","floor":35.0,"turns":3.0},{"damage":0.0,"enemies":"3 Darklings","floor":37.0,"turns":4.0},{"damage":23.0,"enemies":"Jaw Worm Horde","floor":38.0,"turns":4.0},{"damage":45.0,"enemies":"Nemesis","floor":40.0,"turns":7.0},{"damage":18.0,"enemies":"Writhing Mass","floor":42.0,"turns":6.0},{"damage":4.0,"enemies":"Maw","floor":45.0,"turns":8.0},{"damage":11.0,"enemies":"Giant Head","floor":47.0,"turns":8.0},{"damage":0.0,"enemies":"Sphere and 2 Shapes","floor":48.0,"turns":3.0},{"damage":77,"enemies":"Awakened One","floor":50,"turns":8},{"damage":57,"enemies":"Shield and Spear","floor":54,"turns":4},{"damage":104,"enemies":"The Heart","floor":55,"turns":5}],"seed_played":"3661770100419464959","potions_obtained":[{"floor":2.0,"key":"SpeedPotion"},{"floor":4.0,"key":"GamblersBrew"},{"floor":13.0,"key":"AttackPotion"},{"floor":16.0,"key":"PowerPotion"},{"floor":18.0,"key":"LiquidBronze"},{"floor":19.0,"key":"Poison Potion"},{"floor":31.0,"key":"SkillPotion"},{"floor":33.0,"key":"Strength Potion"}],"is_trial":false,"path_per_floor":["M","M","?","M","M","E","R","E","T","R","?","R","M","E","R","B",null,"M","M","$","M","T","R","M","M","T","R","?","M","$","M","R","B",null,"M","?","M","M","?","E","R","M","T","$","M","R","E","M","R","B",null,"R","$","E","B"],"character_chosen":"IRONCLAD","items_purchased":["Ghostly Armor","Bronze Scales","Shrug It Off","Mercury Hourglass","SkillPotion"],"campfire_rested":9,"item_purchase_floors":[20,30,30,44,53],"current_hp_per_floor":[67,62,60,66,59,29,56,8,8,35,35,35,41,27,54,41,78,79,66,66,28,28,55,35,29,29,57,106,106,106,109,109,59,99,109,99,109,96,96,61,94,90,90,90,96,116,115,120,120,53,103,120,120,73,0],"gold":39,"neow_bonus":"ONE_RANDOM_RARE_CARD","is_prod":false,"is_daily":false,"chose_seed":false,"campfire_upgraded":1,"win_rate":0,"timestamp":1549398044,"path_taken":["M","M","?","M","M","E","R","E","T","R","?","R","M","E","R","BOSS","M","?","$","M","?","R","M","M","T","R","?","M","$","?","R","BOSS","M","?","M","M","?","E","R","M","T","$","M","R","E","?","R","BOSS","R","$","E","BOSS"],"build_version":"2019-01-23","purchased_purges":2,"victory":false,"max_hp_per_floor":[80,80,90,90,90,90,90,90,90,90,90,90,90,90,90,90,90,90,90,90,93,93,93,96,96,96,96,106,106,106,109,109,112,112,112,112,112,112,112,112,112,116,116,116,116,116,116,120,120,120,120,120,120,120,120],"card_choices":[{"not_picked":["Sword Boomerang","Anger"],"picked":"Clothesline","floor":1.0},{"not_picked":["Twin Strike","Flex","Perfected Strike"],"picked":"SKIP","floor":2.0},{"not_picked":["Anger","Wild Strike"],"picked":"Pummel","floor":4.0},{"not_picked":["Thunderclap","Warcry"],"picked":"Armaments","floor":5.0},{"not_picked":["Iron Wave","Pummel"],"picked":"Pommel Strike","floor":6.0},{"not_picked":["Carnage","Dark Embrace"],"picked":"Spot Weakness","floor":8.0},{"not_picked":["Searing Blow","Pommel Strike"],"picked":"Shrug It Off","floor":13.0},{"not_picked":["Bloodletting","Clothesline"],"picked":"Cleave","floor":14.0},{"not_picked":["Immolate","Berserk"],"picked":"Demon Form","floor":16.0},{"not_picked":["Flex","Clothesline"],"picked":"Headbutt","floor":18.0},{"not_picked":["Anger","True Grit"],"picked":"Feed","floor":19.0},{"not_picked":["Sever Soul","Body Slam"],"picked":"Shrug It Off+1","floor":21.0},{"not_picked":["Power Through","Heavy Blade+1"],"picked":"Iron Wave+1","floor":24.0},{"not_picked":["Warcry","Clash+1","Corruption"],"picked":"SKIP","floor":25.0},{"not_picked":["Twin Strike+1","Impervious"],"picked":"Uppercut+1","floor":29.0},{"not_picked":["Corruption","Sword Boomerang+1","Flex"],"picked":"SKIP","floor":31.0},{"not_picked":["Feed+1","Fiend Fire+1"],"picked":"Immolate+1","floor":33.0},{"not_picked":["Clothesline+1","Combust+1"],"picked":"True Grit+1","floor":35.0},{"not_picked":["Impatience","HandOfGreed+1"],"picked":"Apotheosis","floor":36.0},{"not_picked":["Dramatic Entrance+1","Bandage Up"],"picked":"Flash of Steel+1","floor":36.0},{"not_picked":["Trip","Panacea"],"picked":"Finesse","floor":36.0},{"not_picked":["Iron Wave+1","Armaments+1","True Grit"],"picked":"SKIP","floor":37.0},{"not_picked":["Combust+1","Infernal Blade","Iron Wave+1"],"picked":"SKIP","floor":38.0},{"not_picked":["Reckless Charge+1","Twin Strike+1"],"picked":"Sword Boomerang+1","floor":40.0},{"not_picked":["Hemokinesis+1","Twin Strike+1"],"picked":"Body Slam+1","floor":42.0},{"not_picked":["Sword Boomerang+1","Body Slam+1","Searing Blow+1"],"picked":"SKIP","floor":45.0},{"not_picked":["Clash+1","Spot Weakness+1"],"picked":"Shockwave+1","floor":47.0},{"not_picked":["Heavy Blade+1","Evolve+1","Pommel Strike+1"],"picked":"SKIP","floor":48.0},{"not_picked":["Havoc+1","Clash+1"],"picked":"Rage+1","floor":54}],"player_experience":927394,"relics_obtained":[{"floor":6.0,"key":"Lantern"},{"floor":8.0,"key":"FossilizedHelix"},{"floor":9.0,"key":"Kunai"},{"floor":14.0,"key":"Happy Flower"},{"floor":22.0,"key":"Molten Egg 2"},{"floor":26.0,"key":"Omamori"},{"floor":40.0,"key":"Shuriken"},{"floor":47.0,"key":"Du-Vu Doll"},{"floor":54,"key":"StoneCalendar"}],"event_choices":[{"damage_healed":0.0,"max_hp_gain":0.0,"max_hp_loss":0.0,"gold_gain":0.0,"event_name":"Scrap Ooze","player_choice":"Success","floor":3.0,"gold_loss":0.0,"damage_taken":12.0,"relics_obtained":["Pear"]},{"cards_removed":["Strike_R"],"damage_healed":0.0,"max_hp_gain":0.0,"max_hp_loss":0.0,"gold_gain":0.0,"event_name":"Purifier","player_choice":"Purged","floor":11.0,"gold_loss":0.0,"damage_taken":0.0},{"cards_removed":["Berserk"],"damage_healed":39.0,"max_hp_gain":10.0,"max_hp_loss":0.0,"gold_gain":0.0,"event_name":"Bonfire Elementals","player_choice":"Offered Rare","floor":28.0,"gold_loss":0.0,"damage_taken":0.0},{"damage_healed":0.0,"max_hp_gain":0.0,"max_hp_loss":0.0,"gold_gain":0.0,"event_name":"SensoryStone","player_choice":"Memory 3","floor":36.0,"gold_loss":0.0,"damage_taken":10.0},{"damage_healed":0.0,"max_hp_gain":0.0,"max_hp_loss":0.0,"gold_gain":0.0,"event_name":"The Woman in Blue","player_choice":"Bought 0 Potions","floor":39.0,"gold_loss":0.0,"damage_taken":0.0}],"is_beta":false,"boss_relics":[{"not_picked":["Orrery","Eternal Feather"],"picked":"Fusion Hammer"},{"not_picked":["Astrolabe","Coffee Dripper"],"picked":"Black Blood"}],"items_purged_floors":[20,30],"is_endless":false,"potions_floor_spawned":[2,4,13,16,18,19,31,33,35,37,38],"killed_by":"The Heart","ascension_level":7}