{"gold_per_floor":[111,123,123,123,135,170,185,185,264,293,323,354,365,399,399,498,498,513,526,171,171,171,171,202,215,242,272,290,290,320,337,337,442,442,460,471,471,295,308,338,338,364,364,379,410,424,449,463,463,463],"floor_reached":51,"playtime":2500,"items_purged":[],"score":1204,"play_id":"838e2a9c-b738-47bf-9136-05976971323e","local_time":"20190410020005","daily_mods":["Shiny","Time Dilation","Elite Swarm"],"is_ascension_mode":true,"campfire_choices":[{"data":"Demon Form","floor":8.0,"key":"SMITH"},{"data":"Berserk","floor":15.0,"key":"SMITH"},{"data":"Feed","floor":23.0,"key":"SMITH"},{"data":"Rampage","floor":29,"key":"SMITH"},{"data":"Feed","floor":32,"key":"SMITH"},{"data":"Double Tap","floor":49,"key":"SMITH"}],"neow_cost":"","seed_source_timestamp":61411042160432,"circlet_count":0,"master_deck":["Double Tap+1","Demon Form+1","Bludgeon","Feed+1","Limit Break","Barricade","Fiend Fire+1","Dark Embrace","Berserk+1","Impervious","Juggernaut","Brutality","Reaper","Exhume","Offering","Immolate","Metallicize","Pommel Strike","Impervious","Headbutt","Offering+1","Rampage+1","Exhume+1","Heavy Blade","Impervious+1","Reaper","True Grit+1","J.A.X.+1","Reaper","Headbutt+1","Berserk","Shockwave+1","Feed+1","Dual Wield+1","Offering+1","Armaments+1","Master of Strategy+1","Secret Technique+1","Panache","Feed","Limit Break+1","Offering+1","Reaper"],"special_seed":0,"relics":["Burning Blood","Du-Vu Doll","Lantern","Toxic Egg 2","StoneCalendar","Odd Mushroom","Red Skull","Nunchaku","Black Star","Magic Flower","Strawberry","Bronze Scales","PreservedInsect","Blue Candle","Bottled Flame","Matryoshka","Mummified Hand","Runic Dome","Pen Nib","Bag of Marbles","Champion Belt","Bag of Preparation","Orichalcum","Dream Catcher","Shuriken","Frozen Egg 2","Bottled Tornado","Whetstone","Turnip"],"potions_floor_usage":[],"damage_taken":[{"damage":0.0,"enemies":"2 Louse","floor":1.0,"turns":1.0},{"damage":17.0,"enemies":"Jaw Worm","floor":2.0,"turns":2.0},{"damage":15.0,"enemies":"Cultist","floor":5.0,"turns":4.0},{"damage":36.0,"enemies":"3 Sentries","floor":6.0,"turns":6.0},{"damage":9.0,"enemies":"Exordium Wildlife","floor":7.0,"turns":6.0},{"damage":12.0,"enemies":"Lagavulin","floor":10.0,"turns":5.0},{"damage":33.0,"enemies":"The Mushroom Lair","floor":11.0,"turns":3.0},{"damage":21.0,"enemies":"3 Sentries","floor":12.0,"turns":3.0},{"damage":18.0,"enemies":"Blue Slaver","floor":13.0,"turns":3.0},{"damage":19.0,"enemies":"Gremlin Nob","floor":14.0,"turns":3.0},{"damage":60.0,"enemies":"Hexaghost","floor":16.0,"turns":5.0},{"damage":39.0,"enemies":"Spheric Guardian","floor":18.0,"turns":4.0},{"damage":33.0,"enemies":"3 Byrds","floor":19.0,"turns":4.0},{"damage":49.0,"enemies":"Slavers","floor":24.0,"turns":4.0},{"damage":27.0,"enemies":"Snake Plant","floor":25.0,"turns":4.0},{"damage":38.0,"enemies":"Gremlin Leader","floor":27.0,"turns":2.0},{"damage":35,"enemies":"Centurion and Healer","floor":28,"turns":6},{"damage":42,"enemies":"Book of Stabbing","floor":30,"turns":5},{"damage":37,"enemies":"Cultist and Chosen","floor":31,"turns":5},{"damage":59,"enemies":"Collector","floor":33,"turns":7},{"damage":12,"enemies":"Orb Walker","floor":35,"turns":1},{"damage":15,"enemies":"3 Darklings","floor":36,"turns":1},{"damage":58,"enemies":"4 Shapes","floor":39,"turns":3},{"damage":15,"enemies":"Nemesis","floor":40,"turns":3},{"damage":24,"enemies":"Giant Head","floor":42,"turns":2},{"damage":18,"enemies":"Transient","floor":44,"turns":5},{"damage":40,"enemies":"Reptomancer","floor":45,"turns":4},{"damage":6,"enemies":"3 Darklings","floor":46,"turns":2},{"damage":12,"enemies":"Nemesis","floor":47,"turns":1},{"damage":12,"enemies":"Jaw Worm Horde","floor":48,"turns":1},{"damage":60,"enemies":"Awakened One","floor":50,"turns":5}],"seed_played":"3251593982263316598","potions_obtained":[{"floor":1.0,"key":"FairyPotion"},{"floor":2.0,"key":"EssenceOfSteel"},{"floor":5.0,"key":"SpeedPotion"}],"is_trial":true,"path_per_floor":["M","M","?","?","M","E","M","R","T","E","?","E","M","E","R","B",null,"M","M","$","?","?","R","E","M","T","E","M","R","E","M","R","B",null,"M","M","?","$","M","E","?","E","T","M","E","M","E","M","R","B",null],"character_chosen":"IRONCLAD","items_purchased":["Magic Flower","True Grit+1","Panache"],"campfire_rested":0,"item_purchase_floors":[20,20,38],"current_hp_per_floor":[80,72,60,60,83,72,75,75,75,82,81,87,78,82,82,68,107,87,72,72,72,72,72,45,81,81,129,136,136,117,123,123,121,143,147,147,137,137,136,136,136,171,171,175,179,183,186,183,183,195],"gold":463,"neow_bonus":"","is_prod":false,"is_daily":false,"chose_seed":false,"campfire_upgraded":6,"win_rate":0,"timestamp":1554886805,"path_taken":["M","M","?","?","M","E","?","R","T","E","?","E","M","E","R","BOSS","M","M","$","?","?","R","E","M","T","E","?","R","E","M","R","BOSS","M","M","?","$","M","E","?","E","T","?","E","M","E","M","R","BOSS"],"build_version":"2019-01-23","purchased_purges":0,"victory":true,"max_hp_per_floor":[80,83,83,83,86,89,92,92,92,95,101,101,104,104,104,107,107,110,113,113,113,113,113,124,128,128,132,136,136,136,139,139,143,143,147,151,151,151,163,167,167,171,171,175,179,183,187,187,187,195],"card_choices":[{"not_picked":["Flex","Iron Wave"],"picked":"Metallicize","floor":1.0},{"not_picked":["Rage","Havoc","Entrench"],"picked":"SKIP","floor":2.0},{"not_picked":["Hemokinesis","Entrench"],"picked":"Pommel Strike","floor":5.0},{"not_picked":["Juggernaut","Barricade"],"picked":"Impervious","floor":6.0},{"not_picked":["Twin Strike","Reckless Charge"],"picked":"Headbutt","floor":7.0},{"not_picked":["Demon Form","Exhume+1"],"picked":"Offering+1","floor":10.0},{"not_picked":["Bloodletting+1","Perfected Strike"],"picked":"Rampage","floor":11.0},{"not_picked":["Double Tap+1","Fiend Fire"],"picked":"Exhume+1","floor":12.0},{"not_picked":["Sword Boomerang","Warcry+1"],"picked":"Heavy Blade","floor":13.0},{"not_picked":["Barricade","Berserk"],"picked":"Impervious+1","floor":14.0},{"not_picked":["Dark Embrace","Limit Break+1"],"picked":"Reaper","floor":16.0},{"not_picked":["Rupture","Clash","Wild Strike"],"picked":"SKIP","floor":18.0},{"not_picked":["Infernal Blade+1","Hemokinesis","Second Wind+1"],"picked":"SKIP","floor":19.0},{"not_picked":["Barricade","Brutality"],"picked":"Reaper","floor":24.0},{"not_picked":["Cleave","Shrug It Off+1"],"picked":"Headbutt","floor":25.0},{"not_picked":["Demon Form","Brutality"],"picked":"Berserk","floor":27},{"not_picked":["Combust","Pommel Strike"],"picked":"Shockwave+1","floor":28},{"not_picked":["Immolate","Reaper"],"picked":"Feed","floor":30},{"not_picked":["Armaments+1","True Grit+1"],"picked":"Dual Wield+1","floor":31},{"not_picked":["Bludgeon","Fiend Fire"],"picked":"Offering+1","floor":33},{"not_picked":["Heavy Blade+1","Pommel Strike","Iron Wave"],"picked":"SKIP","floor":35},{"not_picked":["Shrug It Off+1","Warcry+1","Armaments+1"],"picked":"SKIP","floor":36},{"not_picked":["Shrug It Off+1","Warcry+1"],"picked":"Armaments+1","floor":36},{"not_picked":["Metamorphosis+1","Discovery+1"],"picked":"Master of Strategy+1","floor":37},{"not_picked":["Deep Breath+1","Swift Strike"],"picked":"Secret Technique+1","floor":37},{"not_picked":["Havoc+1","Armaments+1","Thunderclap"],"picked":"SKIP","floor":39},{"not_picked":["Juggernaut","Fiend Fire","Feed"],"picked":"SKIP","floor":40},{"not_picked":["Juggernaut","Fiend Fire"],"picked":"Feed","floor":40},{"not_picked":["Fiend Fire","Brutality"],"picked":"Limit Break+1","floor":42},{"not_picked":["True Grit+1","Rupture","Armaments+1"],"picked":"SKIP","floor":44},{"not_picked":["Limit Break+1","Brutality"],"picked":"Offering+1","floor":45},{"not_picked":["Rage+1","Thunderclap","Combust+1"],"picked":"SKIP","floor":46},{"not_picked":["Fiend Fire","Juggernaut+1"],"picked":"Reaper","floor":47},{"not_picked":["Thunderclap+1","Flame Barrier+1","Power Through+1"],"picked":"SKIP","floor":48}],"player_experience":1006748,"relics_obtained":[{"floor":6.0,"key":"Lantern"},{"floor":9.0,"key":"Toxic Egg 2"},{"floor":10.0,"key":"StoneCalendar"},{"floor":11.0,"key":"Odd Mushroom"},{"floor":12.0,"key":"Red Skull"},{"floor":14.0,"key":"Nunchaku"},{"floor":24.0,"key":"Strawberry"},{"floor":24.0,"key":"Bronze Scales"},{"floor":26.0,"key":"PreservedInsect"},{"floor":27,"key":"Blue Candle"},{"floor":27,"key":"Bottled Flame"},{"floor":30,"key":"Matryoshka"},{"floor":30,"key":"Mummified Hand"},{"floor":40,"key":"Pen Nib"},{"floor":40,"key":"Bag of Marbles"},{"floor":41,"key":"Champion Belt"},{"floor":42,"key":"Bag of Preparation"},{"floor":42,"key":"Orichalcum"},{"floor":43,"key":"Dream Catcher"},{"floor":43,"key":"Shuriken"},{"floor":45,"key":"Frozen Egg 2"},{"floor":45,"key":"Bottled Tornado"},{"floor":47,"key":"Whetstone"},{"floor":47,"key":"Turnip"}],"event_choices":[{"damage_healed":0.0,"max_hp_gain":0.0,"max_hp_loss":0.0,"gold_gain":0.0,"event_name":"Scrap Ooze","player_choice":"Success","floor":3.0,"gold_loss":0.0,"damage_taken":12.0,"relics_obtained":["Du-Vu Doll"]},{"damage_healed":0.0,"max_hp_gain":0.0,"max_hp_loss":0.0,"gold_gain":0.0,"event_name":"The Woman in Blue","player_choice":"Bought 0 Potions","floor":4.0,"gold_loss":0.0,"damage_taken":0.0},{"damage_healed":0.0,"max_hp_gain":0.0,"max_hp_loss":0.0,"gold_gain":0.0,"event_name":"Mushrooms","player_choice":"Fought Mushrooms","floor":11.0,"gold_loss":0.0,"damage_taken":0.0},{"damage_healed":0.0,"max_hp_gain":0.0,"max_hp_loss":0.0,"gold_gain":0.0,"event_name":"Drug Dealer","player_choice":"Obtain J.A.X.","floor":21.0,"gold_loss":0.0,"damage_taken":0.0,"cards_obtained":["J.A.X."]},{"damage_healed":0.0,"max_hp_gain":0.0,"max_hp_loss":0.0,"gold_gain":0.0,"event_name":"NoteForYourself","player_choice":"Ignored","floor":22.0,"gold_loss":0.0,"damage_taken":0.0},{"damage_healed":0,"gold_gain":0,"player_choice":"Memory 3","damage_taken":10,"max_hp_gain":0,"max_hp_loss":0,"event_name":"SensoryStone","floor":37,"gold_loss":0},{"damage_healed":0,"gold_gain":0,"player_choice":"Relic","damage_taken":0,"max_hp_gain":0,"max_hp_loss":0,"event_name":"Wheel of Change","floor":41,"gold_loss":0}],"is_beta":false,"boss_relics":[{"not_picked":["Eternal Feather","White Beast Statue"],"picked":"Black Star"},{"not_picked":["Runic Pyramid","Astrolabe"],"picked":"Runic Dome"}],"items_purged_floors":[],"is_endless":false,"potions_floor_spawned":[1,2,5,12,14,18,24,27,28,33,35,42,46,47,48],"ascension_level":1}