{"gold_per_floor":[116,135,153,153,170,199,228,262,262,262],"floor_reached":10,"playtime":345,"items_purged":[],"score":82,"play_id":"0c7b3f87-4958-4adc-9cc8-e769394a0c43","local_time":"20190917013608","daily_mods":["Heirloom","Vintage","Lethality"],"is_ascension_mode":true,"campfire_choices":[],"neow_cost":"","seed_source_timestamp":511447254645381,"circlet_count":0,"master_deck":["Strike_B","Strike_B","Strike_B","Strike_B","Defend_B","Defend_B","Defend_B","Defend_B","Zap+1","Dualcast","Steam+1","Beam Cell"],"special_seed":0,"relics":["Cracked Core","Unceasing Top","Symbiotic Virus","Toxic Egg 2","Potion Belt","Shuriken","Emotion Chip","Odd Mushroom","Happy Flower","Pen Nib"],"potions_floor_usage":[8,8,8],"damage_taken":[{"damage":0.0,"enemies":"Cultist","floor":1.0,"turns":2.0},{"damage":4.0,"enemies":"Jaw Worm","floor":2.0,"turns":3.0},{"damage":1.0,"enemies":"Small Slimes","floor":3.0,"turns":3.0},{"damage":18.0,"enemies":"Exordium Thugs","floor":5.0,"turns":4.0},{"damage":16.0,"enemies":"Lagavulin","floor":6.0,"turns":5.0},{"damage":19.0,"enemies":"The Mushroom Lair","floor":7.0,"turns":4.0},{"damage":11,"enemies":"3 Sentries","floor":8,"turns":6},{"damage":8,"enemies":"Gremlin Nob","floor":10,"turns":2}],"seed_played":"-4184992609252608054","potions_obtained":[{"floor":2.0,"key":"FearPotion"},{"floor":6.0,"key":"Energy Potion"},{"floor":7.0,"key":"Weak Potion"}],"is_trial":true,"path_per_floor":["M","M","M","?","M","E","?","E","T","E"],"character_chosen":"DEFECT","items_purchased":[],"campfire_rested":0,"item_purchase_floors":[],"current_hp_per_floor":[75,71,70,70,52,36,17,6,6,0],"gold":262,"neow_bonus":"","is_prod":false,"is_daily":false,"chose_seed":false,"campfire_upgraded":0,"win_rate":0,"timestamp":1568709368,"path_taken":["M","M","M","?","M","E","?","E","T","E"],"build_version":"2019-07-17","purchased_purges":0,"victory":false,"max_hp_per_floor":[75,75,75,75,75,75,75,75,75,75],"card_choices":[{"not_picked":["Sunder","Heatsinks"],"picked":"Steam+1","floor":6.0},{"not_picked":["Sweeping Beam","Melter"],"picked":"Beam Cell","floor":7.0},{"not_picked":["Buffer","Blizzard","Streamline"],"picked":"SKIP","floor":8}],"player_experience":1161326,"relics_obtained":[{"floor":1.0,"key":"Symbiotic Virus"},{"floor":2.0,"key":"Toxic Egg 2"},{"floor":3.0,"key":"Potion Belt"},{"floor":5.0,"key":"Shuriken"},{"floor":6.0,"key":"Emotion Chip"},{"floor":7.0,"key":"Odd Mushroom"},{"floor":8,"key":"Happy Flower"},{"floor":9,"key":"Pen Nib"}],"event_choices":[{"damage_healed":0.0,"max_hp_gain":0.0,"max_hp_loss":0.0,"gold_gain":0.0,"event_name":"Living Wall","player_choice":"Grow","floor":4.0,"gold_loss":0.0,"damage_taken":0.0,"cards_upgraded":["Zap"]},{"damage_healed":0.0,"max_hp_gain":0.0,"max_hp_loss":0.0,"gold_gain":0.0,"event_name":"Mushrooms","player_choice":"Fought Mushrooms","floor":7.0,"gold_loss":0.0,"damage_taken":0.0}],"is_beta":false,"boss_relics":[],"items_purged_floors":[],"is_endless":false,"potions_floor_spawned":[2,6,7],"killed_by":"Gremlin Nob","ascension_level":1}