{"gold_per_floor":[117,117,42,60,78,78,103,103,127,143,143,156,156,176,176,248,248,263,263,283,353,403,403,419,444,444,459,523,523,573,590,590,590],"floor_reached":33,"playtime":1804,"items_purged":["Strike_R"],"score":542,"play_id":"6e4e45f3-3c5e-41e8-9b01-0fac8b777492","local_time":"20190920202649","is_ascension_mode":true,"campfire_choices":[{"data":"Bash","floor":6.0,"key":"SMITH"},{"data":"Corruption","floor":8.0,"key":"SMITH"},{"data":"Flame Barrier","floor":13.0,"key":"SMITH"},{"data":"Havoc","floor":15.0,"key":"SMITH"},{"data":"Spot Weakness","floor":23.0,"key":"SMITH"},{"data":"Limit Break","floor":29.0,"key":"SMITH"},{"data":"Limit Break","floor":32.0,"key":"SMITH"}],"neow_cost":"NONE","seed_source_timestamp":0,"circlet_count":0,"master_deck":["AscendersBane","Strike_R","Strike_R","Strike_R","Defend_R+1","Defend_R","Defend_R","Defend_R+1","Bash+1","Corruption+1","Cleave","Flame Barrier+1","Havoc+1","Immolate","Clothesline+1","Limit Break+1","Shrug It Off","Spot Weakness+1","Limit Break+1","Flame Barrier+1","Impervious","Ghostly Armor","Cleave"],"special_seed":0,"relics":["Burning Blood","War Paint","Oddly Smooth Stone","Boot","Eternal Feather","Philosopher\u0027s Stone","SsserpentHead","Red Skull","Toy Ornithopter"],"potions_floor_usage":[],"damage_taken":[{"damage":17.0,"enemies":"Small Slimes","floor":1.0,"turns":4.0},{"damage":0.0,"enemies":"Cultist","floor":4.0,"turns":4.0},{"damage":9.0,"enemies":"Jaw Worm","floor":5.0,"turns":4.0},{"damage":27.0,"enemies":"3 Sentries","floor":7.0,"turns":8.0},{"damage":7.0,"enemies":"Lots of Slimes","floor":10.0,"turns":4.0},{"damage":10.0,"enemies":"Exordium Wildlife","floor":12.0,"turns":5.0},{"damage":6.0,"enemies":"Large Slime","floor":14.0,"turns":7.0},{"damage":48.0,"enemies":"The Guardian","floor":16.0,"turns":16.0},{"damage":22.0,"enemies":"Shell Parasite","floor":18.0,"turns":4.0},{"damage":4.0,"enemies":"3 Byrds","floor":20.0,"turns":3.0},{"damage":24.0,"enemies":"Snecko","floor":21.0,"turns":6.0},{"damage":24.0,"enemies":"Snake Plant","floor":24.0,"turns":5.0},{"damage":38.0,"enemies":"Book of Stabbing","floor":25.0,"turns":5.0},{"damage":1.0,"enemies":"Sentry and Sphere","floor":27.0,"turns":3.0},{"damage":8.0,"enemies":"3 Cultists","floor":28.0,"turns":4.0},{"damage":8.0,"enemies":"Shelled Parasite and Fungi","floor":31.0,"turns":5.0},{"damage":46,"enemies":"Automaton","floor":33,"turns":6}],"seed_played":"-546982282643554627","potions_obtained":[{"floor":4.0,"key":"SteroidPotion"},{"floor":10.0,"key":"AttackPotion"},{"floor":14.0,"key":"Dexterity Potion"},{"floor":18.0,"key":"SkillPotion"},{"floor":20.0,"key":"BloodPotion"},{"floor":27.0,"key":"FearPotion"}],"is_trial":false,"path_per_floor":["M","?","$","M","M","R","E","R","T","M","T","M","R","M","R","B",null,"M","?","M","M","?","R","M","E","T","M","M","R","?","M","R","B"],"character_chosen":"IRONCLAD","items_purchased":[],"campfire_rested":0,"item_purchase_floors":[],"current_hp_per_floor":[64,64,64,70,67,67,46,46,46,45,45,41,47,47,53,11,64,48,48,50,48,48,60,42,10,10,20,18,30,30,28,40,0],"gold":590,"neow_bonus":"TEN_PERCENT_HP_BONUS","is_prod":false,"is_daily":false,"chose_seed":false,"campfire_upgraded":7,"win_rate":0,"timestamp":1569036409,"path_taken":["M","?","?","M","M","R","E","R","T","?","?","M","R","M","R","BOSS","M","?","M","?","?","R","M","E","T","M","?","R","?","M","R","BOSS"],"build_version":"2019-09-20","purchased_purges":1,"victory":false,"max_hp_per_floor":[82,82,82,82,82,82,82,82,82,82,82,82,82,82,82,82,82,82,82,82,82,82,82,82,82,82,82,82,82,82,82,82,82],"card_choices":[{"not_picked":["Body Slam","Rupture"],"picked":"Shrug It Off","floor":1.0},{"not_picked":["Blood for Blood","Feel No Pain"],"picked":"Corruption","floor":4.0},{"not_picked":["Anger","Barricade"],"picked":"Cleave","floor":5.0},{"not_picked":["Havoc","Inflame"],"picked":"Flame Barrier","floor":7.0},{"not_picked":["Wild Strike","Clash","Body Slam"],"picked":"SKIP","floor":10.0},{"not_picked":["Perfected Strike","Sword Boomerang","Clash"],"picked":"SKIP","floor":12.0},{"not_picked":["Rage","Warcry"],"picked":"Havoc","floor":14.0},{"not_picked":["Reaper","Berserk"],"picked":"Immolate","floor":16.0},{"not_picked":["Twin Strike","Shrug It Off"],"picked":"Clothesline+1","floor":18.0},{"not_picked":["Perfected Strike","Wild Strike"],"picked":"Limit Break","floor":20.0},{"not_picked":["Cleave","Power Through"],"picked":"Shrug It Off","floor":21.0},{"not_picked":["Blood for Blood","Flex"],"picked":"Flame Barrier+1","floor":24.0},{"not_picked":["Pommel Strike","Rage"],"picked":"Impervious","floor":25.0},{"not_picked":["Warcry","Blood for Blood","Cleave"],"picked":"SKIP","floor":27.0},{"not_picked":["Uppercut","Offering"],"picked":"Ghostly Armor","floor":28.0},{"not_picked":["Flex+1","Clash"],"picked":"Cleave","floor":31.0}],"player_experience":1452531,"relics_obtained":[{"floor":7.0,"key":"Oddly Smooth Stone"},{"floor":9.0,"key":"Boot"},{"floor":11.0,"key":"Eternal Feather"},{"floor":25.0,"key":"Red Skull"},{"floor":26.0,"key":"Toy Ornithopter"}],"event_choices":[{"cards_removed":["Shrug It Off"],"damage_healed":0.0,"max_hp_gain":0.0,"max_hp_loss":0.0,"gold_gain":0.0,"event_name":"WeMeetAgain","player_choice":"Gave Card","floor":2.0,"gold_loss":0.0,"damage_taken":0.0,"relics_obtained":["War Paint"]},{"damage_healed":0.0,"max_hp_gain":0.0,"max_hp_loss":0.0,"gold_gain":0.0,"event_name":"FaceTrader","player_choice":"Trade","floor":19.0,"gold_loss":0.0,"damage_taken":0.0,"relics_obtained":["SsserpentHead"]},{"damage_healed":0.0,"max_hp_gain":0.0,"max_hp_loss":0.0,"gold_gain":0.0,"event_name":"Match and Keep!","player_choice":"2 cards matched","floor":22.0,"gold_loss":0.0,"damage_taken":0.0,"cards_obtained":["Spot Weakness","Limit Break"]},{"cards_removed":["Strike_R"],"damage_healed":0.0,"max_hp_gain":0.0,"max_hp_loss":0.0,"gold_gain":0.0,"event_name":"Bonfire Elementals","player_choice":"Offered Basic","floor":30.0,"gold_loss":0.0,"damage_taken":0.0}],"is_beta":true,"boss_relics":[{"not_picked":["Calling Bell","Pandora\u0027s Box"],"picked":"Philosopher\u0027s Stone"}],"items_purged_floors":[3],"is_endless":false,"potions_floor_spawned":[4,10,14,18,20,27],"killed_by":"Automaton","ascension_level":20}