{"gold_per_floor":[138,138,152,197,245,311,96,146,146,197,258,287,252,304,304,402,402,420,420,439,5,50,76,121,151,178,230,241,269,311,343,343,445,445,456,456,472,472,472,472,497,514,568,598,598,598,627,679,679,679,679,679,3,30,30],"floor_reached":56,"playtime":3295,"items_purged":[],"score":1752,"play_id":"cd39df28-e684-497a-8bbd-3ec32b5ed109","local_time":"20190919045015","daily_mods":["Allstar","Vintage","Elite Swarm"],"is_ascension_mode":true,"campfire_choices":[{"data":"HandOfGreed","floor":15.0,"key":"SMITH"},{"data":"After Image","floor":32.0,"key":"SMITH"},{"data":"Footwork","floor":40.0,"key":"SMITH"},{"floor":49.0,"key":"RECALL"},{"data":"A Thousand Cuts","floor":52.0,"key":"SMITH"}],"neow_cost":"","seed_source_timestamp":0,"circlet_count":0,"master_deck":["Strike_G","Strike_G+1","Defend_G","Defend_G","Defend_G+1","Defend_G","Defend_G+1","Survivor+1","Neutralize+1","Trip","HandOfGreed+1","Swift Strike","PanicButton","Venomology","Infinite Blades","Corpse Explosion","Flying Knee+1","Venomology","After Image+1","Bullet Time+1","Endless Agony+1","Flechettes+1","Poisoned Stab","Secret Technique+1","Footwork+1","Corpse Explosion+1","Bullet Time+1","Burst+1","Malaise+1","A Thousand Cuts+1","Blind+1","Malaise+1","After Image","Envenom","Dodge and Roll+1","Well Laid Plans","Chrysalis+1","Finisher","Finisher","Flying Knee","Malaise+1"],"special_seed":0,"relics":["Ring of the Snake","Bag of Marbles","MawBank","Mercury Hourglass","Dodecahedron","Orichalcum","Snake Skull","War Paint","Potion Belt","Lantern","Paper Crane","Gambling Chip","Ancient Tea Set","Astrolabe","Bag of Preparation","Bronze Scales","Membership Card","Toxic Egg 2","Ornamental Fan","Ice Cream","Whetstone","Happy Flower","Strawberry","Juzu Bracelet","Pen Nib","Ginger","Calipers","Gremlin Horn","Coffee Dripper","Ninja Scroll","Sundial","The Courier","Dream Catcher","Tough Bandages","Art of War","Blue Candle","Dead Branch","ClockworkSouvenir","Shuriken","Pear","Incense Burner","The Specimen","Bottled Tornado"],"potions_floor_usage":[55,55,55,55],"damage_taken":[{"damage":2.0,"enemies":"Small Slimes","floor":1.0,"turns":4.0},{"damage":0.0,"enemies":"2 Louse","floor":3.0,"turns":1.0},{"damage":0.0,"enemies":"Cultist","floor":4.0,"turns":3.0},{"damage":0.0,"enemies":"Exordium Wildlife","floor":5.0,"turns":3.0},{"damage":18.0,"enemies":"3 Sentries","floor":6.0,"turns":6.0},{"damage":0.0,"enemies":"Gremlin Nob","floor":8.0,"turns":2.0},{"damage":23.0,"enemies":"Lagavulin Event","floor":11.0,"turns":5.0},{"damage":0.0,"enemies":"3 Sentries","floor":12.0,"turns":2.0},{"damage":2.0,"enemies":"Gremlin Nob","floor":14.0,"turns":3.0},{"damage":21.0,"enemies":"The Guardian","floor":16.0,"turns":10.0},{"damage":0.0,"enemies":"Spheric Guardian","floor":18.0,"turns":3.0},{"damage":0.0,"enemies":"2 Thieves","floor":20.0,"turns":1.0},{"damage":3.0,"enemies":"Snake Plant","floor":22.0,"turns":2.0},{"damage":17.0,"enemies":"Slavers","floor":23.0,"turns":3.0},{"damage":0.0,"enemies":"Chosen and Byrds","floor":24.0,"turns":3.0},{"damage":20.0,"enemies":"Book of Stabbing","floor":25.0,"turns":6.0},{"damage":0.0,"enemies":"Slavers","floor":27.0,"turns":2.0},{"damage":0.0,"enemies":"3 Cultists","floor":28.0,"turns":2.0},{"damage":0.0,"enemies":"Gremlin Leader","floor":29.0,"turns":3.0},{"damage":0.0,"enemies":"Cultist and Chosen","floor":30.0,"turns":5.0},{"damage":0.0,"enemies":"Book of Stabbing","floor":31.0,"turns":4.0},{"damage":0.0,"enemies":"Automaton","floor":33.0,"turns":4.0},{"damage":1.0,"enemies":"3 Darklings","floor":35.0,"turns":3.0},{"damage":0.0,"enemies":"Orb Walker","floor":37.0,"turns":2.0},{"damage":9.0,"enemies":"Nemesis","floor":41.0,"turns":5.0},{"damage":4.0,"enemies":"Maw","floor":42.0,"turns":8.0},{"damage":10.0,"enemies":"Giant Head","floor":44.0,"turns":10.0},{"damage":0.0,"enemies":"Nemesis","floor":47.0,"turns":11.0},{"damage":0.0,"enemies":"2 Orb Walkers","floor":48.0,"turns":3.0},{"damage":0.0,"enemies":"Time Eater","floor":50.0,"turns":11.0},{"damage":19.0,"enemies":"Shield and Spear","floor":54.0,"turns":5.0},{"damage":13,"enemies":"The Heart","floor":55,"turns":6}],"seed_played":"7439467860341591592","potions_obtained":[{"floor":4.0,"key":"GamblersBrew"},{"floor":5.0,"key":"AttackPotion"},{"floor":6.0,"key":"Energy Potion"},{"floor":11.0,"key":"EssenceOfSteel"},{"floor":12.0,"key":"FearPotion"},{"floor":16.0,"key":"PowerPotion"},{"floor":18.0,"key":"SpeedPotion"},{"floor":23.0,"key":"Ancient Potion"},{"floor":24.0,"key":"Regen Potion"},{"floor":29.0,"key":"Energy Potion"},{"floor":35.0,"key":"Dexterity Potion"},{"floor":48.0,"key":"Regen Potion"},{"floor":54.0,"key":"PowerPotion"}],"is_trial":true,"path_per_floor":["M","?","M","M","M","E","$","E","T","T","?","E","?","E","R","B",null,"M","?","M","$","M","E","M","E","T","E","M","E","M","E","R","B",null,"M","?","M","?","?","R","E","M","T","E","?","?","E","?","R","B",null,"R","$","E","B",null],"character_chosen":"THE_SILENT","items_purchased":["Snake Skull","Infinite Blades","Membership Card","Toxic Egg 2","Secret Technique+1","Footwork","ClockworkSouvenir","Shuriken","Well Laid Plans","Chrysalis+1","Pear","Incense Burner","The Specimen","Finisher","Finisher","Flying Knee"],"campfire_rested":0,"item_purchase_floors":[7,7,21,21,21,21,53,53,53,53,53,53,53,53,53,53],"current_hp_per_floor":[68,54,54,54,54,36,36,36,36,36,13,13,30,28,28,7,70,70,70,70,70,67,50,50,44,51,51,51,51,51,51,51,51,77,76,76,76,76,76,76,67,63,63,53,53,53,53,53,53,68,73,73,83,64,51],"gold":30,"neow_bonus":"","is_prod":false,"is_daily":false,"chose_seed":false,"campfire_upgraded":4,"win_rate":0,"timestamp":1568893815,"path_taken":["M","?","M","M","M","E","$","E","T","?","?","E","?","E","R","BOSS","M","?","?","$","M","E","M","E","T","E","M","E","M","E","R","BOSS","M","?","M","?","?","R","E","M","T","E","?","?","E","?","R","BOSS","R","$","E","BOSS"],"build_version":"2019-07-17","purchased_purges":0,"victory":true,"max_hp_per_floor":[70,70,70,70,70,70,70,70,70,70,70,70,70,70,70,70,70,70,70,70,70,70,70,70,70,77,77,77,77,77,77,77,77,77,77,77,77,77,77,77,77,77,77,77,77,73,73,73,73,73,73,73,83,83,83],"card_choices":[{"not_picked":["Bullet Time","Tools of the Trade"],"picked":"Venomology","floor":6.0},{"not_picked":["Wraith Form v2","Doppelganger"],"picked":"Corpse Explosion","floor":8.0},{"not_picked":["Slice","Deadly Poison"],"picked":"Flying Knee","floor":11.0},{"not_picked":["Grand Finale","Wraith Form v2"],"picked":"Venomology","floor":12.0},{"not_picked":["Glass Knife","Night Terror","Wraith Form v2"],"picked":"SKIP","floor":14.0},{"not_picked":["Tools of the Trade","Venomology"],"picked":"After Image","floor":16.0},{"not_picked":["Phantasmal Killer+1","Tools of the Trade"],"picked":"Corpse Explosion+1","floor":23.0},{"not_picked":["Die Die Die","Grand Finale"],"picked":"Bullet Time+1","floor":25.0},{"not_picked":["Corpse Explosion+1","Grand Finale"],"picked":"Burst+1","floor":27.0},{"not_picked":["Tools of the Trade","Corpse Explosion+1"],"picked":"Malaise+1","floor":29.0},{"not_picked":["Glass Knife","Unload","Corpse Explosion+1"],"picked":"SKIP","floor":31.0},{"not_picked":["Unload","Storm of Steel+1"],"picked":"A Thousand Cuts","floor":33.0},{"not_picked":["PanicButton+1","Bandage Up+1"],"picked":"Blind+1","floor":38.0},{"not_picked":["Wraith Form v2","Grand Finale"],"picked":"Malaise+1","floor":41.0},{"not_picked":["Corpse Explosion+1","Glass Knife"],"picked":"After Image","floor":44.0},{"not_picked":["Phantasmal Killer+1","Venomology+1"],"picked":"Envenom","floor":47.0},{"not_picked":["Dagger Throw+1","Sucker Punch"],"picked":"Dodge and Roll+1","floor":48.0},{"not_picked":["A Thousand Cuts","Storm of Steel+1"],"picked":"Malaise+1","floor":54.0}],"player_experience":1175397,"relics_obtained":[{"floor":1.0,"key":"Bag of Marbles"},{"floor":3.0,"key":"MawBank"},{"floor":4.0,"key":"Mercury Hourglass"},{"floor":5.0,"key":"Dodecahedron"},{"floor":6.0,"key":"Orichalcum"},{"floor":8.0,"key":"War Paint"},{"floor":9.0,"key":"Potion Belt"},{"floor":10.0,"key":"Lantern"},{"floor":12.0,"key":"Gambling Chip"},{"floor":14.0,"key":"Ancient Tea Set"},{"floor":18.0,"key":"Bag of Preparation"},{"floor":20.0,"key":"Bronze Scales"},{"floor":22.0,"key":"Ornamental Fan"},{"floor":23.0,"key":"Ice Cream"},{"floor":24.0,"key":"Whetstone"},{"floor":25.0,"key":"Happy Flower"},{"floor":26.0,"key":"Strawberry"},{"floor":27.0,"key":"Juzu Bracelet"},{"floor":28.0,"key":"Pen Nib"},{"floor":29.0,"key":"Ginger"},{"floor":30.0,"key":"Calipers"},{"floor":31.0,"key":"Gremlin Horn"},{"floor":35.0,"key":"Ninja Scroll"},{"floor":37.0,"key":"The Courier"},{"floor":41.0,"key":"Dream Catcher"},{"floor":42.0,"key":"Tough Bandages"},{"floor":44.0,"key":"Art of War"},{"floor":47.0,"key":"Blue Candle"},{"floor":48.0,"key":"Dead Branch"},{"floor":54.0,"key":"Bottled Tornado"}],"event_choices":[{"damage_healed":0.0,"max_hp_gain":0.0,"max_hp_loss":0.0,"gold_gain":0.0,"event_name":"Shining Light","player_choice":"Entered Light","floor":2.0,"gold_loss":0.0,"damage_taken":14.0,"cards_upgraded":["Defend_G","Strike_G"]},{"damage_healed":0.0,"max_hp_gain":0.0,"max_hp_loss":0.0,"gold_gain":0.0,"event_name":"Dead Adventurer","player_choice":"Searched \u00273\u0027 times","floor":11.0,"gold_loss":0.0,"damage_taken":0.0,"relics_obtained":["Paper Crane"]},{"damage_healed":17.0,"max_hp_gain":0.0,"max_hp_loss":0.0,"gold_gain":0.0,"event_name":"The Cleric","player_choice":"Healed","floor":13.0,"gold_loss":35.0,"damage_taken":0.0},{"damage_healed":0.0,"max_hp_gain":0.0,"max_hp_loss":0.0,"gold_gain":0.0,"event_name":"Match and Keep!","player_choice":"1 cards matched","floor":19.0,"gold_loss":0.0,"damage_taken":0.0,"cards_obtained":["Poisoned Stab"]},{"damage_healed":0.0,"max_hp_gain":0.0,"max_hp_loss":0.0,"gold_gain":0.0,"event_name":"WeMeetAgain","player_choice":"Gave Potion","floor":36.0,"gold_loss":0.0,"damage_taken":0.0,"relics_obtained":["Sundial"]},{"damage_healed":0.0,"max_hp_gain":0.0,"max_hp_loss":0.0,"gold_gain":0.0,"event_name":"SensoryStone","player_choice":"Memory 1","floor":38.0,"gold_loss":0.0,"damage_taken":0.0},{"cards_removed":["Madness"],"damage_healed":0.0,"max_hp_gain":0.0,"max_hp_loss":0.0,"gold_gain":0.0,"event_name":"Falling","player_choice":"Removed Skill","floor":39.0,"gold_loss":0.0,"damage_taken":0.0},{"damage_healed":0.0,"max_hp_gain":0.0,"max_hp_loss":0.0,"gold_gain":0.0,"event_name":"Tomb of Lord Red Mask","player_choice":"Ignored","floor":45.0,"gold_loss":0.0,"damage_taken":0.0},{"damage_healed":0.0,"max_hp_gain":0.0,"max_hp_loss":4.0,"gold_gain":0.0,"event_name":"Winding Halls","player_choice":"Max HP","floor":46.0,"gold_loss":0.0,"damage_taken":0.0},{"damage_healed":0.0,"max_hp_gain":0.0,"max_hp_loss":0.0,"gold_gain":0.0,"event_name":"Mysterious Sphere","player_choice":"Fight","floor":48.0,"gold_loss":0.0,"damage_taken":0.0}],"is_beta":false,"boss_relics":[{"not_picked":["Eternal Feather","Snecko Eye"],"picked":"Astrolabe"},{"not_picked":["Sozu","Empty Cage"],"picked":"Coffee Dripper"}],"items_purged_floors":[],"is_endless":false,"potions_floor_spawned":[4,5,6,11,12,16,18,23,24,25,29,35,42,48,54],"ascension_level":1}