{"gold_per_floor":[114,114,128,147,147,147,165,182,235,235,248,248,248,278,278,356,356,371,384,384,159,172,172,202,217,244,256,306,306,306,319,319,390,390,402,416,416],"floor_reached":37,"playtime":1438,"items_purged":["Strike_R"],"score":816,"play_id":"6bad5f58-a0d1-4081-820d-84c904cda885","local_time":"20190916020542","is_ascension_mode":true,"campfire_choices":[{"data":"Flame Barrier","floor":6.0,"key":"SMITH"},{"data":"Uppercut","floor":10.0,"key":"SMITH"},{"data":"Disarm","floor":12.0,"key":"SMITH"},{"data":"Demon Form","floor":15.0,"key":"SMITH"},{"floor":23.0,"key":"REST"},{"floor":32.0,"key":"REST"}],"neow_cost":"TEN_PERCENT_HP_LOSS","seed_source_timestamp":426152525736401,"circlet_count":0,"master_deck":["AscendersBane","Strike_R","Strike_R","Strike_R","Defend_R","Defend_R","Defend_R","Defend_R","Bash","Twin Strike","Flame Barrier+1","Disarm+1","Uppercut+1","Blood for Blood","Demon Form+1","Flame Barrier","Limit Break","Limit Break","Clothesline+1","Disarm","Impervious","Heavy Blade+1"],"special_seed":0,"relics":["Burning Blood","Pocketwatch","Paper Frog","Oddly Smooth Stone","Odd Mushroom","Fusion Hammer","Mercury Hourglass","Art of War","Mark of Pain"],"potions_floor_usage":[36],"damage_taken":[{"damage":1.0,"enemies":"Cultist","floor":1.0,"turns":4.0},{"damage":10.0,"enemies":"2 Louse","floor":3.0,"turns":2.0},{"damage":1.0,"enemies":"Small Slimes","floor":4.0,"turns":3.0},{"damage":0.0,"enemies":"3 Louse","floor":7.0,"turns":4.0},{"damage":9.0,"enemies":"Large Slime","floor":8.0,"turns":6.0},{"damage":7.0,"enemies":"Blue Slaver","floor":11.0,"turns":5.0},{"damage":13.0,"enemies":"The Mushroom Lair","floor":14.0,"turns":5.0},{"damage":35.0,"enemies":"Slime Boss","floor":16.0,"turns":5.0},{"damage":12.0,"enemies":"Chosen","floor":18.0,"turns":3.0},{"damage":4.0,"enemies":"Spheric Guardian","floor":19.0,"turns":5.0},{"damage":11.0,"enemies":"Centurion and Healer","floor":22.0,"turns":7.0},{"damage":28.0,"enemies":"Gremlin Leader","floor":24.0,"turns":4.0},{"damage":12.0,"enemies":"3 Cultists","floor":25.0,"turns":5.0},{"damage":0.0,"enemies":"Snecko","floor":27.0,"turns":4.0},{"damage":14.0,"enemies":"Colosseum Slavers","floor":29.0,"turns":5.0},{"damage":0.0,"enemies":"Centurion and Healer","floor":31.0,"turns":5.0},{"damage":31.0,"enemies":"Automaton","floor":33.0,"turns":6.0},{"damage":24.0,"enemies":"3 Shapes","floor":35.0,"turns":5.0},{"damage":44,"enemies":"3 Darklings","floor":36,"turns":12},{"damage":9,"enemies":"4 Shapes","floor":37,"turns":1}],"seed_played":"6107600179544823656","potions_obtained":[{"floor":3.0,"key":"Ancient Potion"},{"floor":4.0,"key":"Fire Potion"},{"floor":8.0,"key":"AttackPotion"},{"floor":24.0,"key":"BloodPotion"},{"floor":25.0,"key":"Energy Potion"},{"floor":33.0,"key":"FearPotion"}],"is_trial":false,"path_per_floor":["M","T","M","M","?","R","M","M","T","R","M","R","?","?","R","B",null,"M","M","?","$","M","R","E","M","T","M","?","?","?","M","R","B",null,"M","M","M"],"character_chosen":"IRONCLAD","items_purchased":["Limit Break"],"campfire_rested":2,"item_purchase_floors":[21],"current_hp_per_floor":[68,68,64,68,68,68,68,65,65,65,64,64,64,57,57,28,58,52,54,35,35,30,51,29,41,41,47,47,39,39,45,66,41,65,47,9,0],"gold":416,"neow_bonus":"ONE_RARE_RELIC","is_prod":false,"is_daily":false,"chose_seed":false,"campfire_upgraded":4,"win_rate":0,"timestamp":1568624742,"path_taken":["M","?","M","?","?","R","M","M","T","R","?","R","?","?","R","BOSS","M","M","?","$","M","R","E","M","T","M","?","?","?","M","R","BOSS","M","M","M"],"build_version":"2019-07-17","purchased_purges":1,"victory":false,"max_hp_per_floor":[68,68,68,68,68,68,68,68,68,68,68,68,68,68,68,68,68,68,68,73,73,73,73,73,73,73,73,73,73,73,73,73,73,73,73,73,73],"card_choices":[{"not_picked":["Anger","Iron Wave"],"picked":"Twin Strike","floor":1.0},{"not_picked":["Intimidate","Flex"],"picked":"Flame Barrier","floor":3.0},{"not_picked":["True Grit","Heavy Blade"],"picked":"Disarm","floor":4.0},{"not_picked":["Clash","Intimidate","Wild Strike"],"picked":"SKIP","floor":7.0},{"not_picked":["Blood for Blood","Feel No Pain"],"picked":"Uppercut","floor":8.0},{"not_picked":["Warcry","Carnage","Clash"],"picked":"SKIP","floor":11.0},{"not_picked":["Perfected Strike","Rampage"],"picked":"Demon Form","floor":14.0},{"not_picked":["Fire Breathing","Entrench","Searing Blow"],"picked":"SKIP","floor":18.0},{"not_picked":["Battle Trance","Hemokinesis"],"picked":"Flame Barrier","floor":19.0},{"not_picked":["Armaments","Perfected Strike","Clash"],"picked":"SKIP","floor":22.0},{"not_picked":["Armaments","Perfected Strike","Clash"],"picked":"SKIP","floor":22.0},{"not_picked":["Heavy Blade","Power Through"],"picked":"Limit Break","floor":24.0},{"not_picked":["Combust","Corruption","Cleave"],"picked":"SKIP","floor":25.0},{"not_picked":["Perfected Strike","Iron Wave"],"picked":"Clothesline+1","floor":27.0},{"not_picked":["Flame Barrier","Heavy Blade+1"],"picked":"Disarm","floor":31.0},{"not_picked":["Reaper","Exhume"],"picked":"Impervious","floor":33.0},{"not_picked":["Thunderclap","Carnage+1"],"picked":"Heavy Blade+1","floor":35.0},{"not_picked":["Perfected Strike","Thunderclap+1","Second Wind"],"picked":"SKIP","floor":36}],"player_experience":1152456,"relics_obtained":[{"floor":2.0,"key":"Paper Frog"},{"floor":9.0,"key":"Oddly Smooth Stone"},{"floor":14.0,"key":"Odd Mushroom"},{"floor":24.0,"key":"Mercury Hourglass"},{"floor":26.0,"key":"Art of War"}],"event_choices":[{"damage_healed":0.0,"max_hp_gain":0.0,"max_hp_loss":0.0,"gold_gain":0.0,"event_name":"Wheel of Change","player_choice":"Full Heal","floor":5.0,"gold_loss":0.0,"damage_taken":0.0},{"damage_healed":0.0,"max_hp_gain":0.0,"max_hp_loss":0.0,"gold_gain":0.0,"cards_transformed":["Strike_R"],"event_name":"Living Wall","player_choice":"Change","floor":13.0,"gold_loss":0.0,"damage_taken":0.0,"cards_obtained":["Blood for Blood"]},{"damage_healed":0.0,"max_hp_gain":0.0,"max_hp_loss":0.0,"gold_gain":0.0,"event_name":"Mushrooms","player_choice":"Fought Mushrooms","floor":14.0,"gold_loss":0.0,"damage_taken":0.0},{"damage_healed":0.0,"max_hp_gain":5.0,"max_hp_loss":0.0,"gold_gain":0.0,"event_name":"Forgotten Altar","player_choice":"Shed Blood","floor":20.0,"gold_loss":0.0,"damage_taken":24.0},{"damage_healed":0.0,"max_hp_gain":0.0,"max_hp_loss":0.0,"gold_gain":50.0,"event_name":"Nest","player_choice":"Stole From Cult","floor":28.0,"gold_loss":0.0,"damage_taken":0.0},{"damage_healed":0.0,"max_hp_gain":0.0,"max_hp_loss":0.0,"gold_gain":0.0,"event_name":"Colosseum","player_choice":"Fight","floor":29.0,"gold_loss":0.0,"damage_taken":0.0},{"damage_healed":0.0,"max_hp_gain":0.0,"max_hp_loss":0.0,"gold_gain":0.0,"event_name":"Colosseum","player_choice":"Fled From Nobs","floor":29.0,"gold_loss":0.0,"damage_taken":0.0},{"damage_healed":0.0,"max_hp_gain":0.0,"max_hp_loss":0.0,"gold_gain":0.0,"event_name":"Vampires","player_choice":"Ignored","floor":30.0,"gold_loss":0.0,"damage_taken":0.0}],"is_beta":false,"boss_relics":[{"not_picked":["Tiny House","Black Star"],"picked":"Fusion Hammer"},{"not_picked":["Empty Cage","Black Blood"],"picked":"Mark of Pain"}],"items_purged_floors":[21],"is_endless":false,"potions_floor_spawned":[3,4,8,19,24,25,33],"killed_by":"4 Shapes","ascension_level":20}