{"gold_per_floor":[115,125,125,125,139,139,153,78,124,124,137,194,194,165,165,239,239,254,254,254,269,269,269,279,194,242,242,242,268,268,268,268,344,344,354,354,1353,1353,879,879,952,1003,1027,1046,1046,1046,713,724,724,724],"floor_reached":50,"playtime":1914,"items_purged":["Normality","Normality"],"score":984,"play_id":"ad1cfb28-5eb9-43c9-9d0f-c87aa7b1c097","local_time":"20190920034802","is_ascension_mode":true,"campfire_choices":[{"data":"Zap","floor":6.0,"key":"SMITH"},{"data":"Dualcast","floor":10.0,"key":"SMITH"},{"floor":15.0,"key":"REST"},{"data":"Hologram","floor":23.0,"key":"SMITH"},{"data":"Coolheaded","floor":28.0,"key":"SMITH"},{"data":"Go for the Eyes","floor":30.0,"key":"SMITH"},{"data":"Capacitor","floor":32.0,"key":"SMITH"},{"data":"Fission","floor":40.0,"key":"SMITH"},{"data":"Hologram","floor":45.0,"key":"SMITH"},{"data":"Defragment","floor":49.0,"key":"SMITH"}],"neow_cost":"NONE","seed_source_timestamp":217144884517399,"circlet_count":0,"master_deck":["AscendersBane","Defend_B","Defend_B","Defend_B","Zap+1","Dualcast+1","Hologram+1","Go for the Eyes+1","Hologram+1","Conserve Battery","Capacitor+1","Defragment+1","Ball Lightning","Biased Cognition","Rebound+1","Redo+1","Biased Cognition","Coolheaded+1","Leap+1","Fission+1","Capacitor","Steam+1","FTL","Seek","Fission+1","Conserve Battery"],"special_seed":0,"relics":["Cracked Core","Bag of Preparation","Ancient Tea Set","Juzu Bracelet","Letter Opener","Astrolabe","MutagenicStrength","Gambling Chip","Oddly Smooth Stone","Mango","Busted Crown","Membership Card","Kunai","Cables","Torii","Strawberry","Pen Nib","DollysMirror"],"potions_floor_usage":[50],"damage_taken":[{"damage":2.0,"enemies":"Jaw Worm","floor":1.0,"turns":3.0},{"damage":5.0,"enemies":"Small Slimes","floor":2.0,"turns":4.0},{"damage":0.0,"enemies":"2 Louse","floor":5.0,"turns":3.0},{"damage":1.0,"enemies":"Looter","floor":7.0,"turns":3.0},{"damage":0.0,"enemies":"Blue Slaver","floor":11.0,"turns":3.0},{"damage":32.0,"enemies":"Lagavulin Event","floor":12.0,"turns":6.0},{"damage":30.0,"enemies":"The Guardian","floor":16.0,"turns":8.0},{"damage":22.0,"enemies":"Spheric Guardian","floor":18.0,"turns":4.0},{"damage":28.0,"enemies":"2 Thieves","floor":21.0,"turns":4.0},{"damage":22.0,"enemies":"Snake Plant","floor":24.0,"turns":4.0},{"damage":37.0,"enemies":"Gremlin Leader","floor":29.0,"turns":6.0},{"damage":27.0,"enemies":"Champ","floor":33.0,"turns":11.0},{"damage":6.0,"enemies":"Orb Walker","floor":35.0,"turns":3.0},{"damage":5.0,"enemies":"2 Orb Walkers","floor":42.0,"turns":3.0},{"damage":9.0,"enemies":"3 Shapes","floor":44.0,"turns":4.0},{"damage":1.0,"enemies":"Spire Growth","floor":48.0,"turns":5.0},{"damage":70,"enemies":"Donu and Deca","floor":50,"turns":8}],"seed_played":"6334403961255817701","potions_obtained":[{"floor":5.0,"key":"Poison Potion"},{"floor":7.0,"key":"LiquidBronze"},{"floor":16.0,"key":"Explosive Potion"},{"floor":18.0,"key":"Regen Potion"},{"floor":24.0,"key":"Poison Potion"},{"floor":29.0,"key":"Ancient Potion"}],"is_trial":false,"path_per_floor":["M","M","?","?","M","R","M","?","T","R","M","?","?","$","R","B",null,"M","?","?","M","?","R","M","?","T","?","R","E","R","?","R","B",null,"M","?","?","?","$","R","T","?","T","M","R","?","$","M","R","B"],"character_chosen":"DEFECT","items_purchased":["Ball Lightning","Membership Card","Capacitor","Kunai","Ancient Potion","Swift Potion","Dexterity Potion","Pen Nib","DollysMirror","Conserve Battery"],"campfire_rested":1,"item_purchase_floors":[14,39,39,39,39,47,47,47,47,47],"current_hp_per_floor":[62,57,39,44,44,44,43,43,43,43,43,11,11,11,33,3,58,36,36,36,20,86,86,64,64,64,64,64,41,41,41,41,14,79,73,73,73,73,73,73,73,68,75,66,66,66,66,65,65,0],"gold":724,"neow_bonus":"RANDOM_COMMON_RELIC","is_prod":false,"is_daily":false,"chose_seed":false,"campfire_upgraded":9,"win_rate":0,"timestamp":1568976482,"path_taken":["M","M","?","?","M","R","M","?","T","R","M","?","?","$","R","BOSS","M","?","?","M","?","R","M","?","T","?","R","E","R","?","R","BOSS","M","?","?","?","$","R","?","?","T","M","R","?","$","M","R","BOSS"],"build_version":"2019-07-17","purchased_purges":2,"victory":false,"max_hp_per_floor":[71,71,71,76,76,76,76,76,76,76,76,76,76,76,76,76,76,76,76,76,76,86,86,86,86,86,86,86,100,100,100,100,100,100,100,100,100,100,100,100,100,100,107,107,107,107,107,107,107,107],"card_choices":[{"not_picked":["Double Energy","Stack"],"picked":"Hologram","floor":1.0},{"not_picked":["Leap","Compile Driver"],"picked":"Go for the Eyes","floor":2.0},{"not_picked":["Darkness","Compile Driver"],"picked":"Hologram","floor":5.0},{"not_picked":["Rebound","Stack"],"picked":"Conserve Battery","floor":7.0},{"not_picked":["Sweeping Beam","Conserve Battery"],"picked":"Capacitor","floor":11.0},{"not_picked":["Scrape","Reinforced Body"],"picked":"Defragment","floor":12.0},{"not_picked":["Seek","Meteor Strike"],"picked":"Biased Cognition","floor":16.0},{"not_picked":["Consume+1","Beam Cell"],"picked":"Redo+1","floor":18.0},{"not_picked":["Streamline","Steam"],"picked":"Coolheaded","floor":21.0},{"not_picked":["Darkness","Go for the Eyes","Stack"],"picked":"SKIP","floor":24.0},{"not_picked":["Undo","Compile Driver"],"picked":"Leap+1","floor":29.0},{"not_picked":["Electrodynamics","Reboot"],"picked":"Fission","floor":33.0},{"not_picked":["Scrape"],"picked":"SKIP","floor":35.0},{"not_picked":[],"picked":"Steam+1","floor":44.0},{"not_picked":["Leap"],"picked":"SKIP","floor":48.0}],"player_experience":1187991,"relics_obtained":[{"floor":9.0,"key":"Juzu Bracelet"},{"floor":12.0,"key":"Letter Opener"},{"floor":26.0,"key":"Oddly Smooth Stone"},{"floor":29.0,"key":"Mango"},{"floor":41.0,"key":"Cables"},{"floor":42.0,"key":"Torii"},{"floor":43.0,"key":"Strawberry"}],"event_choices":[{"damage_healed":0.0,"max_hp_gain":0.0,"max_hp_loss":0.0,"gold_gain":0.0,"event_name":"Scrap Ooze","player_choice":"Success","floor":3.0,"gold_loss":0.0,"damage_taken":18.0,"relics_obtained":["Ancient Tea Set"]},{"damage_healed":0.0,"max_hp_gain":5.0,"max_hp_loss":0.0,"gold_gain":0.0,"event_name":"Big Fish","player_choice":"Donut","floor":4.0,"gold_loss":0.0,"damage_taken":0.0},{"cards_removed":["Strike_B"],"damage_healed":0.0,"max_hp_gain":0.0,"max_hp_loss":0.0,"gold_gain":0.0,"event_name":"The Cleric","player_choice":"Card Removal","floor":8.0,"gold_loss":75.0,"damage_taken":0.0},{"damage_healed":0.0,"max_hp_gain":0.0,"max_hp_loss":0.0,"gold_gain":30.0,"event_name":"Dead Adventurer","player_choice":"Searched \u00272\u0027 times","floor":12.0,"gold_loss":0.0,"damage_taken":0.0},{"damage_healed":0.0,"max_hp_gain":0.0,"max_hp_loss":0.0,"gold_gain":0.0,"event_name":"Shining Light","player_choice":"Ignored","floor":13.0,"gold_loss":0.0,"damage_taken":0.0},{"damage_healed":0.0,"max_hp_gain":0.0,"max_hp_loss":0.0,"gold_gain":0.0,"event_name":"Match and Keep!","player_choice":"1 cards matched","floor":19.0,"gold_loss":0.0,"damage_taken":0.0,"cards_obtained":["Biased Cognition"]},{"damage_healed":0.0,"max_hp_gain":0.0,"max_hp_loss":0.0,"gold_gain":0.0,"event_name":"Drug Dealer","player_choice":"Inject Mutagens","floor":20.0,"gold_loss":0.0,"damage_taken":0.0,"relics_obtained":["MutagenicStrength"]},{"cards_removed":["Thunder Strike"],"damage_healed":56.0,"max_hp_gain":10.0,"max_hp_loss":0.0,"gold_gain":0.0,"event_name":"Bonfire Elementals","player_choice":"Offered Rare","floor":22.0,"gold_loss":0.0,"damage_taken":0.0},{"damage_healed":0.0,"max_hp_gain":0.0,"max_hp_loss":0.0,"gold_gain":0.0,"event_name":"Addict","player_choice":"Obtained Relic","floor":25.0,"gold_loss":85.0,"damage_taken":0.0,"relics_obtained":["Gambling Chip"]},{"damage_healed":0.0,"max_hp_gain":0.0,"max_hp_loss":0.0,"gold_gain":0.0,"event_name":"Cursed Tome","player_choice":"Ignored","floor":27.0,"gold_loss":0.0,"damage_taken":0.0},{"cards_removed":["Defend_B"],"damage_healed":0.0,"max_hp_gain":0.0,"max_hp_loss":0.0,"gold_gain":0.0,"event_name":"Back to Basics","player_choice":"Elegance","floor":31.0,"gold_loss":0.0,"damage_taken":0.0},{"cards_removed":["Rebound"],"damage_healed":0.0,"max_hp_gain":0.0,"max_hp_loss":0.0,"gold_gain":0.0,"event_name":"Falling","player_choice":"Removed Attack","floor":36.0,"gold_loss":0.0,"damage_taken":0.0},{"damage_healed":0.0,"max_hp_gain":0.0,"max_hp_loss":0.0,"gold_gain":999.0,"event_name":"MindBloom","player_choice":"Gold","floor":37.0,"gold_loss":0.0,"damage_taken":0.0,"cards_obtained":["Normality","Normality"]},{"damage_healed":0.0,"max_hp_gain":0.0,"max_hp_loss":0.0,"gold_gain":0.0,"event_name":"Tomb of Lord Red Mask","player_choice":"Ignored","floor":38.0,"gold_loss":0.0,"damage_taken":0.0},{"damage_healed":0.0,"max_hp_gain":0.0,"max_hp_loss":0.0,"gold_gain":0.0,"event_name":"Mysterious Sphere","player_choice":"Fight","floor":42.0,"gold_loss":0.0,"damage_taken":0.0},{"damage_healed":0.0,"max_hp_gain":0.0,"max_hp_loss":0.0,"gold_gain":0.0,"event_name":"Match and Keep!","player_choice":"2 cards matched","floor":46.0,"gold_loss":0.0,"damage_taken":0.0,"cards_obtained":["FTL","Seek"]}],"is_beta":false,"boss_relics":[{"not_picked":["White Beast Statue","Inserter"],"picked":"Astrolabe"},{"not_picked":["Runic Pyramid","Philosopher\u0027s Stone"],"picked":"Busted Crown"}],"items_purged_floors":[39,47],"is_endless":false,"potions_floor_spawned":[5,7,16,18,24,29,48],"killed_by":"Donu and Deca","ascension_level":20}