{"gold_per_floor":[114,114,114,94,106,106,134,145,145,145,159,177,177,177],"floor_reached":14,"playtime":423,"items_purged":[],"score":158,"play_id":"f5efcccc-0f53-463b-801d-00284f33392f","local_time":"20190823040224","is_ascension_mode":true,"campfire_choices":[{"data":"True Grit","floor":6,"key":"SMITH"},{"data":"Bash","floor":10,"key":"SMITH"},{"data":"Body Slam","floor":13,"key":"SMITH"}],"neow_cost":"NONE","seed_source_timestamp":194042617958200,"circlet_count":0,"master_deck":["AscendersBane","Strike_R","Strike_R","Strike_R","Strike_R","Strike_R+1","Defend_R","Defend_R+1","Defend_R","Defend_R","Bash+1","Entrench+1","True Grit+1","Whirlwind","Body Slam+1"],"relics":["Burning Blood","Calipers","Pantograph"],"potions_floor_usage":[7,14,14],"damage_taken":[{"damage":4,"enemies":"2 Louse","floor":1,"turns":4},{"damage":4,"enemies":"Jaw Worm","floor":5,"turns":3},{"damage":37,"enemies":"Lagavulin","floor":7,"turns":6},{"damage":7,"enemies":"Small Slimes","floor":8,"turns":5},{"damage":1,"enemies":"2 Fungi Beasts","floor":11,"turns":3},{"damage":15,"enemies":"Blue Slaver","floor":12,"turns":4},{"damage":18,"enemies":"Gremlin Nob","floor":14,"turns":3}],"seed_played":"2258843388752341328","potions_obtained":[{"floor":1,"key":"AttackPotion"},{"floor":4,"key":"FearPotion"},{"floor":8,"key":"AttackPotion"}],"is_trial":false,"path_per_floor":["M","?","?","?","M","R","E","M","T","R","M","M","R","E"],"character_chosen":"IRONCLAD","items_purchased":[],"campfire_rested":0,"item_purchase_floors":[],"current_hp_per_floor":[77,52,52,52,54,54,23,22,22,22,27,18,18,0],"gold":177,"neow_bonus":"TEN_PERCENT_HP_BONUS","is_prod":false,"is_daily":false,"chose_seed":false,"campfire_upgraded":3,"win_rate":0,"timestamp":1566504144,"path_taken":["M","?","?","?","M","R","E","M","T","R","M","?","R","E"],"build_version":"2019-07-17","purchased_purges":0,"victory":false,"max_hp_per_floor":[82,82,82,82,82,82,82,82,82,82,82,82,82,82],"card_choices":[{"not_picked":["Havoc","Heavy Blade"],"picked":"Entrench","floor":1},{"not_picked":["Clash","Perfected Strike"],"picked":"True Grit","floor":5},{"not_picked":["Berserk","Warcry"],"picked":"Whirlwind","floor":7},{"not_picked":["Searing Blow","Pommel Strike","Second Wind"],"picked":"SKIP","floor":8},{"not_picked":["Shrug It Off","Thunderclap"],"picked":"Body Slam","floor":11},{"not_picked":["Armaments","Pommel Strike","Iron Wave"],"picked":"SKIP","floor":12}],"player_experience":615822,"relics_obtained":[{"floor":7,"key":"Calipers"},{"floor":9,"key":"Pantograph"}],"event_choices":[{"damage_healed":0,"gold_gain":0,"player_choice":"Entered Light","damage_taken":25,"max_hp_gain":0,"max_hp_loss":0,"event_name":"Shining Light","floor":2,"gold_loss":0,"cards_upgraded":["Defend_R","Strike_R"]},{"damage_healed":0,"gold_gain":0,"player_choice":"Grow","damage_taken":0,"max_hp_gain":0,"max_hp_loss":0,"event_name":"Living Wall","floor":3,"gold_loss":0,"cards_upgraded":["Entrench"]},{"damage_healed":0,"gold_gain":0,"player_choice":"Bought 1 Potion","damage_taken":0,"max_hp_gain":0,"max_hp_loss":0,"event_name":"The Woman in Blue","floor":4,"gold_loss":0}],"is_beta":false,"boss_relics":[],"items_purged_floors":[],"is_endless":false,"potions_floor_spawned":[1,8],"killed_by":"Gremlin Nob","ascension_level":15}