{"gold_per_floor":[209,209,29,40,40,70,89,89,89,109,139,149,166,178,178,178],"floor_reached":16,"playtime":555,"items_purged":[],"score":208,"play_id":"3b7dd01c-8868-4137-af81-c326790854a3","local_time":"20190916004214","is_ascension_mode":true,"campfire_choices":[{"data":"Feed","floor":8.0,"key":"SMITH"},{"data":"Sword Boomerang","floor":15,"key":"SMITH"}],"neow_cost":"NONE","seed_source_timestamp":422492784325352,"circlet_count":0,"master_deck":["AscendersBane","Strike_R","Strike_R","Strike_R","Strike_R","Strike_R","Defend_R","Defend_R","Defend_R","Defend_R","Bash","Feed+1","Intimidate","Whirlwind","Shrug It Off","Sword Boomerang+1","True Grit","Spot Weakness","Shrug It Off"],"special_seed":0,"relics":["Burning Blood","Dodecahedron","Omamori","Boot"],"potions_floor_usage":[14,16],"damage_taken":[{"damage":1.0,"enemies":"Cultist","floor":1.0,"turns":3.0},{"damage":4.0,"enemies":"Small Slimes","floor":4.0,"turns":4.0},{"damage":55.0,"enemies":"3 Sentries","floor":6.0,"turns":15.0},{"damage":13.0,"enemies":"Jaw Worm","floor":7.0,"turns":5.0},{"damage":0.0,"enemies":"Exordium Wildlife","floor":10.0,"turns":2.0},{"damage":5.0,"enemies":"Exordium Thugs","floor":12.0,"turns":4.0},{"damage":36.0,"enemies":"Large Slime","floor":13.0,"turns":10.0},{"damage":0,"enemies":"Looter","floor":14,"turns":1},{"damage":41,"enemies":"Slime Boss","floor":16,"turns":8}],"seed_played":"-8626556935359655946","potions_obtained":[{"floor":1.0,"key":"Regen Potion"},{"floor":7.0,"key":"EssenceOfSteel"},{"floor":10.0,"key":"SteroidPotion"}],"is_trial":false,"path_per_floor":["M","T","$","M","?","E","M","R","T","M","?","M","M","M","R","B"],"character_chosen":"IRONCLAD","items_purchased":["Feed"],"campfire_rested":0,"item_purchase_floors":[3],"current_hp_per_floor":[73,73,73,75,75,44,40,40,40,46,46,51,21,31,31,0],"gold":178,"neow_bonus":"HUNDRED_GOLD","is_prod":false,"is_daily":false,"chose_seed":false,"campfire_upgraded":2,"win_rate":0,"timestamp":1568619734,"path_taken":["M","?","$","M","?","E","M","R","T","M","?","M","?","M","R","BOSS"],"build_version":"2019-07-17","purchased_purges":0,"victory":false,"max_hp_per_floor":[75,75,75,75,75,78,81,81,81,81,81,85,85,89,89,89],"card_choices":[{"not_picked":["Blood for Blood","True Grit","Warcry"],"picked":"SKIP","floor":1.0},{"not_picked":["Heavy Blade","Feel No Pain"],"picked":"Intimidate","floor":4.0},{"not_picked":["Rage","Warcry"],"picked":"Whirlwind","floor":6.0},{"not_picked":["Cleave","Clash"],"picked":"Shrug It Off","floor":7.0},{"not_picked":["Anger","Wild Strike"],"picked":"Sword Boomerang","floor":10.0},{"not_picked":["Wild Strike","Twin Strike"],"picked":"True Grit","floor":12.0},{"not_picked":["Entrench","Blood for Blood"],"picked":"Spot Weakness","floor":13.0},{"not_picked":["Bloodletting","Blood for Blood"],"picked":"Shrug It Off","floor":14}],"player_experience":1149390,"relics_obtained":[{"floor":2.0,"key":"Dodecahedron"},{"floor":6.0,"key":"Omamori"},{"floor":9.0,"key":"Boot"}],"event_choices":[{"damage_healed":0.0,"max_hp_gain":0.0,"max_hp_loss":0.0,"gold_gain":0.0,"event_name":"Liars Game","player_choice":"Ignored","floor":5.0,"gold_loss":0.0,"damage_taken":0.0},{"damage_healed":0.0,"max_hp_gain":0.0,"max_hp_loss":0.0,"gold_gain":30.0,"event_name":"Dead Adventurer","player_choice":"Searched \u00271\u0027 times","floor":11.0,"gold_loss":0.0,"damage_taken":0.0}],"is_beta":false,"boss_relics":[],"items_purged_floors":[],"is_endless":false,"potions_floor_spawned":[1,7,10,13],"killed_by":"Slime Boss","ascension_level":20}