{"gold_per_floor":[112,131,142,152,170,170,195,195,195,225,225,245,256,275,275,374,374,389,245,264,274,274,274,274],"floor_reached":24,"playtime":2585,"items_purged":["Strike_B"],"score":367,"play_id":"48406fee-552c-49cd-b463-a4a144882172","local_time":"20190922204218","is_ascension_mode":true,"campfire_choices":[{"data":"Conserve Battery","floor":6.0,"key":"SMITH"},{"data":"Conserve Battery","floor":8.0,"key":"SMITH"},{"data":"Ball Lightning","floor":11.0,"key":"SMITH"},{"floor":15.0,"key":"REST"},{"data":"Cold Snap","floor":23,"key":"SMITH"}],"neow_cost":"NONE","seed_source_timestamp":0,"circlet_count":0,"master_deck":["AscendersBane","Strike_B","Strike_B","Strike_B","Defend_B","Defend_B","Defend_B","Defend_B","Zap","Dualcast","Conserve Battery+1","Conserve Battery+1","Ball Lightning+1","White Noise","Defragment","Echo Form","Cold Snap+1","Self Repair","Defragment"],"special_seed":0,"relics":["Cracked Core","Blue Candle","Bag of Marbles","Orichalcum","Coffee Dripper","MutagenicStrength"],"potions_floor_usage":[24],"damage_taken":[{"damage":1.0,"enemies":"Cultist","floor":1.0,"turns":4.0},{"damage":5.0,"enemies":"Small Slimes","floor":2.0,"turns":4.0},{"damage":0.0,"enemies":"2 Louse","floor":3.0,"turns":3.0},{"damage":21.0,"enemies":"Lots of Slimes","floor":4.0,"turns":5.0},{"damage":1.0,"enemies":"Exordium Wildlife","floor":5.0,"turns":3.0},{"damage":0.0,"enemies":"Lagavulin","floor":7.0,"turns":6.0},{"damage":28.0,"enemies":"Gremlin Nob","floor":10.0,"turns":5.0},{"damage":3.0,"enemies":"Blue Slaver","floor":12.0,"turns":4.0},{"damage":5.0,"enemies":"Red Slaver","floor":13.0,"turns":4.0},{"damage":7.0,"enemies":"Exordium Thugs","floor":14.0,"turns":4.0},{"damage":19.0,"enemies":"Slime Boss","floor":16.0,"turns":11.0},{"damage":13.0,"enemies":"Spheric Guardian","floor":18.0,"turns":5.0},{"damage":8.0,"enemies":"Shell Parasite","floor":20.0,"turns":6.0},{"damage":21.0,"enemies":"Snake Plant","floor":21.0,"turns":5.0},{"damage":50,"enemies":"Slavers","floor":24,"turns":4}],"seed_played":"8588052500273515773","potions_obtained":[{"floor":2.0,"key":"Swift Potion"},{"floor":5.0,"key":"Explosive Potion"},{"floor":10.0,"key":"SteroidPotion"},{"floor":12.0,"key":"Block Potion"},{"floor":14.0,"key":"Weak Potion"},{"floor":20.0,"key":"AttackPotion"},{"floor":21.0,"key":"EssenceOfSteel"}],"is_trial":false,"path_per_floor":["M","M","M","M","M","R","E","R","T","E","R","M","M","M","R","B",null,"M","$","M","M","?","R","E"],"character_chosen":"DEFECT","items_purchased":["Self Repair"],"campfire_rested":1,"item_purchase_floors":[19],"current_hp_per_floor":[74,69,69,48,47,47,47,47,47,19,19,16,11,4,28,9,64,51,51,57,43,43,43,0],"gold":274,"neow_bonus":"TEN_PERCENT_HP_BONUS","is_prod":false,"is_daily":false,"chose_seed":false,"campfire_upgraded":4,"win_rate":0,"timestamp":1569199338,"path_taken":["M","M","M","?","M","R","E","R","T","E","R","M","M","M","R","BOSS","M","?","M","M","?","R","E"],"build_version":"2019-07-17","purchased_purges":1,"victory":false,"max_hp_per_floor":[82,82,82,82,82,82,82,82,82,82,82,82,82,82,82,82,82,82,82,82,82,82,82,82],"card_choices":[{"not_picked":["Redo","Compile Driver","Sweeping Beam"],"picked":"SKIP","floor":1.0},{"not_picked":["Lockon","White Noise"],"picked":"Conserve Battery","floor":2.0},{"not_picked":["BootSequence","Beam Cell"],"picked":"Conserve Battery","floor":3.0},{"not_picked":["Conserve Battery","Turbo"],"picked":"Ball Lightning","floor":4.0},{"not_picked":["Turbo","Beam Cell"],"picked":"White Noise","floor":5.0},{"not_picked":["Compile Driver","Multi-Cast"],"picked":"Defragment","floor":7.0},{"not_picked":["Go for the Eyes","Gash"],"picked":"Echo Form","floor":10.0},{"not_picked":["Static Discharge","Darkness","Conserve Battery"],"picked":"SKIP","floor":12.0},{"not_picked":["Skim","Beam Cell"],"picked":"Cold Snap","floor":13.0},{"not_picked":["Skim","Undo","Go for the Eyes"],"picked":"SKIP","floor":14.0},{"not_picked":["FTL","Leap","Scrape"],"picked":"SKIP","floor":18.0},{"not_picked":["Steam+1","Cold Snap","Chaos"],"picked":"SKIP","floor":20.0},{"not_picked":["Storm+1","Conserve Battery"],"picked":"Defragment","floor":21.0}],"player_experience":342290,"relics_obtained":[{"floor":7.0,"key":"Blue Candle"},{"floor":9.0,"key":"Bag of Marbles"},{"floor":10.0,"key":"Orichalcum"}],"event_choices":[{"damage_healed":0,"gold_gain":0,"player_choice":"Inject Mutagens","damage_taken":0,"relics_obtained":["MutagenicStrength"],"max_hp_gain":0,"max_hp_loss":0,"event_name":"Drug Dealer","floor":22,"gold_loss":0}],"is_beta":false,"boss_relics":[{"not_picked":["Lizard Tail","Velvet Choker"],"picked":"Coffee Dripper"}],"items_purged_floors":[19],"is_endless":false,"potions_floor_spawned":[2,5,10,12,14,20,21],"killed_by":"Slavers","ascension_level":11}