{"gold_per_floor":[11,11,11,11,11,11,11,29,29,29,44,44,85,100,100,196,196,215,173,173,188,206,206,249,299,299,72,86,109,109,109,109,205,205,219,235,235,305,45,45,66,66,92,92,0,0,0,15,15,15],"floor_reached":51,"playtime":2333,"items_purged":["Shame","Decay"],"score":1287,"play_id":"a7c7bef3-069a-4167-89f4-c566f638e868","local_time":"20190409043310","is_ascension_mode":true,"campfire_choices":[{"data":"Neutralize","floor":6.0,"key":"SMITH"},{"data":"Leg Sweep","floor":10.0,"key":"SMITH"},{"data":"Cloak And Dagger","floor":12.0,"key":"SMITH"},{"floor":15.0,"key":"REST"},{"data":"Cloak And Dagger","floor":23.0,"key":"SMITH"},{"data":"1","floor":30.0,"key":"LIFT"},{"data":"2","floor":32.0,"key":"LIFT"},{"data":"Envenom","floor":40,"key":"SMITH"},{"data":"3","floor":42,"key":"LIFT"},{"data":"Injury","floor":44,"key":"PURGE"},{"data":"Infinite Blades","floor":49,"key":"SMITH"}],"neow_cost":"NO_GOLD","seed_source_timestamp":347793151189123,"circlet_count":0,"master_deck":["AscendersBane","Defend_G+1","Defend_G+1","Defend_G+1","Defend_G+1","Defend_G+1","Strike_G+1","Strike_G+1","Strike_G+1","Survivor","Neutralize+1","Poisoned Stab","Leg Sweep+1","Cloak And Dagger+1","Infinite Blades+1","Leg Sweep","After Image+1","Backflip","Bouncing Flask+1","Cloak And Dagger+1","Calculated Gamble","Backflip","Envenom+1","Backflip","Corpse Explosion","Quick Slash+1","Crippling Poison","Calculated Gamble+1"],"special_seed":0,"relics":["Ring of the Snake","Bird Faced Urn","Golden Idol","FaceOfCleric","Bottled Flame","Question Card","Cursed Key","Peace Pipe","Girya","Busted Crown","Bottled Lightning","Snake Skull","Ancient Tea Set","Red Mask"],"potions_floor_usage":[50,50],"damage_taken":[{"damage":0.0,"enemies":"2 Louse","floor":1.0,"turns":3.0},{"damage":1.0,"enemies":"Small Slimes","floor":8.0,"turns":5.0},{"damage":0.0,"enemies":"Cultist","floor":11.0,"turns":4.0},{"damage":41.0,"enemies":"Gremlin Nob","floor":13.0,"turns":6.0},{"damage":1.0,"enemies":"3 Louse","floor":14.0,"turns":4.0},{"damage":27.0,"enemies":"Hexaghost","floor":16.0,"turns":15.0},{"damage":0.0,"enemies":"Shell Parasite","floor":18.0,"turns":11.0},{"damage":9.0,"enemies":"2 Thieves","floor":19.0,"turns":5.0},{"damage":14.0,"enemies":"Chosen and Byrds","floor":21.0,"turns":7.0},{"damage":3.0,"enemies":"Snecko","floor":22.0,"turns":9.0},{"damage":6.0,"enemies":"Book of Stabbing","floor":24.0,"turns":7.0},{"damage":4.0,"enemies":"Shelled Parasite and Fungi","floor":28.0,"turns":9.0},{"damage":1.0,"enemies":"Snake Plant","floor":29.0,"turns":10.0},{"damage":30.0,"enemies":"Automaton","floor":33.0,"turns":14.0},{"damage":0.0,"enemies":"Orb Walker","floor":35.0,"turns":4.0},{"damage":26.0,"enemies":"3 Darklings","floor":36.0,"turns":5.0},{"damage":6,"enemies":"Maw","floor":41,"turns":7},{"damage":0,"enemies":"Writhing Mass","floor":48,"turns":6},{"damage":10,"enemies":"Donu and Deca","floor":50,"turns":6}],"seed_played":"4469996510307464263","potions_obtained":[{"floor":13.0,"key":"Fire Potion"},{"floor":14.0,"key":"Block Potion"},{"floor":19.0,"key":"EssenceOfSteel"},{"floor":22.0,"key":"PowerPotion"},{"floor":24.0,"key":"Poison Potion"},{"floor":29.0,"key":"Dexterity Potion"},{"floor":33.0,"key":"EssenceOfSteel"},{"floor":35.0,"key":"PowerPotion"}],"is_trial":false,"path_per_floor":["M","?","?","?","?","R","$","M","T","R","M","R","E","M","R","B",null,"M","M","?","M","M","R","E","?","T","$","M","M","R","?","R","B",null,"M","M","?","T","$","R","M","R","T","R","?","$","?","M","R","B",null],"character_chosen":"THE_SILENT","items_purchased":["Envenom","Snake Skull"],"campfire_rested":1,"item_purchase_floors":[27,39],"current_hp_per_floor":[59,59,52,52,52,52,52,52,52,52,53,53,13,15,34,10,51,56,52,52,43,45,45,46,46,46,46,49,55,55,55,55,32,63,68,49,49,49,49,49,50,50,50,50,50,50,62,63,63,54],"gold":15,"neow_bonus":"ONE_RARE_RELIC","is_prod":false,"is_daily":false,"chose_seed":false,"campfire_upgraded":6,"win_rate":0,"timestamp":1554809590,"path_taken":["M","?","?","?","?","R","$","?","T","R","M","R","E","M","R","BOSS","M","M","?","?","M","R","E","?","T","$","?","M","R","?","R","BOSS","M","M","?","?","$","R","M","R","T","R","?","?","?","M","R","BOSS"],"build_version":"2019-01-23","purchased_purges":2,"victory":true,"max_hp_per_floor":[66,66,66,60,60,60,60,61,61,61,62,62,63,64,64,65,65,66,67,67,68,69,69,70,70,70,70,71,72,72,72,72,73,73,74,75,75,75,75,75,76,76,76,76,76,76,62,63,63,64],"card_choices":[{"not_picked":["Sucker Punch","Acrobatics"],"picked":"Poisoned Stab","floor":1.0},{"not_picked":["Escape Plan","Bane"],"picked":"Leg Sweep","floor":8.0},{"not_picked":["Bouncing Flask","Terror"],"picked":"Cloak And Dagger","floor":11.0},{"not_picked":["Phantasmal Killer","Blade Dance"],"picked":"Infinite Blades","floor":13.0},{"not_picked":["Underhanded Strike","Dagger Spray","Deflect"],"picked":"Leg Sweep","floor":14.0},{"not_picked":["Wraith Form v2","Glass Knife","Venomology"],"picked":"After Image","floor":16.0},{"not_picked":["Deflect","Crippling Poison","Cloak And Dagger"],"picked":"Backflip","floor":18.0},{"not_picked":["Flechettes","Calculated Gamble","Choke"],"picked":"Bouncing Flask+1","floor":19.0},{"not_picked":["Blade Dance","Finisher","Underhanded Strike"],"picked":"Cloak And Dagger","floor":21.0},{"not_picked":["Doppelganger","Prepared","Predator"],"picked":"Calculated Gamble","floor":22.0},{"not_picked":["Acrobatics+1","Masterful Stab","Escape Plan"],"picked":"Backflip","floor":24.0},{"not_picked":["Calculated Gamble","Quick Slash","All Out Attack"],"picked":"Backflip","floor":28.0},{"not_picked":["Setup","Deflect","Leg Sweep","Poisoned Stab"],"picked":"SKIP","floor":29.0},{"not_picked":["Grand Finale","Envenom","After Image"],"picked":"Corpse Explosion","floor":33.0},{"not_picked":["Eviscerate"],"picked":"Quick Slash+1","floor":35.0},{"not_picked":["Prepared"],"picked":"Crippling Poison","floor":36.0},{"not_picked":["Finisher","Crippling Poison+1"],"picked":"SKIP","floor":41},{"not_picked":["Dagger Throw+1"],"picked":"Calculated Gamble+1","floor":48}],"player_experience":992421,"relics_obtained":[{"floor":9.0,"key":"Bottled Flame"},{"floor":13.0,"key":"Question Card"},{"floor":24.0,"key":"Peace Pipe"},{"floor":26.0,"key":"Girya"},{"floor":38,"key":"Bottled Lightning"},{"floor":43,"key":"Ancient Tea Set"}],"event_choices":[{"cards_removed":["Strike_G"],"damage_healed":0.0,"max_hp_gain":0.0,"max_hp_loss":0.0,"gold_gain":0.0,"event_name":"Living Wall","player_choice":"Forget","floor":2.0,"gold_loss":0.0,"damage_taken":0.0},{"cards_removed":["Strike_G"],"damage_healed":0.0,"max_hp_gain":0.0,"max_hp_loss":0.0,"gold_gain":0.0,"event_name":"Golden Wing","player_choice":"Card Removal","floor":3.0,"gold_loss":0.0,"damage_taken":7.0},{"damage_healed":0.0,"max_hp_gain":0.0,"max_hp_loss":6.0,"gold_gain":0.0,"event_name":"Golden Idol","player_choice":"Lose Max HP","floor":4.0,"gold_loss":0.0,"damage_taken":0.0,"relics_obtained":["Golden Idol"]},{"damage_healed":0.0,"max_hp_gain":0.0,"max_hp_loss":0.0,"gold_gain":0.0,"event_name":"FaceTrader","player_choice":"Trade","floor":5.0,"gold_loss":0.0,"damage_taken":0.0,"relics_obtained":["FaceOfCleric"]},{"damage_healed":0.0,"max_hp_gain":0.0,"max_hp_loss":0.0,"gold_gain":0.0,"event_name":"Accursed Blacksmith","player_choice":"Forge","floor":20.0,"gold_loss":0.0,"damage_taken":0.0,"cards_upgraded":["After Image"]},{"damage_healed":0.0,"max_hp_gain":0.0,"max_hp_loss":0.0,"gold_gain":100.0,"event_name":"The Joust","player_choice":"Bet on Murderer","floor":25.0,"gold_loss":50.0,"damage_taken":0.0},{"damage_healed":0.0,"max_hp_gain":0.0,"max_hp_loss":0.0,"gold_gain":0.0,"event_name":"Back to Basics","player_choice":"Simplicity","floor":31.0,"gold_loss":0.0,"damage_taken":0.0,"cards_upgraded":["Defend_G","Defend_G","Defend_G","Defend_G","Defend_G","Strike_G","Strike_G","Strike_G"]},{"damage_healed":0,"gold_gain":0,"player_choice":"Ignored","damage_taken":0,"max_hp_gain":0,"max_hp_loss":0,"event_name":"Mysterious Sphere","floor":37,"gold_loss":0},{"damage_healed":0,"gold_gain":0,"player_choice":"Paid","damage_taken":0,"relics_obtained":["Red Mask"],"max_hp_gain":0,"max_hp_loss":0,"event_name":"Tomb of Lord Red Mask","floor":45,"gold_loss":92},{"damage_healed":62,"gold_gain":0,"player_choice":"Heal","damage_taken":0,"max_hp_gain":0,"max_hp_loss":14,"event_name":"The Moai Head","floor":47,"gold_loss":0}],"is_beta":false,"boss_relics":[{"not_picked":["Black Star","Lizard Tail"],"picked":"Cursed Key"},{"not_picked":["Pandora\u0027s Box","Calling Bell"],"picked":"Busted Crown"}],"items_purged_floors":[27,39],"is_endless":false,"potions_floor_spawned":[13,14,19,22,24,29,33,35,48],"ascension_level":18}