{"gold_per_floor":[113,125,125,200,210,241,241,29,29,58,73,93,108,143,143,245,245,245,245,160,160,160,160,160,160,160,160,160,160,160,160,160,160,160,160,160,160,160,15,15,15,15,15,15,15,15,15,15,15,15,15,15,15,15,15],"floor_reached":56,"playtime":2416,"items_purged":["Normality"],"score":1514,"play_id":"33df757d-5772-4fb4-8cca-6b8c0c3a855f","local_time":"20190912040607","daily_mods":["Chimera","Vintage","Night Terrors"],"is_ascension_mode":true,"campfire_choices":[{"floor":7,"key":"REST"},{"data":"Cloak And Dagger","floor":15,"key":"SMITH"},{"data":"Bouncing Flask","floor":24,"key":"SMITH"},{"data":"Bane","floor":27,"key":"SMITH"},{"floor":32,"key":"RECALL"},{"floor":41,"key":"DIG"},{"floor":45,"key":"DIG"},{"floor":47,"key":"DIG"},{"floor":49,"key":"REST"},{"floor":52,"key":"DIG"}],"neow_cost":"","seed_source_timestamp":0,"circlet_count":0,"master_deck":["Bash","Survivor","Zap+1","Strike_G+1","Strike_B","Defend_R","Defend_G","Defend_B+1","Cloak And Dagger+1","Backflip","Caltrops+1","Bouncing Flask+1","Bane+1","Well Laid Plans+1","Infinite Blades+1","Adrenaline+1","Flying Knee+1","Infinite Blades+1","Cloak And Dagger+1","Envenom+1","Normality","Pain","Madness+1","Madness+1","Deadly Poison+1","Accuracy+1","Crippling Poison+1","Noxious Fumes+1","Wraith Form v2+1","Blur+1","Flash of Steel+1","Dodge and Roll+1","Backflip+1"],"relics":["Ring of the Snake","Dodecahedron","Frozen Egg 2","Ornamental Fan","Mercury Hourglass","Toxic Egg 2","Pear","Potion Belt","Oddly Smooth Stone","War Paint","Centennial Puzzle","Ectoplasm","Ninja Scroll","Enchiridion","Bronze Scales","Happy Flower","Vajra","MawBank","Juzu Bracelet","Dream Catcher","Gambling Chip","Pen Nib","Calling Bell","Art of War","Mummified Hand","Shovel","Omamori","Calipers","Bottled Tornado","Kunai","Bag of Preparation","Blue Candle","Snake Skull","PreservedInsect","Thread and Needle","Meat on the Bone","Bottled Lightning","Whetstone"],"potions_floor_usage":[16,55,55,55,55,55],"damage_taken":[{"damage":0,"enemies":"Jaw Worm","floor":1,"turns":6},{"damage":0,"enemies":"2 Louse","floor":2,"turns":3},{"damage":1,"enemies":"Cultist","floor":5,"turns":4},{"damage":53,"enemies":"Lagavulin","floor":6,"turns":12},{"damage":7,"enemies":"Gremlin Nob","floor":10,"turns":3},{"damage":13,"enemies":"3 Louse","floor":11,"turns":3},{"damage":9,"enemies":"2 Fungi Beasts","floor":12,"turns":3},{"damage":0,"enemies":"Looter","floor":13,"turns":4},{"damage":0,"enemies":"3 Sentries","floor":14,"turns":6},{"damage":0,"enemies":"Hexaghost","floor":16,"turns":7},{"damage":0,"enemies":"Chosen","floor":18,"turns":3},{"damage":0,"enemies":"Shell Parasite","floor":22,"turns":3},{"damage":12,"enemies":"Gremlin Leader","floor":23,"turns":4},{"damage":1,"enemies":"Slavers","floor":25,"turns":4},{"damage":0,"enemies":"Snecko","floor":28,"turns":2},{"damage":0,"enemies":"Shelled Parasite and Fungi","floor":29,"turns":3},{"damage":11,"enemies":"Book of Stabbing","floor":30,"turns":3},{"damage":12,"enemies":"Collector","floor":33,"turns":6},{"damage":2,"enemies":"Orb Walker","floor":35,"turns":2},{"damage":7,"enemies":"Mind Bloom Boss Battle","floor":38,"turns":6},{"damage":24,"enemies":"Reptomancer","floor":40,"turns":4},{"damage":5,"enemies":"3 Darklings","floor":42,"turns":3},{"damage":1,"enemies":"Giant Head","floor":44,"turns":5},{"damage":1,"enemies":"Reptomancer","floor":46,"turns":2},{"damage":8,"enemies":"Awakened One","floor":50,"turns":10},{"damage":16,"enemies":"Shield and Spear","floor":54,"turns":3},{"damage":45,"enemies":"The Heart","floor":55,"turns":6}],"seed_played":"6748492916424391150","potions_obtained":[{"floor":10,"key":"Explosive Potion"},{"floor":12,"key":"Block Potion"},{"floor":13,"key":"Strength Potion"},{"floor":14,"key":"Poison Potion"},{"floor":16,"key":"Fire Potion"},{"floor":25,"key":"Energy Potion"},{"floor":30,"key":"Regen Potion"},{"floor":44,"key":"SpeedPotion"}],"is_trial":true,"path_per_floor":["M","M","?","?","M","E","R","$","T","E","M","M","M","E","R","B",null,"M","?","?","T","M","E","R","E","T","R","M","M","E","?","R","B",null,"M","?","?","?","$","E","R","M","T","E","R","E","R","?","R","B",null,"R","$","E","B",null],"character_chosen":"THE_SILENT","items_purchased":["Backflip","Caltrops+1","Bouncing Flask","Bane","Crippling Poison+1"],"campfire_rested":2,"item_purchase_floors":[8,8,8,8,39],"current_hp_per_floor":[70,70,70,59,58,5,65,65,65,68,55,46,46,46,46,46,75,75,59,59,59,59,47,47,46,46,46,46,46,35,35,35,23,75,73,64,64,57,57,33,33,28,28,27,27,26,26,26,70,62,70,70,70,54,36],"gold":15,"neow_bonus":"","is_prod":false,"is_daily":false,"chose_seed":false,"campfire_upgraded":3,"win_rate":0,"timestamp":1568286367,"path_taken":["M","M","?","?","M","E","R","$","T","E","M","M","M","E","R","BOSS","M","?","?","?","M","E","R","E","T","R","M","M","E","?","R","BOSS","M","?","?","?","$","E","R","M","T","E","R","E","R","?","R","BOSS","R","$","E","BOSS"],"build_version":"2019-07-17","purchased_purges":1,"victory":true,"max_hp_per_floor":[70,70,70,70,70,70,65,65,65,75,75,75,75,75,75,75,75,75,75,75,75,75,75,75,75,75,75,75,75,75,75,75,75,75,75,75,75,75,75,75,75,75,75,75,75,75,75,75,70,70,70,70,70,70,70],"card_choices":[{"not_picked":["Poisoned Stab","PiercingWail"],"picked":"Cloak And Dagger","floor":6},{"not_picked":["Flying Knee","Underhanded Strike"],"picked":"Well Laid Plans+1","floor":10},{"not_picked":["Dagger Throw","Tactician+1"],"picked":"Infinite Blades+1","floor":14},{"not_picked":["Doppelganger+1","Grand Finale"],"picked":"Adrenaline+1","floor":16},{"not_picked":["Outmaneuver+1","Prepared+1","Heel Hook"],"picked":"SKIP","floor":23},{"not_picked":["Tactician+1","Quick Slash+1"],"picked":"Flying Knee+1","floor":25},{"not_picked":["Doppelganger+1","Reflex+1"],"picked":"Infinite Blades+1","floor":30},{"not_picked":["Venomology+1","Corpse Explosion+1"],"picked":"Envenom+1","floor":33},{"not_picked":["Eviscerate+1","Outmaneuver+1"],"picked":"Accuracy+1","floor":38},{"not_picked":["Dagger Throw+1","Dagger Spray"],"picked":"Noxious Fumes+1","floor":40},{"not_picked":["Infinite Blades+1","Bullet Time+1"],"picked":"Wraith Form v2+1","floor":44},{"not_picked":["Quick Slash","Dash+1"],"picked":"Blur+1","floor":46},{"not_picked":["PanicButton+1","Transmutation+1"],"picked":"Flash of Steel","floor":48},{"not_picked":["Poisoned Stab","Heel Hook+1"],"picked":"Dodge and Roll+1","floor":49},{"not_picked":["Quick Slash","Venomology+1"],"picked":"Backflip+1","floor":54}],"player_experience":1119827,"relics_obtained":[{"floor":1,"key":"Dodecahedron"},{"floor":2,"key":"Frozen Egg 2"},{"floor":5,"key":"Ornamental Fan"},{"floor":6,"key":"Mercury Hourglass"},{"floor":9,"key":"Toxic Egg 2"},{"floor":10,"key":"Pear"},{"floor":11,"key":"Potion Belt"},{"floor":12,"key":"Oddly Smooth Stone"},{"floor":13,"key":"War Paint"},{"floor":14,"key":"Centennial Puzzle"},{"floor":18,"key":"Ninja Scroll"},{"floor":19,"key":"Enchiridion"},{"floor":21,"key":"Happy Flower"},{"floor":22,"key":"Vajra"},{"floor":23,"key":"MawBank"},{"floor":25,"key":"Juzu Bracelet"},{"floor":28,"key":"Dream Catcher"},{"floor":29,"key":"Gambling Chip"},{"floor":30,"key":"Pen Nib"},{"floor":34,"key":"Art of War"},{"floor":34,"key":"Mummified Hand"},{"floor":34,"key":"Shovel"},{"floor":35,"key":"Omamori"},{"floor":38,"key":"Calipers"},{"floor":40,"key":"Bottled Tornado"},{"floor":41,"key":"Kunai"},{"floor":42,"key":"Bag of Preparation"},{"floor":43,"key":"Blue Candle"},{"floor":44,"key":"Snake Skull"},{"floor":45,"key":"PreservedInsect"},{"floor":46,"key":"Thread and Needle"},{"floor":47,"key":"Meat on the Bone"},{"floor":52,"key":"Bottled Lightning"},{"floor":54,"key":"Whetstone"}],"event_choices":[{"damage_healed":0,"gold_gain":0,"player_choice":"Ignored","damage_taken":0,"max_hp_gain":0,"max_hp_loss":0,"event_name":"Golden Wing","floor":3,"gold_loss":0},{"damage_healed":0,"gold_gain":75,"player_choice":"Gather Gold","damage_taken":11,"max_hp_gain":0,"max_hp_loss":0,"event_name":"World of Goop","floor":4,"gold_loss":0},{"damage_healed":0,"gold_gain":0,"player_choice":"Obtained Book","damage_taken":16,"max_hp_gain":0,"max_hp_loss":0,"event_name":"Cursed Tome","floor":19,"gold_loss":0},{"damage_healed":0,"gold_gain":0,"player_choice":"Obtained Relic","damage_taken":0,"relics_obtained":["Bronze Scales"],"max_hp_gain":0,"max_hp_loss":0,"event_name":"Addict","floor":20,"gold_loss":85},{"damage_healed":0,"gold_gain":0,"player_choice":"Copied","damage_taken":0,"max_hp_gain":0,"max_hp_loss":0,"event_name":"Duplicator","floor":31,"gold_loss":0,"cards_obtained":["Cloak And Dagger"]},{"damage_healed":0,"gold_gain":0,"player_choice":"Embrace Madness","damage_taken":9,"max_hp_gain":0,"max_hp_loss":0,"event_name":"Winding Halls","floor":36,"gold_loss":0,"cards_obtained":["Madness","Madness"]},{"damage_healed":0,"gold_gain":0,"cards_transformed":["Strike_R"],"player_choice":"Transformed","damage_taken":0,"max_hp_gain":0,"max_hp_loss":0,"event_name":"Transmorgrifier","floor":37,"gold_loss":0,"cards_obtained":["Deadly Poison"]},{"damage_healed":0,"gold_gain":0,"player_choice":"Fight","damage_taken":0,"max_hp_gain":0,"max_hp_loss":0,"event_name":"MindBloom","floor":38,"gold_loss":0},{"damage_healed":0,"gold_gain":0,"player_choice":"Memory 1","damage_taken":0,"max_hp_gain":0,"max_hp_loss":0,"event_name":"SensoryStone","floor":48,"gold_loss":0}],"is_beta":false,"boss_relics":[{"not_picked":["Runic Pyramid","Sozu"],"picked":"Ectoplasm"},{"not_picked":["HoveringKite","White Beast Statue"],"picked":"Calling Bell"}],"items_purged_floors":[39],"is_endless":false,"potions_floor_spawned":[10,12,13,14,16,25,28,30,35,44],"ascension_level":1}