{"gold_per_floor":[118,130,130,49,60,60,60,60,60,70,90,100,100,113,113,211,211,211,0,0,75,89,89,107,107,107,118,131,150,150,161,161,262,262,276,276,124,124,124,124,141,141,223,223,240,340,340,359,359,359],"floor_reached":50,"playtime":2288,"items_purged":["Strike_G"],"score":461,"play_id":"29cf4667-9b59-42a3-8d95-963aed6ca5f4","local_time":"20190405152218","is_ascension_mode":false,"campfire_choices":[{"data":"Noxious Fumes","floor":6.0,"key":"SMITH"},{"data":"Neutralize","floor":8.0,"key":"SMITH"},{"data":"After Image","floor":15.0,"key":"SMITH"},{"data":"Envenom","floor":23.0,"key":"SMITH"},{"data":"Blade Dance","floor":25.0,"key":"SMITH"},{"data":"Cloak And Dagger","floor":30.0,"key":"SMITH"},{"floor":32.0,"key":"REST"},{"data":"Infinite Blades","floor":40.0,"key":"SMITH"},{"data":"Adrenaline","floor":42.0,"key":"SMITH"},{"floor":47.0,"key":"REST"},{"floor":49.0,"key":"REST"}],"neow_cost":"NONE","seed_source_timestamp":41348983545256,"circlet_count":0,"master_deck":["Defend_G","Defend_G","Defend_G","Defend_G","Strike_G","Strike_G","Survivor","Neutralize+1","PiercingWail","Slice","Noxious Fumes+1","Expertise","After Image+1","Well Laid Plans","Bane","Adrenaline+1","Envenom+1","Blade Dance+1","PiercingWail","Escape Plan","Slice+1","Backflip","Cloak And Dagger+1","Blade Dance+1","Deflect+1","Infinite Blades+1","Madness","Madness","Deflect","Setup+1"],"special_seed":0,"relics":["WristBlade"],"potions_floor_usage":[50],"damage_taken":[{"damage":0.0,"enemies":"Jaw Worm","floor":1.0,"turns":4.0},{"damage":0.0,"enemies":"Cultist","floor":2.0,"turns":5.0},{"damage":0.0,"enemies":"Small Slimes","floor":5.0,"turns":3.0},{"damage":0.0,"enemies":"3 Louse","floor":10.0,"turns":4.0},{"damage":5.0,"enemies":"2 Fungi Beasts","floor":11.0,"turns":4.0},{"damage":0.0,"enemies":"Gremlin Gang","floor":12.0,"turns":6.0},{"damage":4.0,"enemies":"3 Louse","floor":14.0,"turns":3.0},{"damage":17.0,"enemies":"Hexaghost","floor":16.0,"turns":11.0},{"damage":0.0,"enemies":"2 Thieves","floor":18.0,"turns":1.0},{"damage":12.0,"enemies":"3 Byrds","floor":22.0,"turns":6.0},{"damage":5.0,"enemies":"Cultist and Chosen","floor":24.0,"turns":6.0},{"damage":8.0,"enemies":"Snake Plant","floor":27.0,"turns":5.0},{"damage":2.0,"enemies":"Shelled Parasite and Fungi","floor":28.0,"turns":5.0},{"damage":1.0,"enemies":"Chosen and Byrds","floor":29.0,"turns":6.0},{"damage":10.0,"enemies":"Centurion and Healer","floor":31.0,"turns":6.0},{"damage":19.0,"enemies":"Collector","floor":33.0,"turns":9.0},{"damage":1.0,"enemies":"Orb Walker","floor":35.0,"turns":3.0},{"damage":3.0,"enemies":"3 Shapes","floor":41.0,"turns":5.0},{"damage":36.0,"enemies":"Transient","floor":45.0,"turns":5.0},{"damage":21.0,"enemies":"3 Darklings","floor":48.0,"turns":6.0},{"damage":58,"enemies":"Donu and Deca","floor":50,"turns":9}],"seed_played":"5068425981497658517","potions_obtained":[{"floor":5.0,"key":"Weak Potion"},{"floor":10.0,"key":"AttackPotion"},{"floor":14.0,"key":"SmokeBomb"},{"floor":22.0,"key":"Energy Potion"},{"floor":24.0,"key":"AttackPotion"},{"floor":48.0,"key":"GhostInAJar"}],"is_trial":false,"path_per_floor":["M","M","?","$","M","R","$","R","T","M","M","M","?","M","R","B",null,"M","?","?","?","M","R","M","R","T","M","M","M","R","M","R","B",null,"M","?","$","?","?","R","M","R","T","?","M","?","R","M","R","B"],"character_chosen":"THE_SILENT","items_purchased":["Noxious Fumes","Infinite Blades"],"campfire_rested":3,"item_purchase_floors":[4,37],"current_hp_per_floor":[70,70,70,70,70,70,70,70,70,70,65,65,70,66,66,49,75,75,75,75,68,56,56,51,51,51,43,41,40,40,30,52,33,75,74,74,74,65,65,65,62,62,62,62,26,26,48,27,49,0],"gold":359,"neow_bonus":"BOSS_RELIC","is_prod":false,"is_daily":false,"chose_seed":false,"campfire_upgraded":8,"win_rate":0,"timestamp":1554502938,"path_taken":["M","M","?","$","?","R","?","R","T","M","M","M","?","M","R","BOSS","M","?","?","?","M","R","M","R","T","M","M","M","R","?","R","BOSS","M","?","$","?","?","R","M","R","T","?","?","?","R","?","R","BOSS"],"build_version":"2019-01-23","purchased_purges":1,"victory":false,"max_hp_per_floor":[70,70,70,70,70,70,70,70,70,70,70,70,75,75,75,75,75,75,75,75,75,75,75,75,75,75,75,75,75,75,75,75,75,75,75,75,75,75,75,75,75,75,75,75,75,75,75,75,75,75],"card_choices":[{"not_picked":["Prepared","Dagger Spray"],"picked":"PiercingWail","floor":1.0},{"not_picked":["Well Laid Plans","Sucker Punch"],"picked":"Slice","floor":2.0},{"not_picked":["Skewer","Expertise","Burst"],"picked":"SKIP","floor":5.0},{"not_picked":["Skewer","Burst"],"picked":"Expertise","floor":5.0},{"not_picked":["Outmaneuver","Poisoned Stab","Acrobatics"],"picked":"SKIP","floor":10.0},{"not_picked":["Cloak And Dagger","Poisoned Stab"],"picked":"After Image","floor":11.0},{"not_picked":["Dagger Spray","Quick Slash"],"picked":"Well Laid Plans","floor":12.0},{"not_picked":["PiercingWail","Eviscerate"],"picked":"Bane","floor":14.0},{"not_picked":["A Thousand Cuts","Corpse Explosion"],"picked":"Adrenaline","floor":16.0},{"not_picked":["Underhanded Strike+1","Well Laid Plans"],"picked":"PiercingWail","floor":22.0},{"not_picked":["Dodge and Roll+1","Distraction"],"picked":"Escape Plan","floor":24.0},{"not_picked":["Underhanded Strike+1","Distraction+1"],"picked":"Slice+1","floor":27.0},{"not_picked":["Well Laid Plans","Deadly Poison"],"picked":"Backflip","floor":28.0},{"not_picked":["Blur","Expertise"],"picked":"Cloak And Dagger","floor":29.0},{"not_picked":["Caltrops","Deflect"],"picked":"Blade Dance+1","floor":31.0},{"not_picked":["Underhanded Strike","Flying Knee"],"picked":"Deflect+1","floor":35.0},{"not_picked":["Leg Sweep","Reflex"],"picked":"Deflect","floor":41.0},{"not_picked":["All Out Attack","Dagger Throw","Distraction+1"],"picked":"SKIP","floor":45.0},{"not_picked":["Sucker Punch+1","Blur"],"picked":"Setup+1","floor":48.0}],"player_experience":948752,"relics_obtained":[],"event_choices":[{"damage_healed":0.0,"max_hp_gain":0.0,"max_hp_loss":0.0,"gold_gain":0.0,"event_name":"WeMeetAgain","player_choice":"Ignored","floor":3.0,"gold_loss":0.0,"damage_taken":0.0},{"damage_healed":0.0,"max_hp_gain":5.0,"max_hp_loss":0.0,"gold_gain":0.0,"event_name":"Big Fish","player_choice":"Donut","floor":13.0,"gold_loss":0.0,"damage_taken":0.0},{"damage_healed":0.0,"max_hp_gain":0.0,"max_hp_loss":0.0,"gold_gain":0.0,"event_name":"Masked Bandits","player_choice":"Paid Fearfully","floor":19.0,"gold_loss":211.0,"damage_taken":0.0},{"damage_healed":0.0,"max_hp_gain":0.0,"max_hp_loss":0.0,"gold_gain":0.0,"cards_transformed":["Strike_G","Strike_G"],"event_name":"Drug Dealer","player_choice":"Became Test Subject","floor":20.0,"gold_loss":0.0,"damage_taken":0.0,"cards_obtained":["Envenom","Blade Dance"]},{"damage_healed":0.0,"max_hp_gain":0.0,"max_hp_loss":0.0,"gold_gain":75.0,"event_name":"FaceTrader","player_choice":"Touch","floor":21.0,"gold_loss":0.0,"damage_taken":7.0},{"cards_removed":["Defend_G"],"damage_healed":0.0,"max_hp_gain":0.0,"max_hp_loss":0.0,"gold_gain":0.0,"event_name":"Falling","player_choice":"Removed Skill","floor":36.0,"gold_loss":0.0,"damage_taken":0.0},{"damage_healed":0.0,"max_hp_gain":0.0,"max_hp_loss":0.0,"gold_gain":0.0,"event_name":"Winding Halls","player_choice":"Embrace Madness","floor":38.0,"gold_loss":0.0,"damage_taken":9.0,"cards_obtained":["Madness","Madness"]},{"damage_healed":0.0,"max_hp_gain":0.0,"max_hp_loss":0.0,"gold_gain":0.0,"event_name":"Tomb of Lord Red Mask","player_choice":"Ignored","floor":39.0,"gold_loss":0.0,"damage_taken":0.0},{"damage_healed":0.0,"max_hp_gain":0.0,"max_hp_loss":0.0,"gold_gain":0.0,"event_name":"Mysterious Sphere","player_choice":"Ignored","floor":44.0,"gold_loss":0.0,"damage_taken":0.0},{"damage_healed":0.0,"max_hp_gain":0.0,"max_hp_loss":0.0,"gold_gain":100.0,"event_name":"Golden Shrine","player_choice":"Pray","floor":46.0,"gold_loss":0.0,"damage_taken":0.0}],"is_beta":false,"boss_relics":[{"not_picked":["Cursed Key","Orrery","Runic Dome"]},{"not_picked":["Snecko Eye","Fusion Hammer","Empty Cage"]}],"items_purged_floors":[37],"is_endless":false,"potions_floor_spawned":[5,10,14,16,22,24,48],"killed_by":"Donu and Deca","ascension_level":0}