{"gold_per_floor":[363,363,377,13,13,46,46,57,134,27,27,47,20,37,37,115,115,127,47,47,59,59,39,39,39,84,94,94,104,104,135,135,135],"floor_reached":33,"playtime":1278,"items_purged":["Strike_B"],"score":526,"play_id":"239d1d0c-2ab4-4067-9a62-649350e16b39","local_time":"20190920231451","is_ascension_mode":true,"campfire_choices":[{"floor":7.0,"key":"REST"},{"data":"Coolheaded","floor":11.0,"key":"SMITH"},{"floor":15.0,"key":"REST"},{"data":"Fission","floor":24,"key":"SMITH"},{"floor":30,"key":"REST"},{"floor":32,"key":"REST"}],"neow_cost":"PERCENT_DAMAGE","seed_source_timestamp":288070826829159,"circlet_count":0,"master_deck":["AscendersBane","Strike_B","Strike_B","Strike_B","Defend_B","Defend_B","Defend_B","Defend_B","Zap+1","Dualcast","Beam Cell","Hologram","Capacitor","Ball Lightning","Ball Lightning","All For One","Coolheaded+1","Conserve Battery","Hologram","Core Surge","Fission+1","Loop","Writhe","Gash","Capacitor","Fusion+1","Gash","Gash"],"special_seed":0,"relics":["FrozenCore","Membership Card","Orichalcum","Art of War","Darkstone Periapt","DataDisk","Omamori","Girya"],"potions_floor_usage":[27],"damage_taken":[{"damage":4.0,"enemies":"Jaw Worm","floor":1.0,"turns":4.0},{"damage":0.0,"enemies":"2 Louse","floor":3.0,"turns":1.0},{"damage":27.0,"enemies":"3 Sentries","floor":6.0,"turns":8.0},{"damage":4.0,"enemies":"Small Slimes","floor":8.0,"turns":3.0},{"damage":6.0,"enemies":"Red Slaver","floor":12.0,"turns":2.0},{"damage":6.0,"enemies":"2 Fungi Beasts","floor":14.0,"turns":2.0},{"damage":39.0,"enemies":"Slime Boss","floor":16.0,"turns":9.0},{"damage":16.0,"enemies":"Chosen","floor":18.0,"turns":5.0},{"damage":18,"enemies":"Shell Parasite","floor":21,"turns":7},{"damage":6,"enemies":"Cultist and Chosen","floor":27,"turns":6},{"damage":6,"enemies":"Sentry and Sphere","floor":29,"turns":5},{"damage":50,"enemies":"Slavers","floor":31,"turns":5},{"damage":34,"enemies":"Collector","floor":33,"turns":5}],"seed_played":"8382348375173658202","potions_obtained":[{"floor":1.0,"key":"Fire Potion"},{"floor":6.0,"key":"Strength Potion"},{"floor":8.0,"key":"SpeedPotion"},{"floor":12.0,"key":"Ancient Potion"},{"floor":18.0,"key":"Explosive Potion"}],"is_trial":false,"path_per_floor":["M","?","M","$","?","E","R","M","T","$","R","M","$","M","R","B",null,"M","$","?","M","?","$","R","?","T","M","?","M","R","E","R","B"],"character_chosen":"DEFECT","items_purchased":["Membership Card","Orichalcum","Capacitor","Ball Lightning","All For One","Coolheaded","Hologram","Loop","Capacitor"],"campfire_rested":4,"item_purchase_floors":[4,4,4,4,10,10,13,19,23],"current_hp_per_floor":[42,47,47,47,47,20,42,38,38,38,38,32,32,26,48,9,59,43,43,49,31,37,37,37,37,37,31,31,25,51,1,27,0],"gold":135,"neow_bonus":"TWO_FIFTY_GOLD","is_prod":false,"is_daily":false,"chose_seed":false,"campfire_upgraded":2,"win_rate":0,"timestamp":1569046491,"path_taken":["M","?","M","$","?","E","R","M","T","$","R","M","?","M","R","BOSS","M","$","?","M","?","?","R","?","T","M","?","?","R","E","R","BOSS"],"build_version":"2019-07-17","purchased_purges":1,"victory":false,"max_hp_per_floor":[71,76,76,76,76,76,76,76,76,76,76,76,76,76,76,76,76,76,76,82,82,88,88,88,88,88,88,88,88,88,88,88,88],"card_choices":[{"not_picked":["Doom and Gloom","Turbo"],"picked":"Beam Cell","floor":1.0},{"not_picked":["Go for the Eyes","Barrage"],"picked":"Hologram","floor":3.0},{"not_picked":["Redo","Double Energy"],"picked":"Ball Lightning","floor":6.0},{"not_picked":["Rebound","Redo","Barrage"],"picked":"SKIP","floor":8.0},{"not_picked":["Steam","Ball Lightning"],"picked":"Conserve Battery","floor":12.0},{"not_picked":["Sweeping Beam","Stack"],"picked":"Core Surge","floor":14.0},{"not_picked":["Machine Learning","Thunder Strike"],"picked":"Fission","floor":16.0},{"not_picked":["Double Energy","Conserve Battery","Steam Power"],"picked":"SKIP","floor":18.0},{"not_picked":["Turbo","Rebound"],"picked":"Gash","floor":21},{"not_picked":["Fusion+1","Lockon+1","Rebound"],"picked":"SKIP","floor":27},{"not_picked":["Lockon+1","Rebound"],"picked":"Fusion+1","floor":27},{"not_picked":["Recycle","Undo"],"picked":"Gash","floor":29},{"not_picked":["Redo","Double Energy","Reboot"],"picked":"SKIP","floor":31}],"player_experience":1199189,"relics_obtained":[{"floor":6.0,"key":"Art of War"},{"floor":9.0,"key":"Darkstone Periapt"},{"floor":26,"key":"Omamori"},{"floor":31,"key":"Girya"}],"event_choices":[{"damage_healed":0.0,"max_hp_gain":5.0,"max_hp_loss":0.0,"gold_gain":0.0,"event_name":"Big Fish","player_choice":"Donut","floor":2.0,"gold_loss":0.0,"damage_taken":0.0},{"damage_healed":0.0,"max_hp_gain":0.0,"max_hp_loss":0.0,"gold_gain":0.0,"event_name":"Living Wall","player_choice":"Grow","floor":5.0,"gold_loss":0.0,"damage_taken":0.0,"cards_upgraded":["Zap"]},{"damage_healed":0.0,"max_hp_gain":0.0,"max_hp_loss":0.0,"gold_gain":0.0,"event_name":"The Mausoleum","player_choice":"Opened","floor":20.0,"gold_loss":0.0,"damage_taken":0.0,"relics_obtained":["DataDisk"],"cards_obtained":["Writhe"]},{"damage_healed":0,"gold_gain":0,"player_choice":"Smashed Altar","damage_taken":0,"max_hp_gain":0,"max_hp_loss":0,"event_name":"Forgotten Altar","floor":22,"gold_loss":0,"cards_obtained":["Decay"]},{"cards_removed":["Decay"],"damage_healed":0,"gold_gain":0,"player_choice":"Elegance","damage_taken":0,"max_hp_gain":0,"max_hp_loss":0,"event_name":"Back to Basics","floor":25,"gold_loss":0},{"damage_healed":0,"gold_gain":0,"player_choice":"1 cards matched","damage_taken":0,"max_hp_gain":0,"max_hp_loss":0,"event_name":"Match and Keep!","floor":28,"gold_loss":0,"cards_obtained":["Gash"]}],"is_beta":false,"boss_relics":[{"not_picked":["White Beast Statue","Calling Bell"],"picked":"FrozenCore"}],"items_purged_floors":[19],"is_endless":false,"potions_floor_spawned":[1,6,8,12,14,18],"killed_by":"Collector","ascension_level":20}