{"gold_per_floor":[110,110,21,21,39,72,102,102,182,182,195,213,213,243,243,336,336,300,300,325,250,268,268,293,293,293,293,293,293,11,32,32,130,193,217,217,236,236],"floor_reached":38,"playtime":1424,"items_purged":[],"score":799,"play_id":"60271fca-c0bf-481f-882c-84e5ddc3eec3","local_time":"20190409231233","is_ascension_mode":true,"campfire_choices":[{"data":"Cloak And Dagger","floor":8.0,"key":"SMITH"},{"data":"Neutralize","floor":10.0,"key":"SMITH"},{"data":"Caltrops","floor":15.0,"key":"SMITH"},{"floor":23.0,"key":"REST"},{"floor":25.0,"key":"REST"},{"data":"Cloak And Dagger","floor":27.0,"key":"SMITH"},{"data":"After Image","floor":29.0,"key":"SMITH"},{"floor":32.0,"key":"REST"}],"neow_cost":"NONE","seed_source_timestamp":54303970577552,"circlet_count":0,"master_deck":["AscendersBane","Defend_G","Defend_G","Defend_G","Survivor","Neutralize+1","Dash","Caltrops+1","PiercingWail","Cloak And Dagger+1","Dodge and Roll","A Thousand Cuts","Dodge and Roll+1","Noxious Fumes+1","Reflex+1","Noxious Fumes","Catalyst","Cloak And Dagger+1","Backflip","After Image+1","Caltrops","Blade Dance","Cloak And Dagger+1","Cloak And Dagger","Venomology+1","Backstab","Well Laid Plans"],"special_seed":0,"relics":["Ring of the Snake","NeowsBlessing","Bronze Scales","Kunai","Odd Mushroom","Shuriken","Golden Idol","Astrolabe","Nunchaku","DollysMirror","Tiny House"],"potions_floor_usage":[38,38],"damage_taken":[{"damage":0.0,"enemies":"Small Slimes","floor":1.0,"turns":1.0},{"damage":0.0,"enemies":"Jaw Worm","floor":5.0,"turns":1.0},{"damage":0.0,"enemies":"Lagavulin","floor":6.0,"turns":1.0},{"damage":8.0,"enemies":"The Mushroom Lair","floor":7.0,"turns":5.0},{"damage":0.0,"enemies":"2 Louse","floor":11.0,"turns":2.0},{"damage":0.0,"enemies":"2 Fungi Beasts","floor":12.0,"turns":4.0},{"damage":34.0,"enemies":"The Guardian","floor":16.0,"turns":12.0},{"damage":18.0,"enemies":"2 Thieves","floor":18.0,"turns":5.0},{"damage":10.0,"enemies":"Shell Parasite","floor":20.0,"turns":6.0},{"damage":5.0,"enemies":"3 Cultists","floor":22.0,"turns":5.0},{"damage":22.0,"enemies":"Shelled Parasite and Fungi","floor":24.0,"turns":8.0},{"damage":0.0,"enemies":"Cultist and Chosen","floor":31.0,"turns":5.0},{"damage":6.0,"enemies":"Champ","floor":33.0,"turns":11.0},{"damage":31.0,"enemies":"3 Darklings","floor":35.0,"turns":6.0},{"damage":2.0,"enemies":"Orb Walker","floor":37.0,"turns":5.0},{"damage":13,"enemies":"Transient","floor":38,"turns":4}],"seed_played":"-3717454432620859998","potions_obtained":[{"floor":7.0,"key":"Strength Potion"},{"floor":12.0,"key":"GamblersBrew"},{"floor":20.0,"key":"GhostInAJar"},{"floor":22.0,"key":"Strength Potion"},{"floor":24.0,"key":"Ancient Potion"},{"floor":34.0,"key":"Fruit Juice"},{"floor":36.0,"key":"Energy Potion"},{"floor":37.0,"key":"Energy Potion"}],"is_trial":false,"path_per_floor":["M","?","$","?","M","E","?","R","T","R","M","M","?","?","R","B",null,"M","?","M","?","M","R","M","R","T","R","?","R","$","M","R","B",null,"M","?","M","M"],"character_chosen":"THE_SILENT","items_purchased":["Caltrops","Blade Dance","DollysMirror"],"campfire_rested":3,"item_purchase_floors":[3,30,30],"current_hp_per_floor":[59,48,48,48,48,48,40,40,40,40,40,40,40,40,40,6,47,29,29,19,19,14,32,10,28,28,28,28,28,28,28,46,40,65,34,34,32,19],"gold":236,"neow_bonus":"THREE_ENEMY_KILL","is_prod":false,"is_daily":false,"chose_seed":false,"campfire_upgraded":5,"win_rate":0,"timestamp":1554876753,"path_taken":["M","?","$","?","M","E","?","R","T","R","M","?","?","?","R","BOSS","M","?","M","?","M","R","M","R","T","R","?","R","$","M","R","BOSS","M","?","?","M"],"build_version":"2019-01-23","purchased_purges":0,"victory":false,"max_hp_per_floor":[66,66,66,66,66,66,66,66,66,66,66,66,60,60,60,60,60,60,60,60,60,60,60,60,60,60,60,60,60,60,60,60,60,70,70,70,70,70],"card_choices":[{"not_picked":["Poisoned Stab","Blade Dance"],"picked":"Dash","floor":1.0},{"not_picked":["Dodge and Roll","Acrobatics"],"picked":"PiercingWail","floor":5.0},{"not_picked":["Underhanded Strike","Acrobatics","PiercingWail"],"picked":"SKIP","floor":6.0},{"not_picked":["Expertise","Deadly Poison"],"picked":"Cloak And Dagger","floor":7.0},{"not_picked":["Choke","Doppelganger"],"picked":"Dodge and Roll","floor":11.0},{"not_picked":["Caltrops","Bouncing Flask","Bane"],"picked":"SKIP","floor":12.0},{"not_picked":["Wraith Form v2","Bullet Time"],"picked":"A Thousand Cuts","floor":16.0},{"not_picked":["Bouncing Flask","Dodge and Roll"],"picked":"Noxious Fumes","floor":18.0},{"not_picked":["Underhanded Strike","Sucker Punch"],"picked":"Catalyst","floor":20.0},{"not_picked":["Deflect","Flying Knee"],"picked":"Cloak And Dagger","floor":22.0},{"not_picked":["Deadly Poison","Expertise"],"picked":"Backflip","floor":24.0},{"not_picked":["Endless Agony","Quick Slash"],"picked":"Cloak And Dagger","floor":31.0},{"not_picked":["Unload","A Thousand Cuts"],"picked":"Venomology","floor":33.0},{"not_picked":["Caltrops","Deflect+1"],"picked":"Backstab","floor":35.0},{"not_picked":["All Out Attack","Catalyst"],"picked":"Well Laid Plans","floor":37.0}],"player_experience":999148,"relics_obtained":[{"floor":6.0,"key":"Kunai"},{"floor":7.0,"key":"Odd Mushroom"},{"floor":9.0,"key":"Shuriken"},{"floor":26.0,"key":"Nunchaku"}],"event_choices":[{"damage_healed":0.0,"max_hp_gain":0.0,"max_hp_loss":0.0,"gold_gain":0.0,"event_name":"Scrap Ooze","player_choice":"Success","floor":2.0,"gold_loss":0.0,"damage_taken":11.0,"relics_obtained":["Bronze Scales"]},{"cards_removed":["Strike_G"],"damage_healed":0.0,"max_hp_gain":0.0,"max_hp_loss":0.0,"gold_gain":0.0,"event_name":"Living Wall","player_choice":"Forget","floor":4.0,"gold_loss":0.0,"damage_taken":0.0},{"damage_healed":0.0,"max_hp_gain":0.0,"max_hp_loss":0.0,"gold_gain":0.0,"event_name":"Mushrooms","player_choice":"Fought Mushrooms","floor":7.0,"gold_loss":0.0,"damage_taken":0.0},{"damage_healed":0.0,"max_hp_gain":0.0,"max_hp_loss":6.0,"gold_gain":0.0,"event_name":"Golden Idol","player_choice":"Lose Max HP","floor":13.0,"gold_loss":0.0,"damage_taken":0.0,"relics_obtained":["Golden Idol"]},{"damage_healed":0.0,"max_hp_gain":0.0,"max_hp_loss":0.0,"gold_gain":30.0,"event_name":"Dead Adventurer","player_choice":"Searched \u00272\u0027 times","floor":14.0,"gold_loss":0.0,"damage_taken":0.0},{"damage_healed":0.0,"max_hp_gain":0.0,"max_hp_loss":0.0,"gold_gain":0.0,"event_name":"The Mausoleum","player_choice":"Ignored","floor":19.0,"gold_loss":0.0,"damage_taken":0.0},{"cards_removed":["Defend_G"],"damage_healed":0.0,"max_hp_gain":0.0,"max_hp_loss":0.0,"gold_gain":0.0,"event_name":"Beggar","player_choice":"Gave Gold","floor":21.0,"gold_loss":75.0,"damage_taken":0.0},{"damage_healed":0.0,"max_hp_gain":0.0,"max_hp_loss":0.0,"gold_gain":0.0,"cards_transformed":["Defend_G","Strike_G"],"event_name":"Drug Dealer","player_choice":"Became Test Subject","floor":28.0,"gold_loss":0.0,"damage_taken":0.0,"cards_obtained":["After Image","Caltrops"]},{"damage_healed":0.0,"max_hp_gain":0.0,"max_hp_loss":0.0,"gold_gain":0.0,"event_name":"Lab","player_choice":"Got Potions","floor":36.0,"gold_loss":0.0,"damage_taken":0.0}],"is_beta":false,"boss_relics":[{"not_picked":["Ring of the Serpent","Eternal Feather"],"picked":"Astrolabe"},{"not_picked":["Lizard Tail","Empty Cage"],"picked":"Tiny House"}],"items_purged_floors":[],"is_endless":false,"potions_floor_spawned":[7,12,20,22,24,37],"killed_by":"Transient","ascension_level":19}