{"gold_per_floor":[118,78,94,94,94,94,122,122,171,200,230,244,244,258,258,330,330,344,356,356,356,4,4,60,0,0,0,14,14,41,41,41,113,113,132,148,0,19,19,19,31,31,79,79,35,35,48,59,59,59],"floor_reached":51,"playtime":2551,"items_purged":["Strike_R"],"score":1297,"play_id":"f859f5ff-559c-4a54-9be9-5096a4282e76","local_time":"20190921230933","is_ascension_mode":true,"campfire_choices":[{"data":"Bash","floor":6.0,"key":"SMITH"},{"data":"Shrug It Off","floor":8.0,"key":"SMITH"},{"data":"Rampage","floor":13.0,"key":"SMITH"},{"data":"Flame Barrier","floor":15.0,"key":"SMITH"},{"data":"Double Tap","floor":23.0,"key":"SMITH"},{"data":"Shockwave","floor":27.0,"key":"SMITH"},{"data":"Berserk","floor":32.0,"key":"SMITH"},{"data":"Metallicize","floor":40.0,"key":"SMITH"},{"data":"Defend_R","floor":42,"key":"SMITH"},{"data":"Defend_R","floor":46,"key":"SMITH"},{"data":"Dropkick","floor":49,"key":"SMITH"}],"neow_cost":"NONE","seed_source_timestamp":531526685084300,"circlet_count":0,"master_deck":["AscendersBane","Strike_R","Strike_R+1","Strike_R+1","Defend_R+1","Defend_R","Defend_R","Defend_R+1","Bash+1","Dropkick+1","Metallicize+1","Spot Weakness","Shrug It Off+1","Rampage+1","Flame Barrier+1","Double Tap+1","Shockwave+1","Berserk+1","Berserk+1"],"special_seed":0,"relics":["Black Blood","Blood Vial","Oddly Smooth Stone","The Courier","Potion Belt","Art of War","Busted Crown","Whetstone","Pear","Tiny Chest","Bottled Tornado","MutagenicStrength","Strawberry","Red Mask","Happy Flower"],"potions_floor_usage":[50,50,50],"damage_taken":[{"damage":6.0,"enemies":"2 Louse","floor":1.0,"turns":4.0},{"damage":7.0,"enemies":"Small Slimes","floor":3.0,"turns":3.0},{"damage":24.0,"enemies":"Lagavulin","floor":7.0,"turns":7.0},{"damage":44.0,"enemies":"Gremlin Nob","floor":10.0,"turns":5.0},{"damage":0.0,"enemies":"Jaw Worm","floor":12.0,"turns":4.0},{"damage":0.0,"enemies":"Blue Slaver","floor":14.0,"turns":4.0},{"damage":0.0,"enemies":"The Guardian","floor":16.0,"turns":12.0},{"damage":2.0,"enemies":"2 Thieves","floor":18.0,"turns":4.0},{"damage":12.0,"enemies":"Chosen","floor":19.0,"turns":4.0},{"damage":0.0,"enemies":"3 Cultists","floor":20.0,"turns":1.0},{"damage":25.0,"enemies":"Book of Stabbing","floor":24.0,"turns":7.0},{"damage":0.0,"enemies":"Chosen and Byrds","floor":28.0,"turns":3.0},{"damage":25.0,"enemies":"Slavers","floor":30.0,"turns":7.0},{"damage":44.0,"enemies":"Champ","floor":33.0,"turns":12.0},{"damage":25.0,"enemies":"Orb Walker","floor":35.0,"turns":5.0},{"damage":2.0,"enemies":"3 Shapes","floor":36.0,"turns":6.0},{"damage":10.0,"enemies":"3 Darklings","floor":38.0,"turns":9.0},{"damage":8,"enemies":"Maw","floor":41,"turns":9},{"damage":10,"enemies":"Spire Growth","floor":47,"turns":5},{"damage":22,"enemies":"Sphere and 2 Shapes","floor":48,"turns":8},{"damage":67,"enemies":"Awakened One","floor":50,"turns":13}],"seed_played":"-1679281904984451934","potions_obtained":[{"floor":1.0,"key":"Poison Potion"},{"floor":3.0,"key":"EssenceOfSteel"},{"floor":10.0,"key":"EntropicBrew"},{"floor":19.0,"key":"GamblersBrew"},{"floor":30.0,"key":"Ancient Potion"},{"floor":36.0,"key":"Dexterity Potion"},{"floor":47,"key":"Block Potion"},{"floor":48,"key":"Strength Potion"}],"is_trial":false,"path_per_floor":["M","$","M","?","?","R","E","R","T","E","?","M","R","M","R","B",null,"M","M","M","?","$","R","E","$","T","R","M","?","E","$","R","B",null,"M","M","?","M","?","R","M","R","T","?","$","R","M","M","R","B",null],"character_chosen":"IRONCLAD","items_purchased":["Metallicize","Whetstone","Pear","SteroidPotion"],"campfire_rested":0,"item_purchase_floors":[2,22,22,45],"current_hp_per_floor":[70,70,71,64,59,59,43,43,43,7,7,15,15,23,23,31,64,70,66,74,74,84,84,66,66,66,66,74,74,64,64,64,28,76,63,73,73,75,75,75,79,79,79,79,79,79,81,71,71,16],"gold":59,"neow_bonus":"RANDOM_COMMON_RELIC","is_prod":false,"is_daily":false,"chose_seed":false,"campfire_upgraded":11,"win_rate":0,"timestamp":1569078573,"path_taken":["M","$","M","?","?","R","E","R","T","E","?","M","R","M","R","BOSS","M","M","M","?","$","R","E","$","T","R","M","?","E","$","R","BOSS","M","M","?","M","?","R","?","R","T","?","$","R","M","M","R","BOSS"],"build_version":"2019-07-17","purchased_purges":1,"victory":true,"max_hp_per_floor":[75,75,75,75,75,75,75,75,75,75,75,75,75,75,75,75,75,75,75,75,75,85,85,85,85,85,85,85,85,92,92,92,92,92,92,92,92,92,92,92,92,92,92,87,87,87,87,87,87,87],"card_choices":[{"not_picked":["Pommel Strike","Corruption"],"picked":"Dropkick","floor":1.0},{"not_picked":["Warcry","Wild Strike"],"picked":"Spot Weakness","floor":3.0},{"not_picked":["Clothesline","Wild Strike"],"picked":"Shrug It Off","floor":7.0},{"not_picked":["Thunderclap","Warcry"],"picked":"Rampage","floor":10.0},{"not_picked":["Heavy Blade","Anger","Clothesline"],"picked":"SKIP","floor":12.0},{"not_picked":["Rupture","Bloodletting"],"picked":"Flame Barrier","floor":14.0},{"not_picked":["Fiend Fire","Juggernaut"],"picked":"Double Tap","floor":16.0},{"not_picked":["Reckless Charge"],"picked":"SKIP","floor":18.0},{"not_picked":["True Grit"],"picked":"SKIP","floor":19.0},{"not_picked":["Perfected Strike"],"picked":"SKIP","floor":24.0},{"not_picked":["Perfected Strike"],"picked":"SKIP","floor":28.0},{"not_picked":[],"picked":"Berserk","floor":30.0},{"not_picked":[],"picked":"Berserk","floor":33.0},{"not_picked":["Havoc+1"],"picked":"SKIP","floor":35.0},{"not_picked":["Sentinel"],"picked":"SKIP","floor":36.0},{"not_picked":["Clash"],"picked":"SKIP","floor":38.0},{"not_picked":["Sentinel"],"picked":"SKIP","floor":41},{"not_picked":["Reckless Charge"],"picked":"SKIP","floor":47},{"not_picked":["Anger"],"picked":"SKIP","floor":48}],"player_experience":657861,"relics_obtained":[{"floor":7.0,"key":"The Courier"},{"floor":9.0,"key":"Potion Belt"},{"floor":10.0,"key":"Art of War"},{"floor":24.0,"key":"Tiny Chest"},{"floor":26.0,"key":"Bottled Tornado"},{"floor":30.0,"key":"Strawberry"},{"floor":43,"key":"Happy Flower"}],"event_choices":[{"cards_removed":["Strike_R"],"damage_healed":0.0,"max_hp_gain":0.0,"max_hp_loss":0.0,"gold_gain":0.0,"event_name":"Golden Wing","player_choice":"Card Removal","floor":4.0,"gold_loss":0.0,"damage_taken":7.0},{"damage_healed":0.0,"max_hp_gain":0.0,"max_hp_loss":0.0,"gold_gain":0.0,"event_name":"Scrap Ooze","player_choice":"Success","floor":5.0,"gold_loss":0.0,"damage_taken":5.0,"relics_obtained":["Oddly Smooth Stone"]},{"damage_healed":0.0,"max_hp_gain":0.0,"max_hp_loss":0.0,"gold_gain":30.0,"event_name":"Dead Adventurer","player_choice":"Searched \u00271\u0027 times","floor":11.0,"gold_loss":0.0,"damage_taken":0.0},{"damage_healed":0.0,"max_hp_gain":0.0,"max_hp_loss":0.0,"gold_gain":0.0,"event_name":"The Library","player_choice":"Read","floor":21.0,"gold_loss":0.0,"damage_taken":0.0,"cards_obtained":["Shockwave"]},{"damage_healed":0.0,"max_hp_gain":0.0,"max_hp_loss":0.0,"gold_gain":0.0,"event_name":"Drug Dealer","player_choice":"Inject Mutagens","floor":29.0,"gold_loss":0.0,"damage_taken":0.0,"relics_obtained":["MutagenicStrength"]},{"damage_healed":0.0,"max_hp_gain":0.0,"max_hp_loss":0.0,"gold_gain":0.0,"event_name":"Tomb of Lord Red Mask","player_choice":"Paid","floor":37.0,"gold_loss":148.0,"damage_taken":0.0,"relics_obtained":["Red Mask"]},{"damage_healed":0.0,"max_hp_gain":0.0,"max_hp_loss":0.0,"gold_gain":0.0,"event_name":"Upgrade Shrine","player_choice":"Upgraded","floor":39.0,"gold_loss":0.0,"damage_taken":0.0,"cards_upgraded":["Berserk"]},{"damage_healed":0,"gold_gain":0,"player_choice":"Max HP","damage_taken":0,"max_hp_gain":0,"max_hp_loss":5,"event_name":"Winding Halls","floor":44,"gold_loss":0}],"is_beta":false,"boss_relics":[{"not_picked":["Calling Bell","Runic Pyramid"],"picked":"Busted Crown"},{"not_picked":["Black Star","Eternal Feather"],"picked":"Black Blood"}],"items_purged_floors":[25],"is_endless":false,"potions_floor_spawned":[1,3,10,19,30,36,47,48],"ascension_level":16}