{"gold_per_floor":[369,280,205,217,57,83,102,102,185,185,185,203,203,214,214,289,289,300,330,330,330,300,300,327,327],"floor_reached":25,"playtime":1104,"items_purged":["Strike_R"],"score":401,"play_id":"63a36f7f-df5e-4e8d-9559-7fe969c8fc44","local_time":"20190922205631","is_ascension_mode":true,"campfire_choices":[{"data":"Pummel","floor":8,"key":"SMITH"},{"data":"Bash","floor":11,"key":"SMITH"},{"data":"Disarm","floor":13,"key":"SMITH"},{"data":"Defend_R","floor":15,"key":"SMITH"},{"data":"Flex","floor":23,"key":"SMITH"}],"neow_cost":"TEN_PERCENT_HP_LOSS","seed_source_timestamp":611557585085100,"circlet_count":0,"master_deck":["AscendersBane","Strike_R+1","Strike_R+1","Strike_R+1","Defend_R+1","Defend_R+1","Defend_R+1","Defend_R+1","Bash+1","Pummel+1","Battle Trance","Cleave","Disarm+1","Brutality","Shockwave","Limit Break","Ghostly Armor","Flex+1","Sword Boomerang"],"relics":["Burning Blood","Red Skull","Tiny Chest","Ice Cream","Mark of Pain","Red Mask","Orichalcum"],"potions_floor_usage":[6,16,18,19,19,19,24,25],"damage_taken":[{"damage":7,"enemies":"Jaw Worm","floor":1,"turns":3},{"damage":9,"enemies":"2 Louse","floor":4,"turns":4},{"damage":44,"enemies":"Gremlin Nob","floor":6,"turns":5},{"damage":0,"enemies":"Cultist","floor":7,"turns":2},{"damage":8,"enemies":"2 Fungi Beasts","floor":12,"turns":2},{"damage":18,"enemies":"3 Louse","floor":14,"turns":4},{"damage":13,"enemies":"Hexaghost","floor":16,"turns":9},{"damage":26,"enemies":"Shell Parasite","floor":18,"turns":4},{"damage":17,"enemies":"Masked Bandits","floor":19,"turns":4},{"damage":35,"enemies":"Slavers","floor":24,"turns":6},{"damage":11,"enemies":"Spheric Guardian","floor":25,"turns":3}],"seed_played":"-3086552710927618657","potions_obtained":[{"floor":1,"key":"Explosive Potion"},{"floor":6,"key":"GamblersBrew"},{"floor":7,"key":"LiquidBronze"},{"floor":16,"key":"AttackPotion"},{"floor":18,"key":"EntropicBrew"},{"floor":22,"key":"BloodPotion"},{"floor":22,"key":"GamblersBrew"}],"is_trial":false,"path_per_floor":["M","$","?","M","$","E","M","R","T","?","R","M","R","M","R","B",null,"M","?","?","?","?","R","E","M"],"character_chosen":"IRONCLAD","items_purchased":["Battle Trance","Disarm"],"campfire_rested":0,"item_purchase_floors":[2,5],"current_hp_per_floor":[67,67,67,64,64,26,32,32,32,32,32,30,30,18,18,11,54,34,23,23,23,23,23,11,0],"gold":327,"neow_bonus":"TWO_FIFTY_GOLD","is_prod":false,"is_daily":false,"chose_seed":false,"campfire_upgraded":5,"win_rate":0,"timestamp":1569156991,"path_taken":["M","$","?","M","$","E","M","R","T","?","R","?","R","M","R","BOSS","M","?","?","?","?","R","E","M"],"build_version":"2019-07-17","purchased_purges":1,"victory":false,"max_hp_per_floor":[68,68,68,68,68,68,68,68,68,68,68,68,68,68,68,68,68,68,68,68,68,68,68,68,68],"card_choices":[{"not_picked":["Intimidate","Sword Boomerang"],"picked":"Pummel","floor":1},{"not_picked":["Second Wind","Clash"],"picked":"Cleave","floor":4},{"not_picked":["Second Wind","Seeing Red"],"picked":"Brutality","floor":6},{"not_picked":["Second Wind","Intimidate","Warcry"],"picked":"SKIP","floor":7},{"not_picked":["Heavy Blade","Twin Strike","Body Slam"],"picked":"SKIP","floor":12},{"not_picked":["Clothesline","Fire Breathing"],"picked":"Shockwave","floor":14},{"not_picked":["Brutality","Impervious"],"picked":"Limit Break","floor":16},{"not_picked":["Havoc","Twin Strike"],"picked":"Ghostly Armor","floor":18},{"not_picked":["Iron Wave","Shrug It Off"],"picked":"Flex","floor":19},{"not_picked":["Dark Embrace","Bloodletting"],"picked":"Sword Boomerang","floor":24}],"player_experience":665775,"relics_obtained":[{"floor":6,"key":"Red Skull"},{"floor":9,"key":"Tiny Chest"},{"floor":19,"key":"Red Mask"},{"floor":24,"key":"Orichalcum"}],"event_choices":[{"cards_removed":["Strike_R"],"damage_healed":0,"gold_gain":0,"player_choice":"Card Removal","damage_taken":0,"max_hp_gain":0,"max_hp_loss":0,"event_name":"The Cleric","floor":3,"gold_loss":75},{"damage_healed":0,"gold_gain":0,"player_choice":"Gave Potion","damage_taken":0,"relics_obtained":["Ice Cream"],"max_hp_gain":0,"max_hp_loss":0,"event_name":"WeMeetAgain","floor":10,"gold_loss":0},{"damage_healed":0,"gold_gain":0,"player_choice":"Fought Bandits","damage_taken":0,"max_hp_gain":0,"max_hp_loss":0,"event_name":"Masked Bandits","floor":19,"gold_loss":0},{"damage_healed":0,"gold_gain":0,"player_choice":"Ignored","damage_taken":0,"max_hp_gain":0,"max_hp_loss":0,"event_name":"Cursed Tome","floor":20,"gold_loss":0},{"damage_healed":0,"gold_gain":0,"player_choice":"Simplicity","damage_taken":0,"max_hp_gain":0,"max_hp_loss":0,"event_name":"Back to Basics","floor":21,"gold_loss":0,"cards_upgraded":["Strike_R","Strike_R","Strike_R","Defend_R","Defend_R","Defend_R"]},{"damage_healed":0,"gold_gain":0,"player_choice":"Bought 2 Potions","damage_taken":0,"max_hp_gain":0,"max_hp_loss":0,"event_name":"The Woman in Blue","floor":22,"gold_loss":0}],"is_beta":false,"boss_relics":[{"not_picked":["Ectoplasm","Tiny House"],"picked":"Mark of Pain"}],"items_purged_floors":[5],"is_endless":false,"potions_floor_spawned":[1,6,7,16,18],"killed_by":"Spheric Guardian","ascension_level":17}