{"gold_per_floor":[113,113,131,148,163,195,195,195,195,216,216,232,247,257,257,359,359,372,297,237,237,157,157,176,176,253,270,270,147,171,71,71,71],"floor_reached":33,"playtime":987,"items_purged":["Defend_R","Strike_R","Defend_R+1"],"score":245,"play_id":"4716baec-4324-4432-84ce-e9f6ae13c8fc","local_time":"20190406194412","is_ascension_mode":false,"campfire_choices":[{"data":"Bash","floor":8.0,"key":"SMITH"},{"data":"Dropkick","floor":11.0,"key":"SMITH"},{"data":"Defend_R","floor":15.0,"key":"SMITH"},{"data":"Offering","floor":23.0,"key":"SMITH"},{"floor":25.0,"key":"REST"},{"floor":28.0,"key":"REST"},{"floor":32.0,"key":"RECALL"}],"neow_cost":"NONE","seed_source_timestamp":144845059347499,"circlet_count":0,"master_deck":["Defend_R+1","Defend_R+1","Bash+1","Dropkick+1","Offering+1"],"special_seed":0,"relics":["Burning Blood","War Paint","Frozen Egg 2","The Courier","Mercury Hourglass","Odd Mushroom","Empty Cage","Meat on the Bone","Bag of Marbles","Orichalcum"],"potions_floor_usage":[33,33,33],"damage_taken":[{"damage":9.0,"enemies":"Jaw Worm","floor":1.0,"turns":5.0},{"damage":0.0,"enemies":"Small Slimes","floor":3.0,"turns":3.0},{"damage":5.0,"enemies":"2 Louse","floor":4.0,"turns":3.0},{"damage":9.0,"enemies":"Exordium Thugs","floor":5.0,"turns":6.0},{"damage":25.0,"enemies":"3 Sentries","floor":6.0,"turns":12.0},{"damage":16.0,"enemies":"The Mushroom Lair","floor":10.0,"turns":4.0},{"damage":0.0,"enemies":"Blue Slaver","floor":12.0,"turns":3.0},{"damage":4.0,"enemies":"Gremlin Gang","floor":13.0,"turns":5.0},{"damage":1.0,"enemies":"Exordium Thugs","floor":14.0,"turns":4.0},{"damage":35.0,"enemies":"Hexaghost","floor":16.0,"turns":13.0},{"damage":16.0,"enemies":"3 Byrds","floor":18.0,"turns":5.0},{"damage":10.0,"enemies":"2 Thieves","floor":24.0,"turns":3.0},{"damage":17.0,"enemies":"Chosen and Byrds","floor":27.0,"turns":5.0},{"damage":92,"enemies":"Collector","floor":33,"turns":6}],"seed_played":"1582404018645280369","potions_obtained":[{"floor":1.0,"key":"Dexterity Potion"},{"floor":10.0,"key":"Block Potion"},{"floor":14.0,"key":"Dexterity Potion"},{"floor":16.0,"key":"SkillPotion"},{"floor":27.0,"key":"Dexterity Potion"}],"is_trial":false,"path_per_floor":["M","?","M","M","M","E","?","R","T","?","R","M","M","M","R","B",null,"M","?","$","?","$","R","M","R","T","M","R","$","T","$","R","B"],"character_chosen":"IRONCLAD","items_purchased":["Bag of Marbles"],"campfire_rested":2,"item_purchase_floors":[29],"current_hp_per_floor":[77,59,65,66,63,44,37,37,37,27,27,33,35,40,40,11,80,70,70,70,70,70,70,66,80,80,69,80,80,80,80,80,0],"gold":71,"neow_bonus":"RANDOM_COMMON_RELIC","is_prod":false,"is_daily":false,"chose_seed":false,"campfire_upgraded":4,"win_rate":0,"timestamp":1554605052,"path_taken":["M","?","M","M","M","E","?","R","T","?","R","M","M","M","R","BOSS","M","?","?","?","$","R","M","R","T","M","R","$","?","$","R","BOSS"],"build_version":"2019-01-23","purchased_purges":3,"victory":false,"max_hp_per_floor":[80,80,80,80,80,80,80,80,80,80,80,80,80,80,80,80,80,80,80,80,80,80,80,80,80,80,80,80,80,80,80,80,80],"card_choices":[{"not_picked":["Power Through","Headbutt"],"picked":"Dropkick","floor":1.0},{"not_picked":["Bloodletting","Body Slam","Rage"],"picked":"SKIP","floor":3.0},{"not_picked":["Heavy Blade","Wild Strike","Infernal Blade"],"picked":"SKIP","floor":4.0},{"not_picked":["Evolve+1","True Grit","Sword Boomerang"],"picked":"SKIP","floor":5.0},{"not_picked":["Evolve+1","True Grit","Sword Boomerang"],"picked":"SKIP","floor":5.0},{"not_picked":["Perfected Strike","Combust+1","Sever Soul"],"picked":"SKIP","floor":6.0},{"not_picked":["Searing Blow","Armaments","Perfected Strike"],"picked":"SKIP","floor":12.0},{"not_picked":["Clash","Flex","Spot Weakness"],"picked":"SKIP","floor":13.0},{"not_picked":["Feel No Pain+1","Reckless Charge","True Grit"],"picked":"SKIP","floor":14.0},{"not_picked":["Feed","Double Tap"],"picked":"Offering","floor":16.0},{"not_picked":["Armaments+1","Anger","Infernal Blade"],"picked":"SKIP","floor":18.0},{"not_picked":["Seeing Red+1","Blood for Blood","Iron Wave"],"picked":"SKIP","floor":24.0},{"not_picked":["Pommel Strike","Evolve+1","Ghostly Armor"],"picked":"SKIP","floor":27.0}],"player_experience":960816,"relics_obtained":[{"floor":6.0,"key":"The Courier"},{"floor":9.0,"key":"Mercury Hourglass"},{"floor":10.0,"key":"Odd Mushroom"},{"floor":26.0,"key":"Meat on the Bone"},{"floor":30.0,"key":"Orichalcum"}],"event_choices":[{"damage_healed":0.0,"max_hp_gain":0.0,"max_hp_loss":0.0,"gold_gain":0.0,"event_name":"Scrap Ooze","player_choice":"Success","floor":2.0,"gold_loss":0.0,"damage_taken":18.0,"relics_obtained":["Frozen Egg 2"]},{"cards_removed":["Strike_R"],"damage_healed":0.0,"max_hp_gain":0.0,"max_hp_loss":0.0,"gold_gain":0.0,"event_name":"Golden Wing","player_choice":"Card Removal","floor":7.0,"gold_loss":0.0,"damage_taken":7.0},{"damage_healed":0.0,"max_hp_gain":0.0,"max_hp_loss":0.0,"gold_gain":0.0,"event_name":"Mushrooms","player_choice":"Fought Mushrooms","floor":10.0,"gold_loss":0.0,"damage_taken":0.0},{"cards_removed":["Strike_R"],"damage_healed":0.0,"max_hp_gain":0.0,"max_hp_loss":0.0,"gold_gain":0.0,"event_name":"Beggar","player_choice":"Gave Gold","floor":19.0,"gold_loss":75.0,"damage_taken":0.0},{"damage_healed":0.0,"max_hp_gain":0.0,"max_hp_loss":0.0,"gold_gain":0.0,"event_name":"Vampires","player_choice":"Ignored","floor":21.0,"gold_loss":0.0,"damage_taken":0.0}],"is_beta":false,"boss_relics":[{"not_picked":["Pandora\u0027s Box","Velvet Choker"],"picked":"Empty Cage"}],"items_purged_floors":[20,22,31],"is_endless":false,"potions_floor_spawned":[1,10,14,16,27],"killed_by":"Collector","ascension_level":0}