{"gold_per_floor":[209,221,146,146,163,163,192,152,200,214,231,231,247,172,172,172],"floor_reached":16,"playtime":430,"items_purged":["Strike_R"],"score":199,"play_id":"18c16f21-d5d4-43f6-9d4e-1bc2ffb61b2d","local_time":"20190411011953","is_ascension_mode":true,"campfire_choices":[{"data":"Flame Barrier","floor":6.0,"key":"SMITH"},{"data":"True Grit","floor":12.0,"key":"SMITH"},{"data":"Whirlwind","floor":15.0,"key":"SMITH"}],"neow_cost":"NONE","seed_source_timestamp":149503480176078,"circlet_count":0,"master_deck":["AscendersBane","Strike_R","Strike_R","Strike_R","Defend_R","Defend_R","Defend_R","Defend_R","Bash","Blood for Blood","Flame Barrier+1","Whirlwind+1","True Grit+1","Clothesline"],"special_seed":0,"relics":["Burning Blood","FaceOfCleric","Red Skull","Bag of Marbles"],"potions_floor_usage":[16],"damage_taken":[{"damage":14.0,"enemies":"Small Slimes","floor":1.0,"turns":5.0},{"damage":5.0,"enemies":"2 Louse","floor":2.0,"turns":3.0},{"damage":7.0,"enemies":"Cultist","floor":5.0,"turns":4.0},{"damage":10.0,"enemies":"3 Sentries","floor":7.0,"turns":3.0},{"damage":1.0,"enemies":"Looter","floor":8.0,"turns":4.0},{"damage":0.0,"enemies":"2 Fungi Beasts","floor":10.0,"turns":4.0},{"damage":0.0,"enemies":"3 Louse","floor":11.0,"turns":1.0},{"damage":22.0,"enemies":"Exordium Thugs","floor":13.0,"turns":3.0},{"damage":65,"enemies":"Hexaghost","floor":16,"turns":12}],"seed_played":"-3018196617237415810","potions_obtained":[{"floor":2.0,"key":"AttackPotion"},{"floor":11.0,"key":"Strength Potion"},{"floor":13.0,"key":"Ancient Potion"}],"is_trial":false,"path_per_floor":["M","M","?","?","M","R","E","M","T","M","M","R","M","$","R","B"],"character_chosen":"IRONCLAD","items_purchased":[],"campfire_rested":0,"item_purchase_floors":[],"current_hp_per_floor":[60,61,61,61,61,61,58,64,64,71,78,78,63,63,63,0],"gold":172,"neow_bonus":"HUNDRED_GOLD","is_prod":false,"is_daily":false,"chose_seed":false,"campfire_upgraded":3,"win_rate":0,"timestamp":1554970793,"path_taken":["M","M","?","?","M","R","E","M","T","M","?","R","M","$","R","BOSS"],"build_version":"2019-01-23","purchased_purges":1,"victory":false,"max_hp_per_floor":[75,75,75,75,76,76,77,78,78,79,80,80,81,81,81,81],"card_choices":[{"not_picked":["Thunderclap","Perfected Strike"],"picked":"Blood for Blood","floor":1.0},{"not_picked":["Flex","Power Through","Pummel"],"picked":"SKIP","floor":2.0},{"not_picked":["Anger","Clash"],"picked":"Flame Barrier","floor":5.0},{"not_picked":["Clash","Clothesline"],"picked":"Whirlwind","floor":7.0},{"not_picked":["Entrench","Reckless Charge"],"picked":"True Grit","floor":8.0},{"not_picked":["Cleave","Barricade","Perfected Strike"],"picked":"SKIP","floor":10.0},{"not_picked":["Pummel","True Grit"],"picked":"Clothesline","floor":11.0},{"not_picked":["Hemokinesis","Heavy Blade","Anger"],"picked":"SKIP","floor":13.0}],"player_experience":1017190,"relics_obtained":[{"floor":7.0,"key":"Red Skull"},{"floor":9.0,"key":"Bag of Marbles"}],"event_choices":[{"cards_removed":["Strike_R"],"damage_healed":0.0,"max_hp_gain":0.0,"max_hp_loss":0.0,"gold_gain":0.0,"event_name":"The Cleric","player_choice":"Card Removal","floor":3.0,"gold_loss":75.0,"damage_taken":0.0},{"damage_healed":0.0,"max_hp_gain":0.0,"max_hp_loss":0.0,"gold_gain":0.0,"event_name":"FaceTrader","player_choice":"Trade","floor":4.0,"gold_loss":0.0,"damage_taken":0.0,"relics_obtained":["FaceOfCleric"]}],"is_beta":false,"boss_relics":[],"items_purged_floors":[14],"is_endless":false,"potions_floor_spawned":[2,11,13],"killed_by":"Hexaghost","ascension_level":19}