{"gold_per_floor":[118,118,137,137,147,147,159,176,176,62,78,97,97],"floor_reached":13,"playtime":434,"items_purged":["Strike_R"],"score":158,"play_id":"c9fdc91c-5791-410b-9293-78ccd6a73861","local_time":"20190827032206","is_ascension_mode":true,"campfire_choices":[{"data":"Rampage","floor":6,"key":"SMITH"}],"neow_cost":"NONE","seed_source_timestamp":626926621483194,"circlet_count":0,"master_deck":["AscendersBane","Strike_R","Defend_R","Defend_R","Defend_R","Defend_R","Bash","Pommel Strike","Rampage+1","Juggernaut","Feel No Pain","Clothesline","Offering"],"relics":["Burning Blood","Blue Candle"],"potions_floor_usage":[8,8,12],"damage_taken":[{"damage":11,"enemies":"Jaw Worm","floor":1,"turns":4},{"damage":4,"enemies":"Small Slimes","floor":3,"turns":4},{"damage":1,"enemies":"Cultist","floor":5,"turns":4},{"damage":20,"enemies":"Gremlin Gang","floor":7,"turns":6},{"damage":33,"enemies":"Exordium Thugs","floor":8,"turns":4},{"damage":12,"enemies":"Looter","floor":11,"turns":3},{"damage":24,"enemies":"Red Slaver","floor":12,"turns":4},{"damage":29,"enemies":"Exordium Thugs","floor":13,"turns":2}],"seed_played":"4619494837448418628","potions_obtained":[{"floor":3,"key":"EssenceOfSteel"},{"floor":5,"key":"AttackPotion"},{"floor":11,"key":"BloodPotion"}],"is_trial":false,"path_per_floor":["M","?","M","?","M","R","M","M","T","$","M","M","M"],"character_chosen":"IRONCLAD","items_purchased":["Feel No Pain"],"campfire_rested":0,"item_purchase_floors":[10],"current_hp_per_floor":[63,63,65,65,70,70,56,29,29,29,23,23,0],"gold":97,"neow_bonus":"REMOVE_CARD","is_prod":false,"is_daily":false,"chose_seed":false,"campfire_upgraded":1,"win_rate":0,"timestamp":1566901326,"path_taken":["M","?","M","?","M","R","M","?","T","$","M","M","M"],"build_version":"2019-07-17","purchased_purges":1,"victory":false,"max_hp_per_floor":[75,75,75,75,75,75,75,75,75,75,75,75,75],"card_choices":[{"not_picked":["Perfected Strike","Heavy Blade"],"picked":"Pommel Strike","floor":1},{"not_picked":["Pommel Strike","Clash"],"picked":"Rampage","floor":3},{"not_picked":["Flex","Anger","Twin Strike"],"picked":"SKIP","floor":5},{"not_picked":["Rampage","Feel No Pain","Iron Wave"],"picked":"SKIP","floor":7},{"not_picked":["Carnage","Sentinel","Seeing Red"],"picked":"SKIP","floor":8},{"not_picked":["Flex","Warcry"],"picked":"Clothesline","floor":11},{"not_picked":["Shrug It Off","Body Slam"],"picked":"Offering","floor":12}],"player_experience":1073516,"relics_obtained":[{"floor":9,"key":"Blue Candle"}],"event_choices":[{"cards_removed":["Strike_R"],"damage_healed":0,"gold_gain":0,"player_choice":"Forget","damage_taken":0,"max_hp_gain":0,"max_hp_loss":0,"event_name":"Living Wall","floor":2,"gold_loss":0},{"damage_healed":0,"gold_gain":0,"cards_transformed":["Strike_R"],"player_choice":"Transformed","damage_taken":0,"max_hp_gain":0,"max_hp_loss":0,"event_name":"Transmorgrifier","floor":4,"gold_loss":0,"cards_obtained":["Juggernaut"]}],"is_beta":false,"boss_relics":[],"items_purged_floors":[10],"is_endless":false,"potions_floor_spawned":[3,5,7,11],"killed_by":"Exordium Thugs","ascension_level":20}