{"gold_per_floor":[113,133,208,208,12,37,54,84,139,154,170,170,182,194,194,298,298,284,284,284,301,301,301],"floor_reached":23,"playtime":957,"items_purged":[],"score":203,"play_id":"a24a8239-807d-42a4-87aa-b824b5ff6bb1","local_time":"20190407025548","is_ascension_mode":false,"campfire_choices":[{"data":"Demon Form","floor":12,"key":"SMITH"},{"floor":15,"key":"REST"}],"neow_cost":"CURSE","seed_source_timestamp":170892292507661,"circlet_count":0,"master_deck":["Strike_R","Strike_R","Strike_R","Strike_R","Strike_R","Defend_R","Defend_R","Defend_R","Defend_R","Bash","Swift Strike","Mayhem","Regret","Shrug It Off","Shrug It Off","Pommel Strike","Demon Form+1","Heavy Blade","Uppercut","Disarm","Limit Break","Dual Wield+1","Bash"],"relics":["Burning Blood","PreservedInsect","Bag of Preparation","Regal Pillow","Tiny Chest","Snecko Eye"],"potions_floor_usage":[8,13,18],"damage_taken":[{"damage":0,"enemies":"2 Louse","floor":1,"turns":3},{"damage":3,"enemies":"Small Slimes","floor":2,"turns":4},{"damage":36,"enemies":"3 Sentries","floor":6,"turns":14},{"damage":10,"enemies":"Cultist","floor":7,"turns":4},{"damage":17,"enemies":"Gremlin Nob","floor":8,"turns":4},{"damage":5,"enemies":"2 Fungi Beasts","floor":10,"turns":4},{"damage":5,"enemies":"3 Louse","floor":11,"turns":4},{"damage":15,"enemies":"Gremlin Gang","floor":13,"turns":6},{"damage":13,"enemies":"Blue Slaver","floor":14,"turns":2},{"damage":37,"enemies":"Slime Boss","floor":16,"turns":6},{"damage":21,"enemies":"2 Thieves","floor":18,"turns":4},{"damage":18,"enemies":"3 Byrds","floor":21,"turns":6},{"damage":49,"enemies":"Gremlin Leader","floor":23,"turns":6}],"seed_played":"7909405455503763642","potions_obtained":[{"floor":6,"key":"GamblersBrew"},{"floor":7,"key":"Weak Potion"},{"floor":8,"key":"Strength Potion"},{"floor":16,"key":"SkillPotion"}],"is_trial":false,"path_per_floor":["M","M","?","?","$","E","M","E","T","M","M","R","M","M","R","B",null,"M","?","?","M","?","E"],"character_chosen":"IRONCLAD","items_purchased":["PreservedInsect","Shrug It Off"],"campfire_rested":1,"item_purchase_floors":[5,5],"current_hp_per_floor":[80,80,69,69,69,39,35,24,24,25,26,26,17,10,49,18,80,65,50,78,66,66,17],"gold":301,"neow_bonus":"RANDOM_COLORLESS_2","is_prod":false,"is_daily":false,"chose_seed":false,"campfire_upgraded":1,"win_rate":0,"timestamp":1554630948,"path_taken":["M","M","?","?","$","E","M","E","T","?","M","R","M","M","R","BOSS","M","?","?","M","?","E"],"build_version":"2019-01-23","purchased_purges":0,"victory":false,"max_hp_per_floor":[80,80,80,80,80,80,80,80,80,80,80,80,80,80,80,80,80,80,85,85,85,85,85],"card_choices":[{"not_picked":["Cleave","Power Through"],"picked":"Shrug It Off","floor":1},{"not_picked":["Clash","Corruption","Thunderclap"],"picked":"SKIP","floor":2},{"not_picked":["Wild Strike","Clash"],"picked":"Pommel Strike","floor":6},{"not_picked":["Twin Strike","Perfected Strike"],"picked":"Demon Form","floor":7},{"not_picked":["Headbutt","Iron Wave"],"picked":"Heavy Blade","floor":8},{"not_picked":["Clash","Havoc"],"picked":"Uppercut","floor":10},{"not_picked":["Havoc","Armaments","Carnage"],"picked":"SKIP","floor":11},{"not_picked":["Inflame","Wild Strike"],"picked":"Disarm","floor":13},{"not_picked":["Pommel Strike","Iron Wave","Warcry"],"picked":"SKIP","floor":14},{"not_picked":["Demon Form","Brutality"],"picked":"Limit Break","floor":16},{"not_picked":["Body Slam","Perfected Strike","Infernal Blade"],"picked":"SKIP","floor":18},{"not_picked":["True Grit+1","Heavy Blade"],"picked":"Dual Wield+1","floor":21}],"player_experience":976959,"relics_obtained":[{"floor":6,"key":"Bag of Preparation"},{"floor":8,"key":"Regal Pillow"},{"floor":9,"key":"Tiny Chest"}],"event_choices":[{"damage_healed":0,"gold_gain":75,"player_choice":"Gather Gold","damage_taken":11,"max_hp_gain":0,"max_hp_loss":0,"event_name":"World of Goop","floor":3,"gold_loss":0},{"damage_healed":0,"gold_gain":0,"player_choice":"0 cards matched","damage_taken":0,"max_hp_gain":0,"max_hp_loss":0,"event_name":"Match and Keep!","floor":4,"gold_loss":0,"cards_obtained":[]},{"damage_healed":0,"gold_gain":0,"player_choice":"Shed Blood","damage_taken":20,"max_hp_gain":5,"max_hp_loss":0,"event_name":"Forgotten Altar","floor":19,"gold_loss":0},{"damage_healed":28,"gold_gain":0,"player_choice":"Heal","damage_taken":0,"max_hp_gain":0,"max_hp_loss":0,"event_name":"The Library","floor":20,"gold_loss":0},{"damage_healed":0,"gold_gain":0,"player_choice":"1 cards matched","damage_taken":0,"max_hp_gain":0,"max_hp_loss":0,"event_name":"Match and Keep!","floor":22,"gold_loss":0,"cards_obtained":["Bash"]}],"is_beta":false,"boss_relics":[{"not_picked":["Tiny House","Eternal Feather"],"picked":"Snecko Eye"}],"items_purged_floors":[],"is_endless":false,"potions_floor_spawned":[6,7,8,16],"killed_by":"Gremlin Leader","ascension_level":0}