{"gold_per_floor":[117,87,35,60,78,78,112,112,185,216,216,56,73,73,73,146,146,162,32,46,59,8,8,8],"floor_reached":24,"playtime":983,"items_purged":["Strike_R"],"score":374,"play_id":"91693ea7-a394-4466-82f5-23f56158d31e","local_time":"20190922154221","is_ascension_mode":true,"campfire_choices":[{"data":"Defend_R","floor":6.0,"key":"SMITH"},{"data":"Sword Boomerang","floor":11.0,"key":"SMITH"},{"data":"Iron Wave","floor":15.0,"key":"SMITH"},{"data":"Flex","floor":23,"key":"SMITH"}],"neow_cost":"PERCENT_DAMAGE","seed_source_timestamp":592558970694100,"circlet_count":0,"master_deck":["AscendersBane","Strike_R","Strike_R","Defend_R","Defend_R","Defend_R","Defend_R+1","Bash","Thunderclap","Sword Boomerang+1","Iron Wave+1","Inflame","Pummel","Reaper","Offering","True Grit","Flex+1","Ghostly Armor"],"special_seed":0,"relics":["Burning Blood","Omamori","Shuriken","Peace Pipe","Bottled Flame","Potion Belt","Mark of Pain","Vajra"],"potions_floor_usage":[20,21,21],"damage_taken":[{"damage":5.0,"enemies":"Small Slimes","floor":1.0,"turns":7.0},{"damage":1.0,"enemies":"Cultist","floor":5.0,"turns":3.0},{"damage":32.0,"enemies":"Gremlin Nob","floor":7.0,"turns":4.0},{"damage":17.0,"enemies":"Lagavulin","floor":10.0,"turns":5.0},{"damage":2.0,"enemies":"Jaw Worm","floor":13.0,"turns":3.0},{"damage":22.0,"enemies":"Hexaghost","floor":16.0,"turns":8.0},{"damage":41.0,"enemies":"2 Thieves","floor":18.0,"turns":4.0},{"damage":31,"enemies":"Shell Parasite","floor":20,"turns":4},{"damage":13,"enemies":"3 Cultists","floor":21,"turns":4},{"damage":33,"enemies":"Book of Stabbing","floor":24,"turns":4}],"seed_played":"3742454265604275951","potions_obtained":[{"floor":2.0,"key":"SteroidPotion"},{"floor":2.0,"key":"SpeedPotion"},{"floor":7.0,"key":"Strength Potion"},{"floor":13.0,"key":"AttackPotion"},{"floor":14.0,"key":"Poison Potion"},{"floor":14.0,"key":"SteroidPotion"},{"floor":16.0,"key":"Explosive Potion"},{"floor":20,"key":"Fire Potion"}],"is_trial":false,"path_per_floor":["M","?","$","T","M","R","E","?","T","E","R","$","M","?","R","B",null,"M","$","M","M","?","R","E"],"character_chosen":"IRONCLAD","items_purchased":["Thunderclap","Inflame","Pummel","Flex"],"campfire_rested":0,"item_purchase_floors":[3,12,12,19],"current_hp_per_floor":[51,51,51,51,56,56,30,25,25,14,14,14,18,18,18,8,58,31,31,15,20,20,20,0],"gold":8,"neow_bonus":"REMOVE_TWO","is_prod":false,"is_daily":false,"chose_seed":false,"campfire_upgraded":4,"win_rate":0,"timestamp":1569138141,"path_taken":["M","?","?","?","M","R","E","?","T","E","R","$","?","?","R","BOSS","M","$","M","M","?","R","E"],"build_version":"2019-07-17","purchased_purges":1,"victory":false,"max_hp_per_floor":[75,75,75,75,75,75,75,75,75,75,75,75,75,75,75,75,75,75,75,75,75,75,75,75],"card_choices":[{"not_picked":["Anger","Havoc","Clothesline"],"picked":"SKIP","floor":1.0},{"not_picked":["Thunderclap","Corruption","True Grit"],"picked":"SKIP","floor":5.0},{"not_picked":["Perfected Strike","Havoc"],"picked":"Sword Boomerang","floor":7.0},{"not_picked":["Cleave","Perfected Strike"],"picked":"Iron Wave","floor":10.0},{"not_picked":["Perfected Strike","Infernal Blade"],"picked":"Reaper","floor":13.0},{"not_picked":["Feed","Juggernaut"],"picked":"Offering","floor":16.0},{"not_picked":["Sentinel","Flex"],"picked":"True Grit","floor":18.0},{"not_picked":["Armaments","Pommel Strike"],"picked":"Ghostly Armor","floor":20},{"not_picked":["Clothesline","Flex","Clash"],"picked":"SKIP","floor":21}],"player_experience":660412,"relics_obtained":[{"floor":4.0,"key":"Omamori"},{"floor":7.0,"key":"Shuriken"},{"floor":9.0,"key":"Bottled Flame"},{"floor":10.0,"key":"Potion Belt"}],"event_choices":[{"damage_healed":0.0,"max_hp_gain":0.0,"max_hp_loss":0.0,"gold_gain":0.0,"event_name":"The Woman in Blue","player_choice":"Bought 2 Potions","floor":2.0,"gold_loss":0.0,"damage_taken":0.0},{"damage_healed":0.0,"max_hp_gain":0.0,"max_hp_loss":0.0,"gold_gain":0.0,"event_name":"Scrap Ooze","player_choice":"Success","floor":8.0,"gold_loss":0.0,"damage_taken":5.0,"relics_obtained":["Peace Pipe"]},{"damage_healed":0.0,"max_hp_gain":0.0,"max_hp_loss":0.0,"gold_gain":0.0,"event_name":"Lab","player_choice":"Got Potions","floor":14.0,"gold_loss":0.0,"damage_taken":0.0},{"damage_healed":0,"gold_gain":0,"player_choice":"Paid Gold","damage_taken":0,"relics_obtained":["Vajra"],"max_hp_gain":0,"max_hp_loss":0,"event_name":"WeMeetAgain","floor":22,"gold_loss":51}],"is_beta":false,"boss_relics":[{"not_picked":["Pandora\u0027s Box","Eternal Feather"],"picked":"Mark of Pain"}],"items_purged_floors":[19],"is_endless":false,"potions_floor_spawned":[7,13,16,20],"killed_by":"Book of Stabbing","ascension_level":17}