{"gold_per_floor":[119,119,132,57,70,70,70,98,98,98,138,161,89,108,108,239,239,257,272,272,17,30,30,53,53,53,29,45,45,45,59,59,179,179,204,224,224,349,89,125,143,181,181,181,181,181,181,199,199,199],"floor_reached":51,"playtime":2420,"items_purged":["Strike_R"],"score":730,"play_id":"e67de342-f037-46be-a185-ac007f4e4e78","local_time":"20190406225953","is_ascension_mode":false,"campfire_choices":[{"data":"Uppercut","floor":6.0,"key":"SMITH"},{"data":"Whirlwind","floor":15.0,"key":"SMITH"},{"data":"Flame Barrier","floor":23.0,"key":"SMITH"},{"data":"Blood for Blood","floor":25.0,"key":"SMITH"},{"data":"Heavy Blade","floor":30.0,"key":"SMITH"},{"data":"Spot Weakness","floor":32.0,"key":"SMITH"},{"data":"Dual Wield","floor":46.0,"key":"SMITH"},{"floor":49.0,"key":"REST"}],"neow_cost":"NONE","seed_source_timestamp":0,"circlet_count":0,"master_deck":["Bash","Uppercut+1","Whirlwind+1","Battle Trance","Shrug It Off","Pommel Strike","Metallicize+1","Inflame+1","Berserk+1","Flex","Heavy Blade+1","Bloodletting","Blood for Blood+1","Dual Wield+1","Reaper","Ghostly Armor+1","Spot Weakness+1","Flame Barrier+1","Shrug It Off","Reaper+1","Uppercut+1","Inflame+1","Whirlwind+1"],"special_seed":0,"relics":["Burning Blood","Golden Idol","Odd Mushroom","Frozen Egg 2","StoneCalendar","Pandora\u0027s Box","Singing Bowl","Ancient Tea Set","White Beast Statue","Prayer Wheel","Dodecahedron","Unceasing Top","Boot","Whetstone"],"potions_floor_usage":[50,50,50],"damage_taken":[{"damage":0.0,"enemies":"Small Slimes","floor":1.0,"turns":3.0},{"damage":3.0,"enemies":"Jaw Worm","floor":3.0,"turns":3.0},{"damage":2.0,"enemies":"2 Louse","floor":5.0,"turns":3.0},{"damage":31.0,"enemies":"The Mushroom Lair","floor":8.0,"turns":6.0},{"damage":9.0,"enemies":"Gremlin Nob","floor":11.0,"turns":4.0},{"damage":1.0,"enemies":"Exordium Wildlife","floor":12.0,"turns":3.0},{"damage":17.0,"enemies":"Exordium Thugs","floor":14.0,"turns":5.0},{"damage":6.0,"enemies":"The Guardian","floor":16.0,"turns":9.0},{"damage":10.0,"enemies":"3 Byrds","floor":18.0,"turns":3.0},{"damage":28.0,"enemies":"Spheric Guardian","floor":19.0,"turns":4.0},{"damage":3.0,"enemies":"Snecko","floor":22.0,"turns":4.0},{"damage":17.0,"enemies":"Centurion and Healer","floor":24.0,"turns":7.0},{"damage":27.0,"enemies":"Shelled Parasite and Fungi","floor":28.0,"turns":7.0},{"damage":0.0,"enemies":"3 Cultists","floor":31.0,"turns":3.0},{"damage":51.0,"enemies":"Collector","floor":33.0,"turns":6.0},{"damage":15.0,"enemies":"3 Shapes","floor":35.0,"turns":7.0},{"damage":39.0,"enemies":"Orb Walker","floor":36.0,"turns":6.0},{"damage":7.0,"enemies":"Mind Bloom Boss Battle","floor":38.0,"turns":7.0},{"damage":63.0,"enemies":"Giant Head","floor":40.0,"turns":9.0},{"damage":20.0,"enemies":"3 Darklings","floor":41.0,"turns":7.0},{"damage":72.0,"enemies":"Reptomancer","floor":42.0,"turns":6.0},{"damage":13.0,"enemies":"Jaw Worm Horde","floor":48.0,"turns":3.0},{"damage":139,"enemies":"Awakened One","floor":50,"turns":12}],"seed_played":"5591002406657037039","potions_obtained":[{"floor":1.0,"key":"Strength Potion"},{"floor":3.0,"key":"BloodPotion"},{"floor":12.0,"key":"BloodPotion"},{"floor":19.0,"key":"Weak Potion"},{"floor":22.0,"key":"Energy Potion"},{"floor":35.0,"key":"Ancient Potion"},{"floor":40.0,"key":"FearPotion"},{"floor":41.0,"key":"Explosive Potion"},{"floor":42.0,"key":"PowerPotion"},{"floor":48.0,"key":"Dexterity Potion"}],"is_trial":false,"path_per_floor":["M","?","M","$","M","R","?","?","T","?","E","M","$","M","R","B",null,"M","M","?","$","M","R","M","R","T","$","M","?","R","M","R","B",null,"M","M","?","?","$","E","M","E","T","?","?","R","?","M","R","B",null],"character_chosen":"IRONCLAD","items_purchased":["Inflame+1","Singing Bowl","Shrug It Off","Dodecahedron"],"campfire_rested":1,"item_purchase_floors":[13,21,27,39],"current_hp_per_floor":[80,60,63,63,67,67,60,43,43,48,45,50,50,39,39,39,85,81,64,64,64,82,82,87,87,87,87,83,83,83,91,91,67,91,93,64,66,91,91,64,66,24,24,88,84,84,84,86,88,9],"gold":199,"neow_bonus":"THREE_CARDS","is_prod":false,"is_daily":false,"chose_seed":false,"campfire_upgraded":7,"win_rate":0,"timestamp":1554616793,"path_taken":["M","?","M","$","M","R","?","?","T","?","E","?","$","M","R","BOSS","M","M","?","$","M","R","M","R","T","?","?","?","R","M","R","BOSS","M","M","?","?","$","E","M","E","T","?","?","R","?","M","R","BOSS"],"build_version":"2019-01-23","purchased_purges":1,"victory":true,"max_hp_per_floor":[80,80,80,80,80,80,80,80,80,85,85,85,85,85,85,85,85,85,85,85,85,85,85,87,87,87,87,89,89,89,91,91,91,91,93,95,97,97,97,97,99,101,101,88,84,84,84,88,88,88],"card_choices":[{"not_picked":["Intimidate","Iron Wave"],"picked":"Uppercut","floor":0.0},{"not_picked":["Armaments","Wild Strike"],"picked":"Whirlwind","floor":1.0},{"not_picked":["Iron Wave","Battle Trance"],"picked":"Headbutt","floor":3.0},{"not_picked":["Headbutt","Heavy Blade"],"picked":"Battle Trance","floor":5.0},{"not_picked":["True Grit","Clothesline"],"picked":"Shrug It Off","floor":8.0},{"not_picked":["True Grit","Fire Breathing+1"],"picked":"Pommel Strike","floor":11.0},{"not_picked":["Sever Soul","Combust+1"],"picked":"Metallicize+1","floor":12.0},{"not_picked":["Dark Embrace+1","Corruption+1","Pommel Strike"],"picked":"SKIP","floor":14.0},{"not_picked":["Fiend Fire","Reaper"],"picked":"Berserk+1","floor":16.0},{"not_picked":["Thunderclap","Entrench","Heavy Blade"],"picked":"SKIP","floor":18.0},{"not_picked":["Warcry+1","Pommel Strike"],"picked":"Ghostly Armor+1","floor":19.0},{"not_picked":["Battle Trance","Twin Strike"],"picked":"Flame Barrier","floor":22.0},{"not_picked":["Sword Boomerang","Perfected Strike","Intimidate+1"],"picked":"Singing Bowl","floor":24.0},{"not_picked":["Seeing Red","Anger","Perfected Strike"],"picked":"Singing Bowl","floor":28.0},{"not_picked":["Bloodletting+1","Blood for Blood","Clash"],"picked":"Singing Bowl","floor":31.0},{"not_picked":["Impervious","Feed"],"picked":"Reaper","floor":33.0},{"not_picked":["Clash","Wild Strike","Reckless Charge"],"picked":"Singing Bowl","floor":35.0},{"not_picked":["Dual Wield","Flex","Perfected Strike"],"picked":"Singing Bowl","floor":36.0},{"not_picked":["Mind Blast","PanicButton","Dark Shackles"],"picked":"Singing Bowl","floor":37.0},{"not_picked":["Wild Strike+1","Bloodletting"],"picked":"Uppercut+1","floor":38.0},{"not_picked":["Infernal Blade+1","Dark Embrace+1"],"picked":"Inflame+1","floor":40.0},{"not_picked":["Perfected Strike+1","Sword Boomerang","Clothesline"],"picked":"Singing Bowl","floor":41.0},{"not_picked":["Inflame+1","Flex"],"picked":"Whirlwind","floor":41.0},{"not_picked":["Warcry","Fiend Fire","Armaments"],"picked":"Singing Bowl","floor":42.0},{"not_picked":["Sever Soul+1","True Grit+1","Pommel Strike+1"],"picked":"Singing Bowl","floor":48.0},{"not_picked":["Shrug It Off","Heavy Blade+1","Bloodletting"],"picked":"Singing Bowl","floor":48.0}],"player_experience":962352,"relics_obtained":[{"floor":8.0,"key":"Odd Mushroom"},{"floor":9.0,"key":"Frozen Egg 2"},{"floor":11.0,"key":"StoneCalendar"},{"floor":26.0,"key":"Ancient Tea Set"},{"floor":38.0,"key":"Prayer Wheel"},{"floor":40.0,"key":"Unceasing Top"},{"floor":42.0,"key":"Boot"},{"floor":43.0,"key":"Whetstone"}],"event_choices":[{"damage_healed":0.0,"max_hp_gain":0.0,"max_hp_loss":0.0,"gold_gain":0.0,"event_name":"Golden Idol","player_choice":"Take Damage","floor":2.0,"gold_loss":0.0,"damage_taken":20.0,"relics_obtained":["Golden Idol"]},{"cards_removed":["Strike_R"],"damage_healed":0.0,"max_hp_gain":0.0,"max_hp_loss":0.0,"gold_gain":0.0,"event_name":"Golden Wing","player_choice":"Card Removal","floor":7.0,"gold_loss":0.0,"damage_taken":7.0},{"damage_healed":0.0,"max_hp_gain":0.0,"max_hp_loss":0.0,"gold_gain":0.0,"event_name":"Mushrooms","player_choice":"Fought Mushrooms","floor":8.0,"gold_loss":0.0,"damage_taken":0.0},{"damage_healed":0.0,"max_hp_gain":5.0,"max_hp_loss":0.0,"gold_gain":0.0,"event_name":"Big Fish","player_choice":"Donut","floor":10.0,"gold_loss":0.0,"damage_taken":0.0},{"damage_healed":0.0,"max_hp_gain":0.0,"max_hp_loss":0.0,"gold_gain":0.0,"cards_transformed":["Warcry"],"event_name":"Transmorgrifier","player_choice":"Transformed","floor":20.0,"gold_loss":0.0,"damage_taken":0.0,"cards_obtained":["Spot Weakness"]},{"damage_healed":0.0,"max_hp_gain":0.0,"max_hp_loss":0.0,"gold_gain":0.0,"event_name":"Ghosts","player_choice":"Ignored","floor":29.0,"gold_loss":0.0,"damage_taken":0.0},{"damage_healed":0.0,"max_hp_gain":0.0,"max_hp_loss":0.0,"gold_gain":0.0,"event_name":"SensoryStone","player_choice":"Memory 1","floor":37.0,"gold_loss":0.0,"damage_taken":0.0},{"damage_healed":0.0,"max_hp_gain":0.0,"max_hp_loss":0.0,"gold_gain":0.0,"event_name":"MindBloom","player_choice":"Fight","floor":38.0,"gold_loss":0.0,"damage_taken":0.0},{"damage_healed":88.0,"max_hp_gain":0.0,"max_hp_loss":13.0,"gold_gain":0.0,"event_name":"The Moai Head","player_choice":"Heal","floor":44.0,"gold_loss":0.0,"damage_taken":0.0},{"damage_healed":0.0,"max_hp_gain":0.0,"max_hp_loss":4.0,"gold_gain":0.0,"event_name":"Winding Halls","player_choice":"Max HP","floor":45.0,"gold_loss":0.0,"damage_taken":0.0},{"cards_removed":["Headbutt"],"damage_healed":0.0,"max_hp_gain":0.0,"max_hp_loss":0.0,"gold_gain":0.0,"event_name":"Falling","player_choice":"Removed Attack","floor":47.0,"gold_loss":0.0,"damage_taken":0.0}],"is_beta":false,"boss_relics":[{"not_picked":["Black Blood","Black Star"],"picked":"Pandora\u0027s Box"},{"not_picked":["Runic Cube","Tiny House"],"picked":"White Beast Statue"}],"items_purged_floors":[4],"is_endless":false,"potions_floor_spawned":[1,3,12,19,22,28,35,36,38,40,41,42,48],"ascension_level":0}