{"gold_per_floor":[119,130,143,218,218,218,250,250,250,250,285,304,304,324,324,423,423,438,448,468,478,488,488],"floor_reached":23,"playtime":2346,"items_purged":[],"score":357,"play_id":"74314f4f-92d9-4f88-8175-ca19dd8a3223","local_time":"20190922054806","is_ascension_mode":true,"campfire_choices":[{"data":"Go for the Eyes","floor":6.0,"key":"SMITH"},{"data":"Conserve Battery","floor":8.0,"key":"SMITH"},{"data":"Self Repair","floor":10.0,"key":"SMITH"},{"floor":13.0,"key":"REST"},{"data":"Rainbow","floor":15.0,"key":"SMITH"}],"neow_cost":"NONE","seed_source_timestamp":1149844706588272,"circlet_count":0,"master_deck":["AscendersBane","Strike_B","Strike_B","Strike_B","Defend_B","Defend_B","Defend_B","Defend_B","Zap","Dualcast","Conserve Battery+1","Go for the Eyes+1","Self Repair+1","Leap","Rainbow+1","Multi-Cast","Ball Lightning+1","Defragment","Compile Driver+1"],"special_seed":0,"relics":["Cracked Core","Potion Belt","Mummified Hand","Pocketwatch","Coffee Dripper"],"potions_floor_usage":[21,23],"damage_taken":[{"damage":2.0,"enemies":"2 Louse","floor":1.0,"turns":3.0},{"damage":4.0,"enemies":"Jaw Worm","floor":2.0,"turns":5.0},{"damage":1.0,"enemies":"Cultist","floor":3.0,"turns":3.0},{"damage":0.0,"enemies":"Lagavulin","floor":7.0,"turns":7.0},{"damage":55.0,"enemies":"3 Sentries","floor":11.0,"turns":11.0},{"damage":10.0,"enemies":"Gremlin Gang","floor":12.0,"turns":6.0},{"damage":18.0,"enemies":"Exordium Thugs","floor":14.0,"turns":6.0},{"damage":2.0,"enemies":"Slime Boss","floor":16.0,"turns":8.0},{"damage":14.0,"enemies":"2 Thieves","floor":18.0,"turns":3.0},{"damage":1.0,"enemies":"Spheric Guardian","floor":19.0,"turns":3.0},{"damage":19.0,"enemies":"Snake Plant","floor":20.0,"turns":4.0},{"damage":33,"enemies":"Cultist and Chosen","floor":21,"turns":6},{"damage":14,"enemies":"Centurion and Healer","floor":22,"turns":7},{"damage":22,"enemies":"Slavers","floor":23,"turns":1}],"seed_played":"6104145762437563050","potions_obtained":[{"floor":1.0,"key":"PowerPotion"},{"floor":12.0,"key":"Block Potion"},{"floor":14.0,"key":"Dexterity Potion"},{"floor":16.0,"key":"PowerPotion"},{"floor":20.0,"key":"PowerPotion"},{"floor":22,"key":"SkillPotion"}],"is_trial":false,"path_per_floor":["M","M","M","?","?","R","E","R","T","R","E","M","R","M","R","B",null,"M","M","M","M","M","E"],"character_chosen":"DEFECT","items_purchased":[],"campfire_rested":1,"item_purchase_floors":[],"current_hp_per_floor":[73,69,68,57,57,57,57,57,57,57,12,12,36,28,28,36,71,57,56,47,24,20,0],"gold":488,"neow_bonus":"TEN_PERCENT_HP_BONUS","is_prod":false,"is_daily":false,"chose_seed":false,"campfire_upgraded":4,"win_rate":0,"timestamp":1569145686,"path_taken":["M","M","M","?","?","R","E","R","T","R","E","M","R","M","R","BOSS","M","M","?","M","?","E"],"build_version":"2019-07-17","purchased_purges":0,"victory":false,"max_hp_per_floor":[82,82,82,82,82,82,82,82,82,82,82,82,82,82,82,82,82,82,82,82,82,82,82],"card_choices":[{"not_picked":["Force Field","Coolheaded","Ball Lightning"],"picked":"SKIP","floor":1.0},{"not_picked":["Redo","Storm"],"picked":"Conserve Battery","floor":2.0},{"not_picked":["Turbo","Multi-Cast"],"picked":"Go for the Eyes","floor":3.0},{"not_picked":["Skim","Beam Cell"],"picked":"Self Repair","floor":7.0},{"not_picked":["Blizzard","Force Field","Double Energy"],"picked":"SKIP","floor":11.0},{"not_picked":["Stack","Rebound"],"picked":"Leap","floor":12.0},{"not_picked":["Rebound","Conserve Battery"],"picked":"Rainbow","floor":14.0},{"not_picked":["Hyperbeam","Amplify"],"picked":"Multi-Cast","floor":16.0},{"not_picked":["Streamline","Darkness"],"picked":"Ball Lightning+1","floor":18.0},{"not_picked":["Sweeping Beam","Barrage"],"picked":"Defragment","floor":19.0},{"not_picked":["Leap","Beam Cell","Ball Lightning+1"],"picked":"SKIP","floor":20.0},{"not_picked":["Fusion","Heatsinks","Stack+1"],"picked":"SKIP","floor":21},{"not_picked":["Redo","Steam"],"picked":"Compile Driver+1","floor":22}],"player_experience":333459,"relics_obtained":[{"floor":7.0,"key":"Potion Belt"},{"floor":9.0,"key":"Mummified Hand"},{"floor":11.0,"key":"Pocketwatch"}],"event_choices":[{"damage_healed":0.0,"max_hp_gain":0.0,"max_hp_loss":0.0,"gold_gain":75.0,"event_name":"World of Goop","player_choice":"Gather Gold","floor":4.0,"gold_loss":0.0,"damage_taken":11.0},{"cards_removed":["Strike_B"],"damage_healed":0.0,"max_hp_gain":0.0,"max_hp_loss":0.0,"gold_gain":0.0,"event_name":"Purifier","player_choice":"Purged","floor":5.0,"gold_loss":0.0,"damage_taken":0.0}],"is_beta":false,"boss_relics":[{"not_picked":["Fusion Hammer","Empty Cage"],"picked":"Coffee Dripper"}],"items_purged_floors":[],"is_endless":false,"potions_floor_spawned":[1,12,14,16,20,22],"killed_by":"Slavers","ascension_level":11}