{"gold_per_floor":[110,126,226,240,252,252,252,252,252,252,285,305,319,319,319,319],"floor_reached":16,"playtime":494,"items_purged":[],"score":102,"play_id":"50d6e422-155c-4cc4-ad24-ff3554bf8936","local_time":"20190405154854","is_ascension_mode":false,"campfire_choices":[{"data":"Cloak And Dagger","floor":6,"key":"SMITH"},{"data":"Neutralize","floor":8,"key":"SMITH"},{"data":"Cloak And Dagger","floor":15,"key":"SMITH"}],"neow_cost":"NONE","seed_source_timestamp":44925077731359,"circlet_count":0,"master_deck":["Defend_G","Defend_G","Defend_G","Defend_G","Defend_G","Strike_G","Strike_G","Strike_G","Strike_G","Survivor","Neutralize+1","Poisoned Stab","Dagger Spray","Cloak And Dagger+1","Cloak And Dagger+1","Heel Hook","Well Laid Plans"],"relics":["Black Star","Blood Vial","Dodecahedron","Torii","PreservedInsect"],"potions_floor_usage":[11],"damage_taken":[{"damage":0,"enemies":"2 Louse","floor":1,"turns":3},{"damage":1,"enemies":"Cultist","floor":2,"turns":4},{"damage":0,"enemies":"Jaw Worm","floor":4,"turns":4},{"damage":0,"enemies":"3 Louse","floor":5,"turns":3},{"damage":14,"enemies":"Lagavulin","floor":11,"turns":8},{"damage":2,"enemies":"Large Slime","floor":12,"turns":7},{"damage":0,"enemies":"Red Slaver","floor":13,"turns":4},{"damage":48,"enemies":"Hexaghost","floor":16,"turns":14}],"seed_played":"8426551046182504616","potions_obtained":[{"floor":4,"key":"Weak Potion"},{"floor":12,"key":"FearPotion"},{"floor":13,"key":"SteroidPotion"}],"is_trial":false,"path_per_floor":["M","M","?","M","M","R","?","R","T","?","E","M","M","?","R","B"],"character_chosen":"THE_SILENT","items_purchased":[],"campfire_rested":0,"item_purchase_floors":[],"current_hp_per_floor":[70,69,69,69,69,69,74,74,74,67,55,55,57,45,45,0],"gold":319,"neow_bonus":"BOSS_RELIC","is_prod":false,"is_daily":false,"chose_seed":false,"campfire_upgraded":3,"win_rate":0,"timestamp":1554504534,"path_taken":["M","M","?","M","?","R","?","R","T","?","E","M","M","?","R","BOSS"],"build_version":"2019-01-23","purchased_purges":0,"victory":false,"max_hp_per_floor":[70,70,70,70,70,70,75,75,75,75,75,75,75,75,75,75],"card_choices":[{"not_picked":["Acrobatics","Catalyst"],"picked":"Poisoned Stab","floor":1},{"not_picked":["Prepared","Reflex"],"picked":"Dagger Spray","floor":2},{"not_picked":["Flying Knee","Slice"],"picked":"Cloak And Dagger","floor":4},{"not_picked":["Crippling Poison","Dagger Spray"],"picked":"Cloak And Dagger","floor":5},{"not_picked":["Burst","Concentrate"],"picked":"Heel Hook","floor":11},{"not_picked":["Bane","Quick Slash","Masterful Stab"],"picked":"SKIP","floor":12},{"not_picked":["Distraction","Terror"],"picked":"Well Laid Plans","floor":13}],"player_experience":951738,"relics_obtained":[{"floor":9,"key":"Blood Vial"},{"floor":11,"key":"Dodecahedron"},{"floor":11,"key":"Torii"}],"event_choices":[{"damage_healed":0,"gold_gain":100,"player_choice":"Pray","damage_taken":0,"max_hp_gain":0,"max_hp_loss":0,"event_name":"Golden Shrine","floor":3,"gold_loss":0},{"damage_healed":0,"gold_gain":0,"player_choice":"Donut","damage_taken":0,"max_hp_gain":5,"max_hp_loss":0,"event_name":"Big Fish","floor":7,"gold_loss":0},{"cards_removed":["Strike_G"],"damage_healed":0,"gold_gain":0,"player_choice":"Card Removal","damage_taken":7,"max_hp_gain":0,"max_hp_loss":0,"event_name":"Golden Wing","floor":10,"gold_loss":0},{"damage_healed":0,"gold_gain":0,"player_choice":"Success","damage_taken":12,"relics_obtained":["PreservedInsect"],"max_hp_gain":0,"max_hp_loss":0,"event_name":"Scrap Ooze","floor":14,"gold_loss":0}],"is_beta":false,"boss_relics":[],"items_purged_floors":[],"is_endless":false,"potions_floor_spawned":[4,12,13],"killed_by":"Hexaghost","ascension_level":0}