{"gold_per_floor":[118,118,118,118,93,123,123,135,184,217,217,242,48,59,59,130,130,146,146,157,157,173,173,192,192,219,237,253,266,266],"floor_reached":30,"playtime":1580,"items_purged":["Strike_G"],"score":413,"play_id":"ca6c4716-ddc0-41d3-9538-db2c78673b85","local_time":"20190922213509","is_ascension_mode":true,"campfire_choices":[{"floor":7,"key":"REST"},{"floor":11,"key":"REST"},{"floor":15,"key":"REST"},{"data":"Catalyst","floor":23,"key":"SMITH"},{"floor":25,"key":"REST"}],"neow_cost":"NONE","seed_source_timestamp":539829921242599,"circlet_count":0,"master_deck":["AscendersBane","Strike_G","Strike_G","Strike_G","Defend_G","Defend_G","Defend_G","Defend_G+1","Defend_G","Survivor","Neutralize+1","Backflip","Backstab","Poisoned Stab","Footwork","Poisoned Stab","Caltrops","Backstab","Dagger Throw","Malaise","Sucker Punch+1","RitualDagger","Catalyst+1","PiercingWail","Backflip"],"special_seed":0,"relics":["Velvet Choker","Vajra","Ancient Tea Set","Akabeko","Torii","Sozu","CultistMask","Centennial Puzzle"],"potions_floor_usage":[6,10,16],"damage_taken":[{"damage":0.0,"enemies":"Jaw Worm","floor":1.0,"turns":5.0},{"damage":41,"enemies":"3 Sentries","floor":6,"turns":15},{"damage":0,"enemies":"Small Slimes","floor":8,"turns":3},{"damage":12,"enemies":"Lagavulin","floor":10,"turns":5},{"damage":18,"enemies":"3 Sentries","floor":12,"turns":9},{"damage":0,"enemies":"2 Louse","floor":14,"turns":1},{"damage":6,"enemies":"Hexaghost","floor":16,"turns":8},{"damage":2,"enemies":"2 Thieves","floor":18,"turns":4},{"damage":2,"enemies":"Chosen","floor":20,"turns":5},{"damage":7,"enemies":"Snecko","floor":22,"turns":8},{"damage":23,"enemies":"Centurion and Healer","floor":24,"turns":6},{"damage":17,"enemies":"Snake Plant","floor":27,"turns":4},{"damage":1,"enemies":"Snecko","floor":28,"turns":4},{"damage":11,"enemies":"Centurion and Healer","floor":29,"turns":7},{"damage":28,"enemies":"Cultist and Chosen","floor":30,"turns":4}],"seed_played":"4079300709860002019","potions_obtained":[{"floor":1.0,"key":"FearPotion"},{"floor":6,"key":"Strength Potion"},{"floor":12,"key":"DuplicationPotion"}],"is_trial":false,"path_per_floor":["M","?","?","?","?","E","R","M","T","E","R","E","$","M","R","B",null,"M","?","M","?","M","R","M","R","T","M","M","M","M"],"character_chosen":"THE_SILENT","items_purchased":["Caltrops","Backstab"],"campfire_rested":4,"item_purchase_floors":[13,13],"current_hp_per_floor":[63,68,53,46,46,5,27,27,27,15,37,19,19,19,41,35,65,63,57,55,55,48,48,25,47,47,30,29,18,0],"gold":266,"neow_bonus":"BOSS_RELIC","is_prod":false,"is_daily":false,"chose_seed":false,"campfire_upgraded":1,"win_rate":0,"timestamp":1569213309,"path_taken":["M","?","?","?","?","E","R","M","T","E","R","E","?","?","R","BOSS","M","?","M","?","M","R","?","R","T","M","M","M","M"],"build_version":"2019-09-20","purchased_purges":1,"victory":false,"max_hp_per_floor":[70,75,75,75,75,75,75,75,75,75,75,75,75,75,75,75,75,75,75,75,75,75,75,75,75,75,75,75,75,75],"card_choices":[{"not_picked":["Choke","Finisher"],"picked":"Backflip","floor":1.0},{"not_picked":["Deflect","Outmaneuver"],"picked":"Backstab","floor":6},{"not_picked":["Blade Dance","Concentrate"],"picked":"Poisoned Stab","floor":8},{"not_picked":["Acrobatics","PiercingWail"],"picked":"Footwork","floor":10},{"not_picked":["Slice","Sucker Punch"],"picked":"Poisoned Stab","floor":12},{"not_picked":["Footwork","Concentrate"],"picked":"Dagger Throw","floor":14},{"not_picked":["Burst","Venomology"],"picked":"Malaise","floor":16},{"not_picked":["Flechettes","Flying Knee"],"picked":"Sucker Punch+1","floor":18},{"not_picked":["PiercingWail","Dagger Spray"],"picked":"Catalyst","floor":20},{"not_picked":["Poisoned Stab","Slice"],"picked":"PiercingWail","floor":22},{"not_picked":["Setup","All Out Attack","Slice"],"picked":"SKIP","floor":24},{"not_picked":["Prepared","Night Terror"],"picked":"Backflip","floor":27},{"not_picked":["Cloak And Dagger","Concentrate","Backflip"],"picked":"SKIP","floor":28},{"not_picked":["Poisoned Stab","Cloak And Dagger","Sucker Punch"],"picked":"SKIP","floor":29}],"player_experience":1462886,"relics_obtained":[{"floor":6,"key":"Vajra"},{"floor":9,"key":"Ancient Tea Set"},{"floor":10,"key":"Akabeko"},{"floor":12,"key":"Torii"},{"floor":26,"key":"Centennial Puzzle"}],"event_choices":[{"damage_healed":0.0,"max_hp_gain":5.0,"max_hp_loss":0.0,"gold_gain":0.0,"event_name":"Big Fish","player_choice":"Donut","floor":2.0,"gold_loss":0.0,"damage_taken":0.0},{"damage_healed":0.0,"max_hp_gain":0.0,"max_hp_loss":0.0,"gold_gain":0.0,"event_name":"Shining Light","player_choice":"Entered Light","floor":3.0,"gold_loss":0.0,"damage_taken":15.0,"cards_upgraded":["Defend_G","Neutralize"]},{"cards_removed":["Strike_G"],"damage_healed":0.0,"max_hp_gain":0.0,"max_hp_loss":0.0,"gold_gain":0.0,"event_name":"Golden Wing","player_choice":"Card Removal","floor":4.0,"gold_loss":0.0,"damage_taken":7.0},{"damage_healed":0.0,"max_hp_gain":0.0,"max_hp_loss":0.0,"gold_gain":0.0,"event_name":"World of Goop","player_choice":"Left Gold","floor":5.0,"gold_loss":25.0,"damage_taken":0.0},{"damage_healed":0,"gold_gain":0,"player_choice":"Joined the Cult","damage_taken":6,"max_hp_gain":0,"max_hp_loss":0,"event_name":"Nest","floor":19,"gold_loss":0,"cards_obtained":["RitualDagger"]},{"damage_healed":0,"gold_gain":0,"player_choice":"Trade","damage_taken":0,"relics_obtained":["CultistMask"],"max_hp_gain":0,"max_hp_loss":0,"event_name":"FaceTrader","floor":21,"gold_loss":0}],"is_beta":true,"boss_relics":[{"not_picked":["Snecko Eye","Busted Crown"],"picked":"Sozu"}],"items_purged_floors":[13],"is_endless":false,"potions_floor_spawned":[1,6,12,22,27,28],"killed_by":"Cultist and Chosen","ascension_level":13}