{"gold_per_floor":[213,288,305,325,337,337,337,337,337,349,366,366,68,88,88,185,185,200,216,236,236,248,248,259,271,271,271,283,183,213,232,232,334,334,352,366,366,385,28,40,69,82,159,169,169,199,199,217,217,217],"floor_reached":51,"playtime":6799,"items_purged":["Decay","Clumsy","Defend_P"],"score":934,"play_id":"64ae6d5f-14cb-44d0-8512-504e78cda383","local_time":"20190923231152","is_ascension_mode":true,"campfire_choices":[{"data":"Eruption","floor":6.0,"key":"SMITH"},{"data":"Meditate","floor":8.0,"key":"SMITH"},{"data":"Wallop","floor":15.0,"key":"SMITH"},{"floor":23.0,"key":"REST"},{"data":"Ghostly","floor":32.0,"key":"SMITH"},{"floor":45.0,"key":"REST"},{"floor":47.0,"key":"REST"},{"floor":49,"key":"REST"}],"neow_cost":"NONE","seed_source_timestamp":0,"circlet_count":0,"master_deck":["Strike_P","Strike_P","Strike_P","Strike_P+1","Defend_P+1","Defend_P+1","Defend_P+1","Eruption+1","Vigilance+1","FearNoEvil","Tantrum+1","Wallop+1","Meditate+1","InnerPeace+1","Wallop+1","Fasting+1","TalkToTheHand+1","LessonLearned+1","WheelKick+1","Meditate+1","Wireheading+1","SignatureMove+1","Ghostly+1","Ghostly","Ghostly","Ghostly","Ghostly+1","WaveOfTheHand+1","ThirdEye+1","TalkToTheHand+1","DevaForm","CrushJoints","Secret Technique+1","Metaphysics","Vengeance+1"],"special_seed":0,"relics":["PureWater","Pantograph","Strawberry","Lantern","Cursed Key","Bottled Tornado","The Courier","Fusion Hammer","GremlinMask","Omamori","Art of War","Darkstone Periapt","Happy Flower"],"potions_floor_usage":[50,50],"damage_taken":[{"damage":0.0,"enemies":"2 Louse","floor":1.0,"turns":4.0},{"damage":1.0,"enemies":"Cultist","floor":3.0,"turns":3.0},{"damage":0.0,"enemies":"Jaw Worm","floor":4.0,"turns":4.0},{"damage":1.0,"enemies":"Red Slaver","floor":5.0,"turns":3.0},{"damage":18.0,"enemies":"Lots of Slimes","floor":10.0,"turns":4.0},{"damage":0.0,"enemies":"2 Fungi Beasts","floor":11.0,"turns":2.0},{"damage":2.0,"enemies":"Large Slime","floor":14.0,"turns":4.0},{"damage":0.0,"enemies":"Slime Boss","floor":16.0,"turns":5.0},{"damage":7.0,"enemies":"3 Byrds","floor":18.0,"turns":5.0},{"damage":11.0,"enemies":"Shell Parasite","floor":19.0,"turns":4.0},{"damage":0.0,"enemies":"Centurion and Healer","floor":20.0,"turns":5.0},{"damage":18.0,"enemies":"Cultist and Chosen","floor":22.0,"turns":6.0},{"damage":23.0,"enemies":"Sentry and Sphere","floor":24.0,"turns":5.0},{"damage":5.0,"enemies":"Centurion and Healer","floor":25.0,"turns":4.0},{"damage":1.0,"enemies":"Chosen and Byrds","floor":28.0,"turns":5.0},{"damage":3.0,"enemies":"Slavers","floor":30.0,"turns":6.0},{"damage":0.0,"enemies":"3 Cultists","floor":31.0,"turns":5.0},{"damage":17.0,"enemies":"Collector","floor":33.0,"turns":10.0},{"damage":8.0,"enemies":"3 Shapes","floor":35.0,"turns":4.0},{"damage":1.0,"enemies":"Orb Walker","floor":36.0,"turns":5.0},{"damage":1.0,"enemies":"Jaw Worm Horde","floor":38.0,"turns":5.0},{"damage":0.0,"enemies":"Sphere and 2 Shapes","floor":40.0,"turns":4.0},{"damage":13.0,"enemies":"Reptomancer","floor":41.0,"turns":8.0},{"damage":3.0,"enemies":"Writhing Mass","floor":42.0,"turns":5.0},{"damage":0.0,"enemies":"Transient","floor":44.0,"turns":5.0},{"damage":4.0,"enemies":"Giant Head","floor":46.0,"turns":7.0},{"damage":2,"enemies":"Sphere and 2 Shapes","floor":48,"turns":6},{"damage":0,"enemies":"Awakened One","floor":50,"turns":14}],"seed_played":"-5339875654733941117","potions_obtained":[{"floor":1.0,"key":"SkillPotion"},{"floor":11.0,"key":"Energy Potion"},{"floor":14.0,"key":"Explosive Potion"},{"floor":18.0,"key":"Swift Potion"},{"floor":19.0,"key":"EssenceOfSteel"},{"floor":24.0,"key":"Energy Potion"},{"floor":28.0,"key":"AttackPotion"},{"floor":36.0,"key":"FearPotion"},{"floor":40.0,"key":"Block Potion"},{"floor":46.0,"key":"StancePotion"}],"is_trial":false,"path_per_floor":["M","?","M","M","M","R","?","R","T","M","M","?","$","M","R","B",null,"M","M","M","$","M","R","M","M","T","?","M","$","E","M","R","B",null,"M","M","?","M","$","M","E","M","T","M","R","E","R","M","R","B",null],"character_chosen":"WATCHER","items_purchased":["Lantern","Fasting","Secret Technique","Omamori"],"campfire_rested":4,"item_purchase_floors":[13,13,39,39],"current_hp_per_floor":[65,54,53,53,52,52,52,52,59,41,41,41,41,39,39,64,72,65,54,54,54,36,57,34,29,29,29,28,28,25,25,25,19,36,28,27,27,26,26,26,13,10,10,10,20,16,26,24,34,36],"gold":217,"neow_bonus":"HUNDRED_GOLD","is_prod":false,"is_daily":false,"chose_seed":false,"campfire_upgraded":4,"win_rate":0,"timestamp":1569273112,"path_taken":["M","?","M","M","M","R","?","R","T","M","M","?","$","M","R","BOSS","M","M","M","?","?","R","M","M","T","?","M","$","E","M","R","BOSS","M","M","?","M","$","M","E","M","T","?","R","E","R","?","R","BOSS"],"build_version":"2019-09-23","purchased_purges":3,"victory":true,"max_hp_per_floor":[65,65,65,65,65,65,65,65,72,72,72,72,72,72,72,72,72,72,72,72,72,72,72,72,72,72,36,36,36,36,36,36,36,36,36,36,36,36,36,36,36,36,36,36,36,36,36,36,36,36],"card_choices":[{"not_picked":["PathToVictory","FlyingSleeves"],"picked":"FearNoEvil","floor":1.0},{"not_picked":["CarveReality","EmptyBody"],"picked":"Tantrum","floor":3.0},{"not_picked":["FollowUp","CutThroughFate"],"picked":"Wallop","floor":4.0},{"not_picked":["BowlingBash","Conclude"],"picked":"Meditate","floor":5.0},{"not_picked":["EmptyBody","Omniscience"],"picked":"InnerPeace","floor":10.0},{"not_picked":["BattleHymn","Consecrate"],"picked":"Wallop","floor":11.0},{"not_picked":["FollowUp","ClearTheMind"],"picked":"TalkToTheHand","floor":14.0},{"not_picked":["Blasphemy","Wish"],"picked":"LessonLearned","floor":16.0},{"not_picked":["Protect","Halt"],"picked":"WheelKick","floor":18.0},{"not_picked":["ClearTheMind","Sanctity","CutThroughFate"],"picked":"SKIP","floor":19.0},{"not_picked":["FollowUp","EmptyFist+1"],"picked":"Meditate","floor":20.0},{"not_picked":["WreathOfFlame","Prostrate"],"picked":"Wireheading","floor":22.0},{"not_picked":["ClearTheMind+1","Protect"],"picked":"SignatureMove","floor":24.0},{"not_picked":["FollowUp","Crescendo","FlyingSleeves+1"],"picked":"SKIP","floor":25.0},{"not_picked":["Wireheading","Crescendo+1"],"picked":"WaveOfTheHand+1","floor":28.0},{"not_picked":["EmptyBody","Wish"],"picked":"ThirdEye","floor":30.0},{"not_picked":["PathToVictory","FlyingSleeves"],"picked":"TalkToTheHand+1","floor":31.0},{"not_picked":["Brilliance","Alpha"],"picked":"DevaForm","floor":33.0},{"not_picked":["EmptyBody+1","CarveReality+1"],"picked":"CrushJoints","floor":35.0},{"not_picked":["FlyingSleeves","Halt+1","Prostrate"],"picked":"SKIP","floor":36.0},{"not_picked":["SpiritShield","ClearTheMind","ForeignInfluence"],"picked":"SKIP","floor":38.0},{"not_picked":["PathToVictory","FollowUp"],"picked":"Metaphysics","floor":40.0},{"not_picked":["Consecrate","PathToVictory+1","FollowUp"],"picked":"SKIP","floor":41.0},{"not_picked":["Halt+1","CrushJoints+1","CutThroughFate+1"],"picked":"SKIP","floor":42.0},{"not_picked":["Prostrate","Worship+1","ClearTheMind"],"picked":"SKIP","floor":44.0},{"not_picked":["EmptyFist","Metaphysics"],"picked":"Vengeance+1","floor":46.0},{"not_picked":["ClearTheMind","ThirdEye","JustLucky+1"],"picked":"SKIP","floor":48}],"player_experience":201563,"relics_obtained":[{"floor":9.0,"key":"Strawberry"},{"floor":26.0,"key":"Bottled Tornado"},{"floor":30.0,"key":"The Courier"},{"floor":41.0,"key":"Art of War"},{"floor":43.0,"key":"Darkstone Periapt"},{"floor":46.0,"key":"Happy Flower"}],"event_choices":[{"damage_healed":0.0,"max_hp_gain":0.0,"max_hp_loss":0.0,"gold_gain":75.0,"event_name":"World of Goop","player_choice":"Gather Gold","floor":2.0,"gold_loss":0.0,"damage_taken":11.0},{"damage_healed":0.0,"max_hp_gain":0.0,"max_hp_loss":0.0,"gold_gain":0.0,"event_name":"Dead Adventurer","player_choice":"Searched \u00271\u0027 times","floor":7.0,"gold_loss":0.0,"damage_taken":0.0,"relics_obtained":["Pantograph"]},{"damage_healed":0.0,"max_hp_gain":0.0,"max_hp_loss":0.0,"gold_gain":0.0,"event_name":"Wheel of Change","player_choice":"Cursed","floor":12.0,"gold_loss":0.0,"damage_taken":0.0,"cards_obtained":["Decay"]},{"damage_healed":0.0,"max_hp_gain":0.0,"max_hp_loss":36.0,"gold_gain":0.0,"event_name":"Ghosts","player_choice":"Became a Ghost","floor":27.0,"gold_loss":0.0,"damage_taken":0.0,"cards_obtained":["Ghostly","Ghostly","Ghostly","Ghostly","Ghostly"]},{"damage_healed":0.0,"max_hp_gain":0.0,"max_hp_loss":0.0,"gold_gain":0.0,"event_name":"FaceTrader","player_choice":"Trade","floor":37.0,"gold_loss":0.0,"damage_taken":0.0,"relics_obtained":["GremlinMask"]}],"is_beta":true,"boss_relics":[{"not_picked":["Coffee Dripper","Tiny House"],"picked":"Cursed Key"},{"not_picked":["SlaversCollar","Snecko Eye"],"picked":"Fusion Hammer"}],"items_purged_floors":[13,29,39],"is_endless":false,"potions_floor_spawned":[1,11,14,18,19,24,28,36,40,42,46],"ascension_level":2}