{"gold_per_floor":[117,117,267,85,85,125,125,168,221,264,283,298,298,311,311,410,410,425,438,463,488,488,488,488],"floor_reached":24,"playtime":1592,"items_purged":["Doubt"],"score":410,"play_id":"867489e9-99d2-42bf-8dc4-5e2a4e2ae856","local_time":"20190923025325","is_ascension_mode":true,"campfire_choices":[{"floor":7.0,"key":"REST"},{"floor":13.0,"key":"REST"},{"data":"Dodge and Roll","floor":15.0,"key":"SMITH"},{"data":"Bouncing Flask","floor":23.0,"key":"SMITH"}],"neow_cost":"NONE","seed_source_timestamp":632311423743400,"circlet_count":0,"master_deck":["AscendersBane","Strike_G","Strike_G","Strike_G","Strike_G","Strike_G","Defend_G","Defend_G","Defend_G","Defend_G+1","Defend_G+1","Survivor","Neutralize","Bouncing Flask+1","Noxious Fumes","Dodge and Roll+1","Backflip","Backflip","Tools of the Trade","Well Laid Plans","Dodge and Roll","Well Laid Plans"],"special_seed":0,"relics":["Ring of the Snake","Golden Idol","Snake Skull","Turnip","War Paint","Art of War","Velvet Choker"],"potions_floor_usage":[24,24],"damage_taken":[{"damage":0.0,"enemies":"2 Louse","floor":1.0,"turns":2.0},{"damage":64.0,"enemies":"Gremlin Nob","floor":6.0,"turns":5.0},{"damage":21.0,"enemies":"3 Sentries","floor":8.0,"turns":6.0},{"damage":10.0,"enemies":"Lagavulin","floor":10.0,"turns":7.0},{"damage":0.0,"enemies":"Small Slimes","floor":11.0,"turns":3.0},{"damage":0.0,"enemies":"Jaw Worm","floor":12.0,"turns":4.0},{"damage":4.0,"enemies":"3 Louse","floor":14.0,"turns":4.0},{"damage":12.0,"enemies":"Hexaghost","floor":16.0,"turns":10.0},{"damage":5.0,"enemies":"Spheric Guardian","floor":18.0,"turns":4.0},{"damage":14.0,"enemies":"Shell Parasite","floor":19.0,"turns":5.0},{"damage":7.0,"enemies":"Centurion and Healer","floor":20.0,"turns":7.0},{"damage":11.0,"enemies":"Snake Plant","floor":21.0,"turns":6.0},{"damage":38,"enemies":"Gremlin Leader","floor":24,"turns":5}],"seed_played":"8521963723470342432","potions_obtained":[{"floor":6.0,"key":"Regen Potion"},{"floor":10.0,"key":"AttackPotion"},{"floor":11.0,"key":"SteroidPotion"},{"floor":14.0,"key":"Dexterity Potion"},{"floor":16.0,"key":"PowerPotion"},{"floor":19.0,"key":"Regen Potion"},{"floor":21.0,"key":"PowerPotion"}],"is_trial":false,"path_per_floor":["M","?","?","$","?","E","R","E","T","E","M","M","R","M","R","B",null,"M","M","M","M","?","R","E"],"character_chosen":"THE_SILENT","items_purchased":["Noxious Fumes","Dodge and Roll"],"campfire_rested":2,"item_purchase_floors":[4,4],"current_hp_per_floor":[65,65,65,65,65,1,22,16,16,6,6,6,27,23,23,11,57,52,38,46,35,35,35,0],"gold":488,"neow_bonus":"TEN_PERCENT_HP_BONUS","is_prod":false,"is_daily":false,"chose_seed":false,"campfire_upgraded":2,"win_rate":0,"timestamp":1569178405,"path_taken":["M","?","?","$","?","E","R","E","T","E","M","M","R","M","R","BOSS","M","M","M","M","?","R","E"],"build_version":"2019-07-17","purchased_purges":1,"victory":false,"max_hp_per_floor":[72,72,72,72,72,72,72,72,72,72,72,72,72,72,72,72,72,72,72,72,72,72,72,72],"card_choices":[{"not_picked":["Bane","Concentrate"],"picked":"Bouncing Flask","floor":1.0},{"not_picked":["Underhanded Strike","Unload","Bane"],"picked":"SKIP","floor":6.0},{"not_picked":["Accuracy","Acrobatics","Deadly Poison"],"picked":"SKIP","floor":8.0},{"not_picked":["Deflect","Riddle With Holes"],"picked":"Backflip","floor":10.0},{"not_picked":["Blade Dance","Acrobatics"],"picked":"Backflip","floor":11.0},{"not_picked":["Dagger Throw","Expertise","Endless Agony"],"picked":"SKIP","floor":12.0},{"not_picked":["Crippling Poison","Prepared","Expertise"],"picked":"SKIP","floor":14.0},{"not_picked":["Grand Finale","Envenom"],"picked":"Tools of the Trade","floor":16.0},{"not_picked":["Backflip","Noxious Fumes"],"picked":"Well Laid Plans","floor":18.0},{"not_picked":["Prepared","Sucker Punch"],"picked":"Dodge and Roll","floor":19.0},{"not_picked":["Caltrops","Terror"],"picked":"Well Laid Plans","floor":20.0},{"not_picked":["Tactician","Crippling Poison","Underhanded Strike"],"picked":"SKIP","floor":21.0}],"player_experience":667411,"relics_obtained":[{"floor":6.0,"key":"Snake Skull"},{"floor":8.0,"key":"Turnip"},{"floor":9.0,"key":"War Paint"},{"floor":10.0,"key":"Art of War"}],"event_choices":[{"damage_healed":0.0,"max_hp_gain":0.0,"max_hp_loss":0.0,"gold_gain":0.0,"event_name":"Golden Idol","player_choice":"Take Wound","floor":2.0,"gold_loss":0.0,"damage_taken":0.0,"relics_obtained":["Golden Idol"],"cards_obtained":["Injury"]},{"damage_healed":0.0,"max_hp_gain":0.0,"max_hp_loss":0.0,"gold_gain":150.0,"event_name":"Liars Game","player_choice":"AGREE","floor":3.0,"gold_loss":0.0,"damage_taken":0.0,"cards_obtained":["Doubt"]},{"cards_removed":["Injury"],"damage_healed":0.0,"max_hp_gain":0.0,"max_hp_loss":0.0,"gold_gain":0.0,"event_name":"Living Wall","player_choice":"Forget","floor":5.0,"gold_loss":0.0,"damage_taken":0.0},{"damage_healed":0.0,"max_hp_gain":0.0,"max_hp_loss":0.0,"gold_gain":0.0,"event_name":"Ghosts","player_choice":"Ignored","floor":22.0,"gold_loss":0.0,"damage_taken":0.0}],"is_beta":false,"boss_relics":[{"not_picked":["Astrolabe","Runic Dome"],"picked":"Velvet Choker"}],"items_purged_floors":[4],"is_endless":false,"potions_floor_spawned":[6,10,11,14,16,19,21],"killed_by":"Gremlin Leader","ascension_level":18}