{"gold_per_floor":[116,136,150,166,176,207,207,233,304,329,314],"floor_reached":11,"playtime":1064,"items_purged":[],"score":133,"play_id":"1a042f9a-0e15-4e25-9eb4-52d7fdc15d5c","local_time":"20190921185304","is_ascension_mode":true,"campfire_choices":[{"floor":7,"key":"REST"}],"neow_cost":"NONE","seed_source_timestamp":1112471691485412,"circlet_count":0,"master_deck":["Strike_B","Strike_B","Strike_B","Strike_B","Defend_B","Defend_B","Defend_B","Defend_B","Zap","Dualcast","FTL","All For One","Gash","FTL","Leap"],"relics":["Cracked Core","Oddly Smooth Stone","Bag of Preparation","Shuriken","Prayer Wheel"],"potions_floor_usage":[6,8,10],"damage_taken":[{"damage":5,"enemies":"Small Slimes","floor":1,"turns":4},{"damage":7,"enemies":"Jaw Worm","floor":2,"turns":4},{"damage":1,"enemies":"Cultist","floor":3,"turns":3},{"damage":22,"enemies":"Large Slime","floor":4,"turns":6},{"damage":6,"enemies":"Looter","floor":5,"turns":4},{"damage":25,"enemies":"Lagavulin","floor":6,"turns":6},{"damage":18,"enemies":"3 Sentries","floor":8,"turns":5},{"damage":16,"enemies":"Lagavulin","floor":10,"turns":6},{"damage":13,"enemies":"Exordium Thugs","floor":11,"turns":2}],"seed_played":"-7506956233366114408","potions_obtained":[{"floor":4,"key":"Regen Potion"},{"floor":6,"key":"PowerPotion"},{"floor":8,"key":"LiquidBronze"},{"floor":10,"key":"LiquidBronze"}],"is_trial":false,"path_per_floor":["M","M","M","M","M","E","R","E","T","E","M"],"character_chosen":"DEFECT","items_purchased":[],"campfire_rested":1,"item_purchase_floors":[],"current_hp_per_floor":[70,63,62,40,34,23,47,29,29,13,0],"gold":314,"neow_bonus":"TEN_PERCENT_HP_BONUS","is_prod":false,"is_daily":false,"chose_seed":false,"campfire_upgraded":0,"win_rate":0,"timestamp":1569106384,"path_taken":["M","M","M","M","M","E","R","E","T","E","M"],"build_version":"2019-07-17","purchased_purges":0,"victory":false,"max_hp_per_floor":[82,82,82,82,82,82,82,82,82,82,82],"card_choices":[{"not_picked":["Barrage","Beam Cell","Coolheaded"],"picked":"SKIP","floor":1},{"not_picked":["Steam","Redo"],"picked":"FTL","floor":2},{"not_picked":["Streamline","Loop","Chaos"],"picked":"SKIP","floor":3},{"not_picked":["Gash","Streamline"],"picked":"All For One","floor":4},{"not_picked":["Reprogram","Steam"],"picked":"Gash","floor":5},{"not_picked":["Hello World","Chaos"],"picked":"FTL","floor":6},{"not_picked":["White Noise","Amplify","Redo"],"picked":"SKIP","floor":8},{"not_picked":["Consume","Hello World"],"picked":"Leap","floor":10}],"player_experience":301981,"relics_obtained":[{"floor":6,"key":"Oddly Smooth Stone"},{"floor":8,"key":"Bag of Preparation"},{"floor":9,"key":"Shuriken"},{"floor":10,"key":"Prayer Wheel"}],"event_choices":[],"is_beta":false,"boss_relics":[],"items_purged_floors":[],"is_endless":false,"potions_floor_spawned":[4,6,8,10],"killed_by":"Exordium Thugs","ascension_level":8}