{"gold_per_floor":[110,110,110,121,141,141,66,101,101,128,128,128,142,170,170,170],"floor_reached":16,"playtime":647,"items_purged":["Strike_R"],"score":218,"play_id":"0aa7e625-b58a-4e37-8d3f-81d5c74d857c","local_time":"20190922165716","is_ascension_mode":true,"campfire_choices":[{"data":"Anger","floor":6.0,"key":"SMITH"},{"data":"Defend_R","floor":12.0,"key":"SMITH"},{"floor":15,"key":"DIG"}],"neow_cost":"TEN_PERCENT_HP_LOSS","seed_source_timestamp":597619818258300,"circlet_count":0,"master_deck":["AscendersBane","Strike_R","Strike_R","Strike_R","Strike_R","Defend_R","Defend_R","Defend_R","Defend_R+1","Bash","Battle Trance","Anger+1","Bloodletting","Anger"],"special_seed":0,"relics":["Burning Blood","Unceasing Top","Ice Cream","Self Forming Clay","Anchor","Bird Faced Urn","Shovel","Omamori"],"potions_floor_usage":[16,16],"damage_taken":[{"damage":2.0,"enemies":"Cultist","floor":1.0,"turns":4.0},{"damage":1.0,"enemies":"Small Slimes","floor":4.0,"turns":5.0},{"damage":10.0,"enemies":"2 Louse","floor":5.0,"turns":3.0},{"damage":35.0,"enemies":"3 Sentries","floor":8.0,"turns":8.0},{"damage":18.0,"enemies":"Gremlin Nob","floor":10.0,"turns":3.0},{"damage":4,"enemies":"Exordium Thugs","floor":13,"turns":5},{"damage":17,"enemies":"Lagavulin","floor":14,"turns":5},{"damage":14,"enemies":"Hexaghost","floor":16,"turns":4}],"seed_played":"-8264131028367642648","potions_obtained":[{"floor":4.0,"key":"LiquidBronze"},{"floor":13,"key":"LiquidBronze"},{"floor":14,"key":"AttackPotion"}],"is_trial":false,"path_per_floor":["M","$","$","M","M","R","$","E","T","E","?","R","M","E","R","B"],"character_chosen":"IRONCLAD","items_purchased":[],"campfire_rested":0,"item_purchase_floors":[],"current_hp_per_floor":[68,68,68,68,64,64,64,35,35,23,23,23,25,14,14,0],"gold":170,"neow_bonus":"ONE_RARE_RELIC","is_prod":false,"is_daily":false,"chose_seed":false,"campfire_upgraded":2,"win_rate":0,"timestamp":1569142636,"path_taken":["M","?","$","M","?","R","$","E","T","E","?","R","?","E","R","BOSS"],"build_version":"2019-07-17","purchased_purges":1,"victory":false,"max_hp_per_floor":[68,68,68,68,68,68,68,68,68,68,68,68,68,68,68,68],"card_choices":[{"not_picked":["Headbutt","Infernal Blade"],"picked":"Battle Trance","floor":1.0},{"not_picked":["Heavy Blade","Havoc","Wild Strike"],"picked":"SKIP","floor":4.0},{"not_picked":["Clash","Seeing Red"],"picked":"Anger","floor":5.0},{"not_picked":["Double Tap","Havoc","Sentinel"],"picked":"SKIP","floor":8.0},{"not_picked":["Sentinel","Hemokinesis"],"picked":"Fire Breathing","floor":10.0},{"not_picked":["Searing Blow","Twin Strike"],"picked":"Bloodletting","floor":13},{"not_picked":["Headbutt","Uppercut"],"picked":"Anger","floor":14}],"player_experience":662507,"relics_obtained":[{"floor":8.0,"key":"Ice Cream"},{"floor":9.0,"key":"Self Forming Clay"},{"floor":10.0,"key":"Anchor"},{"floor":14,"key":"Shovel"},{"floor":15,"key":"Omamori"}],"event_choices":[{"cards_removed":["Fire Breathing"],"damage_healed":0.0,"max_hp_gain":0.0,"max_hp_loss":0.0,"gold_gain":0.0,"event_name":"WeMeetAgain","player_choice":"Gave Card","floor":11.0,"gold_loss":0.0,"damage_taken":0.0,"relics_obtained":["Bird Faced Urn"]}],"is_beta":false,"boss_relics":[],"items_purged_floors":[7],"is_endless":false,"potions_floor_spawned":[4,13,14],"killed_by":"Hexaghost","ascension_level":17}