{"gold_per_floor":[116,132,11,25,37,37,64,64,112,124,144,144,163,197,197,297,297,308,328,328,346,73,104,104,118,118,138,138,149,178,103,103,199,199,214,268,288,299,1298,1298,1325,1345,1345,1375,1395,1407,736,736,736,736],"floor_reached":51,"playtime":2415,"items_purged":["Strike_R"],"score":863,"play_id":"4cdeb400-7db3-4a66-a6bf-0b3f819e0ac0","local_time":"20190407021758","is_ascension_mode":false,"campfire_choices":[{"data":"Uppercut","floor":6.0,"key":"SMITH"},{"data":"Spot Weakness","floor":15.0,"key":"SMITH"},{"data":"Blind","floor":24.0,"key":"SMITH"},{"data":"Heavy Blade","floor":32.0,"key":"SMITH"},{"data":"Dual Wield","floor":40.0,"key":"SMITH"},{"data":"Metamorphosis","floor":49,"key":"SMITH"}],"neow_cost":"NONE","seed_source_timestamp":167082289775172,"circlet_count":0,"master_deck":["Defend_R","Defend_R","Defend_R","Defend_R","Bash","Offering","Uppercut+1","Twin Strike","Sword Boomerang+1","Sword Boomerang","Feed+1","Spot Weakness+1","Blind+1","Reaper","Impervious+1","Flame Barrier+1","Impervious+1","Headbutt","Shrug It Off","Shrug It Off+1","Heavy Blade+1","Dual Wield+1","Reaper","Anger+1","Normality","Normality","Seeing Red+1","Dropkick","Metamorphosis+1","Offering"],"special_seed":0,"relics":["Burning Blood","Blue Candle","WarpedTongs","Ancient Tea Set","Astrolabe","Nloth\u0027s Gift","Kunai","Red Skull","Strawberry","Lantern","White Beast Statue","Du-Vu Doll","Bronze Scales","Vajra","Mercury Hourglass","DollysMirror"],"potions_floor_usage":[50],"damage_taken":[{"damage":7.0,"enemies":"2 Louse","floor":1.0,"turns":4.0},{"damage":6.0,"enemies":"Cultist","floor":2.0,"turns":2.0},{"damage":7.0,"enemies":"Jaw Worm","floor":4.0,"turns":2.0},{"damage":13.0,"enemies":"Exordium Thugs","floor":5.0,"turns":3.0},{"damage":10.0,"enemies":"Gremlin Nob","floor":7.0,"turns":3.0},{"damage":7.0,"enemies":"Exordium Wildlife","floor":10.0,"turns":2.0},{"damage":13.0,"enemies":"Gremlin Gang","floor":11.0,"turns":5.0},{"damage":7.0,"enemies":"2 Fungi Beasts","floor":13.0,"turns":3.0},{"damage":35.0,"enemies":"3 Sentries","floor":14.0,"turns":5.0},{"damage":35.0,"enemies":"Hexaghost","floor":16.0,"turns":8.0},{"damage":7.0,"enemies":"Shell Parasite","floor":18.0,"turns":3.0},{"damage":11.0,"enemies":"Spheric Guardian","floor":19.0,"turns":3.0},{"damage":9.0,"enemies":"Snecko","floor":21.0,"turns":6.0},{"damage":28.0,"enemies":"Book of Stabbing","floor":23.0,"turns":6.0},{"damage":7.0,"enemies":"Snake Plant","floor":25.0,"turns":3.0},{"damage":23.0,"enemies":"Centurion and Healer","floor":27.0,"turns":8.0},{"damage":27.0,"enemies":"Cultist and Chosen","floor":29.0,"turns":7.0},{"damage":49.0,"enemies":"Slavers","floor":30.0,"turns":7.0},{"damage":81.0,"enemies":"Collector","floor":33.0,"turns":11.0},{"damage":32.0,"enemies":"3 Shapes","floor":35.0,"turns":6.0},{"damage":72.0,"enemies":"2 Orb Walkers","floor":36.0,"turns":6.0},{"damage":6.0,"enemies":"Orb Walker","floor":37.0,"turns":3.0},{"damage":52.0,"enemies":"4 Shapes","floor":38.0,"turns":9.0},{"damage":59.0,"enemies":"Reptomancer","floor":41.0,"turns":6.0},{"damage":8.0,"enemies":"Jaw Worm Horde","floor":42.0,"turns":5.0},{"damage":39,"enemies":"Giant Head","floor":44,"turns":6},{"damage":8,"enemies":"3 Darklings","floor":45,"turns":4},{"damage":39,"enemies":"Transient","floor":46,"turns":5},{"damage":86,"enemies":"Time Eater","floor":50,"turns":10}],"seed_played":"4156276927148835644","potions_obtained":[{"floor":2.0,"key":"SpeedPotion"},{"floor":4.0,"key":"PowerPotion"},{"floor":5.0,"key":"FearPotion"},{"floor":16.0,"key":"Explosive Potion"},{"floor":36.0,"key":"SteroidPotion"},{"floor":41.0,"key":"Swift Potion"},{"floor":44,"key":"SteroidPotion"}],"is_trial":false,"path_per_floor":["M","M","$","M","M","R","E","?","T","M","M","?","M","E","R","B",null,"M","M","?","M","$","E","R","M","T","M","?","M","E","?","R","B",null,"M","?","M","M","?","R","E","M","T","E","M","M","$","?","R","B",null],"character_chosen":"IRONCLAD","items_purchased":["Sword Boomerang","Kunai","Shrug It Off","Dropkick","Metamorphosis","Mercury Hourglass","DollysMirror"],"campfire_rested":0,"item_purchase_floors":[3,22,22,47,47,47,47],"current_hp_per_floor":[79,79,79,78,71,71,70,70,70,73,70,70,69,44,44,19,99,98,97,97,104,104,86,86,89,96,115,115,98,79,79,79,75,134,132,90,90,87,87,87,62,80,80,65,93,71,71,71,71,20],"gold":736,"neow_bonus":"TRANSFORM_CARD","is_prod":false,"is_daily":false,"chose_seed":false,"campfire_upgraded":6,"win_rate":0,"timestamp":1554628678,"path_taken":["M","M","$","M","M","R","E","?","T","M","?","?","M","E","R","BOSS","M","?","?","M","?","E","R","M","T","?","?","?","E","?","R","BOSS","M","?","M","M","?","R","E","M","T","E","M","M","$","?","R","BOSS"],"build_version":"2019-01-23","purchased_purges":1,"victory":true,"max_hp_per_floor":[80,80,80,80,80,80,83,83,83,87,91,91,91,95,95,99,99,99,103,103,107,107,111,111,115,122,126,126,130,134,134,134,134,134,142,146,146,150,150,150,150,154,154,154,154,154,154,154,154,154],"card_choices":[{"not_picked":["Iron Wave","Power Through"],"picked":"Uppercut","floor":1.0},{"not_picked":["Second Wind","True Grit"],"picked":"Twin Strike","floor":2.0},{"not_picked":["Iron Wave","Feel No Pain"],"picked":"Sword Boomerang","floor":4.0},{"not_picked":["Thunderclap","Ghostly Armor"],"picked":"Feed","floor":5.0},{"not_picked":["Burning Pact","Pommel Strike"],"picked":"Spot Weakness","floor":7.0},{"not_picked":["Burning Pact","Headbutt","Feel No Pain"],"picked":"SKIP","floor":10.0},{"not_picked":["Warcry","Corruption","Second Wind"],"picked":"SKIP","floor":11.0},{"not_picked":["Clothesline","Perfected Strike","Blood for Blood"],"picked":"SKIP","floor":13.0},{"not_picked":["Twin Strike","Warcry","Intimidate"],"picked":"SKIP","floor":14.0},{"not_picked":["Barricade","Fiend Fire"],"picked":"Reaper","floor":16.0},{"not_picked":["Iron Wave+1","Intimidate+1"],"picked":"Headbutt","floor":18.0},{"not_picked":["Ghostly Armor","Anger+1","Armaments"],"picked":"SKIP","floor":19.0},{"not_picked":["Wild Strike","Clash","Havoc"],"picked":"SKIP","floor":21.0},{"not_picked":["Evolve","Clothesline","Armaments"],"picked":"SKIP","floor":23.0},{"not_picked":["Iron Wave+1","Clash"],"picked":"Shrug It Off+1","floor":25.0},{"not_picked":["Fiend Fire","Shrug It Off+1"],"picked":"Heavy Blade","floor":27.0},{"not_picked":["Battle Trance","Rage+1","Body Slam"],"picked":"SKIP","floor":29.0},{"not_picked":["Juggernaut","Warcry"],"picked":"Dual Wield","floor":30.0},{"not_picked":["Brutality","Barricade"],"picked":"Reaper","floor":33.0},{"not_picked":["Anger+1","Brutality","Perfected Strike+1"],"picked":"SKIP","floor":35.0},{"not_picked":["Heavy Blade","Hemokinesis"],"picked":"Anger+1","floor":36.0},{"not_picked":["Clothesline+1","Twin Strike+1","Anger+1"],"picked":"SKIP","floor":37.0},{"not_picked":["Sever Soul","Perfected Strike+1","Cleave"],"picked":"SKIP","floor":38.0},{"not_picked":["Barricade","Cleave+1"],"picked":"Seeing Red+1","floor":41.0},{"not_picked":["Second Wind","Carnage","Fire Breathing"],"picked":"SKIP","floor":42.0},{"not_picked":["Twin Strike+1","Immolate","Warcry+1"],"picked":"SKIP","floor":44},{"not_picked":["Body Slam+1","Wild Strike","Bludgeon"],"picked":"SKIP","floor":45},{"not_picked":["Twin Strike","Anger","True Grit"],"picked":"SKIP","floor":46}],"player_experience":973451,"relics_obtained":[{"floor":7.0,"key":"Blue Candle"},{"floor":9.0,"key":"Whetstone"},{"floor":14.0,"key":"Ancient Tea Set"},{"floor":23.0,"key":"Red Skull"},{"floor":26.0,"key":"Strawberry"},{"floor":30.0,"key":"Lantern"},{"floor":36.0,"key":"Du-Vu Doll"},{"floor":41.0,"key":"Bronze Scales"},{"floor":44,"key":"Vajra"}],"event_choices":[{"damage_healed":0.0,"max_hp_gain":0.0,"max_hp_loss":0.0,"gold_gain":0.0,"event_name":"Match and Keep!","player_choice":"1 cards matched","floor":8.0,"gold_loss":0.0,"damage_taken":0.0,"cards_obtained":["Blind"]},{"damage_healed":0.0,"max_hp_gain":0.0,"max_hp_loss":0.0,"gold_gain":0.0,"event_name":"Accursed Blacksmith","player_choice":"Rummage","floor":12.0,"gold_loss":0.0,"damage_taken":0.0,"relics_obtained":["WarpedTongs"],"cards_obtained":["Pain"]},{"damage_healed":0.0,"max_hp_gain":0.0,"max_hp_loss":0.0,"gold_gain":0.0,"event_name":"N\u0027loth","player_choice":"Traded Relic","floor":20.0,"relics_lost":["Whetstone"],"gold_loss":0.0,"damage_taken":0.0,"relics_obtained":["Nloth\u0027s Gift"]},{"damage_healed":0.0,"max_hp_gain":0.0,"max_hp_loss":0.0,"gold_gain":0.0,"event_name":"NoteForYourself","player_choice":"Ignored","floor":28.0,"gold_loss":0.0,"damage_taken":0.0},{"cards_removed":["Pain"],"damage_healed":0.0,"max_hp_gain":0.0,"max_hp_loss":0.0,"gold_gain":0.0,"event_name":"Beggar","player_choice":"Gave Gold","floor":31.0,"gold_loss":75.0,"damage_taken":0.0},{"damage_healed":0.0,"max_hp_gain":0.0,"max_hp_loss":0.0,"gold_gain":0.0,"event_name":"Mysterious Sphere","player_choice":"Fight","floor":36.0,"gold_loss":0.0,"damage_taken":0.0},{"damage_healed":0.0,"max_hp_gain":0.0,"max_hp_loss":0.0,"gold_gain":999.0,"event_name":"MindBloom","player_choice":"Gold","floor":39.0,"gold_loss":0.0,"damage_taken":0.0,"cards_obtained":["Normality","Normality"]},{"damage_healed":0,"gold_gain":0,"player_choice":"Ignored","damage_taken":0,"max_hp_gain":0,"max_hp_loss":0,"event_name":"The Moai Head","floor":48,"gold_loss":0}],"is_beta":false,"boss_relics":[{"not_picked":["Snecko Eye","Runic Cube"],"picked":"Astrolabe"},{"not_picked":["Coffee Dripper","Philosopher\u0027s Stone"],"picked":"White Beast Statue"}],"items_purged_floors":[3],"is_endless":false,"potions_floor_spawned":[2,4,5,10,13,16,19,21,27,29,35,36,37,38,41,42,44,45,46],"ascension_level":0}