{"gold_per_floor":[112,130,130,130,49,49,62,62,62,78,78,103,103,19,19,110,110,123,48,48,48,64,64,64,64,91,106,142,142,158,176,176,266,266,285,306,41,41,57,57,57,57,57,71,89,89,102,52,52,52,52],"floor_reached":52,"playtime":2431,"items_purged":[],"score":1874,"play_id":"1497a82f-c022-4603-b8c4-3faf357ef36b","local_time":"20190923032624","is_ascension_mode":true,"campfire_choices":[{"data":"Zap","floor":6.0,"key":"SMITH"},{"data":"Defragment","floor":11.0,"key":"SMITH"},{"data":"Dualcast","floor":13.0,"key":"SMITH"},{"data":"Go for the Eyes","floor":15.0,"key":"SMITH"},{"data":"Defragment","floor":23.0,"key":"SMITH"},{"data":"Coolheaded","floor":29.0,"key":"SMITH"},{"data":"Defragment","floor":32.0,"key":"SMITH"},{"data":"Creative AI","floor":40,"key":"SMITH"},{"data":"Thunder Strike","floor":42,"key":"SMITH"},{"data":"Glacier","floor":46,"key":"SMITH"},{"data":"FTL","floor":49,"key":"SMITH"}],"neow_cost":"NONE","seed_source_timestamp":474798417795935,"circlet_count":0,"master_deck":["AscendersBane","Strike_B","Strike_B+1","Defend_B","Defend_B","Defend_B","Zap+1","Dualcast+1","Chill+1","Coolheaded+1","Defragment+1","Ball Lightning","Leap","Go for the Eyes+1","FTL+1","Echo Form","Defragment+1","Leap","Thunder Strike+1","Leap+1","Glacier+1","Defragment+1","Creative AI+1","FTL+1"],"special_seed":0,"relics":["Cracked Core","DataDisk","Golden Idol","Mummified Hand","Coffee Dripper","Potion Belt","Bag of Marbles","Inserter","Art of War","Anchor"],"potions_floor_usage":[45,47,51,51],"damage_taken":[{"damage":1.0,"enemies":"2 Louse","floor":1.0,"turns":3.0},{"damage":3.0,"enemies":"Small Slimes","floor":2.0,"turns":3.0},{"damage":4.0,"enemies":"Jaw Worm","floor":7.0,"turns":3.0},{"damage":0.0,"enemies":"2 Fungi Beasts","floor":10.0,"turns":3.0},{"damage":0.0,"enemies":"Blue Slaver","floor":12.0,"turns":3.0},{"damage":10.0,"enemies":"Hexaghost","floor":16.0,"turns":9.0},{"damage":3.0,"enemies":"2 Thieves","floor":18.0,"turns":4.0},{"damage":0.0,"enemies":"3 Byrds","floor":22.0,"turns":5.0},{"damage":4.0,"enemies":"Snake Plant","floor":27.0,"turns":4.0},{"damage":1.0,"enemies":"Slavers","floor":28.0,"turns":6.0},{"damage":0.0,"enemies":"3 Cultists","floor":30.0,"turns":6.0},{"damage":0.0,"enemies":"Chosen and Byrds","floor":31.0,"turns":5.0},{"damage":0.0,"enemies":"Champ","floor":33.0,"turns":10.0},{"damage":2,"enemies":"Orb Walker","floor":35,"turns":4},{"damage":22,"enemies":"3 Darklings","floor":36,"turns":4},{"damage":1,"enemies":"Writhing Mass","floor":39,"turns":6},{"damage":0,"enemies":"Transient","floor":44,"turns":6},{"damage":0,"enemies":"Maw","floor":45,"turns":5},{"damage":0,"enemies":"4 Shapes","floor":47,"turns":4},{"damage":0,"enemies":"Donu and Deca","floor":50,"turns":10},{"damage":8,"enemies":"Time Eater","floor":51,"turns":11}],"seed_played":"3072851605110353578","potions_obtained":[{"floor":1.0,"key":"AttackPotion"},{"floor":7.0,"key":"Explosive Potion"},{"floor":22.0,"key":"PowerPotion"},{"floor":31.0,"key":"Regen Potion"},{"floor":44,"key":"PowerPotion"},{"floor":45,"key":"Fire Potion"},{"floor":47,"key":"FocusPotion"}],"is_trial":false,"path_per_floor":["M","M","?","?","$","R","M","?","T","M","R","M","R","$","R","B",null,"M","?","?","$","M","R","?","$","T","M","E","R","M","M","R","B",null,"M","M","$","?","M","R","?","R","T","M","M","R","M","?","R","B","B",null],"character_chosen":"DEFECT","items_purchased":["Defragment","FTL","Energy Potion","Art of War","Swift Potion"],"campfire_rested":0,"item_purchase_floors":[5,14,37,37,37],"current_hp_per_floor":[63,60,39,39,39,39,35,35,35,35,35,35,35,35,35,25,54,51,51,51,51,51,51,51,51,51,47,46,46,46,46,46,61,63,61,39,39,52,51,51,49,49,49,49,49,49,49,49,49,49,41],"gold":52,"neow_bonus":"RANDOM_COMMON_RELIC","is_prod":false,"is_daily":false,"chose_seed":false,"campfire_upgraded":11,"win_rate":0,"timestamp":1569234384,"path_taken":["M","M","?","?","?","R","M","?","T","M","R","?","R","$","R","BOSS","M","?","?","?","?","R","?","$","T","M","E","R","M","M","R","BOSS","M","M","$","?","M","R","?","R","T","?","M","R","M","?","R","BOSS","BOSS"],"build_version":"2019-07-17","purchased_purges":0,"victory":true,"max_hp_per_floor":[71,71,71,71,71,71,71,64,64,64,64,64,64,64,64,64,64,64,64,64,64,64,64,64,64,64,64,64,64,64,64,64,64,64,64,64,64,52,52,52,49,49,49,49,49,49,49,49,49,49,49],"card_choices":[{"not_picked":["Heatsinks","Streamline"],"picked":"Chill","floor":1.0},{"not_picked":["Beam Cell","Melter"],"picked":"Coolheaded","floor":2.0},{"not_picked":["Rip and Tear","Darkness"],"picked":"Ball Lightning","floor":7.0},{"not_picked":["Barrage","Ball Lightning"],"picked":"Leap","floor":10.0},{"not_picked":["Undo","Reboot"],"picked":"Go for the Eyes","floor":12.0},{"not_picked":["Electrodynamics","Seek"],"picked":"Echo Form","floor":16.0},{"not_picked":["Sweeping Beam","Steam Power"],"picked":"Defragment","floor":18.0},{"not_picked":["Gash","Rebound"],"picked":"Leap+1","floor":22.0},{"not_picked":["Static Discharge","Rebound","Leap"],"picked":"SKIP","floor":27.0},{"not_picked":["Sweeping Beam","Blizzard","Auto Shields"],"picked":"SKIP","floor":28.0},{"not_picked":["Compile Driver","Rebound"],"picked":"Defragment","floor":30.0},{"not_picked":["Rainbow","Hologram","Doom and Gloom"],"picked":"SKIP","floor":31.0},{"not_picked":["Meteor Strike","All For One"],"picked":"Creative AI","floor":33.0},{"not_picked":["Rebound","Streamline","Gash"],"picked":"SKIP","floor":35},{"not_picked":["Hologram","Reinforced Body+1"],"picked":"FTL","floor":36},{"not_picked":["Hello World+1","Skim","Leap"],"picked":"SKIP","floor":39},{"not_picked":["Leap","Sunder","Go for the Eyes"],"picked":"SKIP","floor":44},{"not_picked":["Ball Lightning+1","Static Discharge","Sweeping Beam"],"picked":"SKIP","floor":45},{"not_picked":["Ball Lightning+1","Streamline","Redo+1"],"picked":"SKIP","floor":47},{"not_picked":["Ball Lightning+1","Streamline","Redo+1"],"picked":"SKIP","floor":47}],"player_experience":1215197,"relics_obtained":[{"floor":9.0,"key":"Mummified Hand"},{"floor":26.0,"key":"Potion Belt"},{"floor":28.0,"key":"Bag of Marbles"},{"floor":43,"key":"Anchor"}],"event_choices":[{"damage_healed":0.0,"max_hp_gain":0.0,"max_hp_loss":0.0,"gold_gain":0.0,"event_name":"Shining Light","player_choice":"Entered Light","floor":3.0,"gold_loss":0.0,"damage_taken":21.0,"cards_upgraded":["Chill","Strike_B"]},{"damage_healed":0.0,"max_hp_gain":0.0,"max_hp_loss":0.0,"gold_gain":0.0,"event_name":"The Cleric","player_choice":"Leave","floor":4.0,"gold_loss":0.0,"damage_taken":0.0},{"damage_healed":0.0,"max_hp_gain":0.0,"max_hp_loss":7.0,"gold_gain":0.0,"event_name":"Golden Idol","player_choice":"Lose Max HP","floor":8.0,"gold_loss":0.0,"damage_taken":0.0,"relics_obtained":["Golden Idol"]},{"cards_removed":["Strike_B"],"damage_healed":0.0,"max_hp_gain":0.0,"max_hp_loss":0.0,"gold_gain":0.0,"event_name":"Beggar","player_choice":"Gave Gold","floor":19.0,"gold_loss":75.0,"damage_taken":0.0},{"damage_healed":0.0,"max_hp_gain":0.0,"max_hp_loss":0.0,"gold_gain":0.0,"cards_transformed":["Strike_B","Defend_B"],"event_name":"Drug Dealer","player_choice":"Became Test Subject","floor":20.0,"gold_loss":0.0,"damage_taken":0.0,"cards_obtained":["Leap","Thunder Strike"]},{"damage_healed":0.0,"max_hp_gain":0.0,"max_hp_loss":0.0,"gold_gain":0.0,"event_name":"The Library","player_choice":"Read","floor":24.0,"gold_loss":0.0,"damage_taken":0.0,"cards_obtained":["Glacier"]},{"damage_healed":52,"gold_gain":0,"player_choice":"Heal","damage_taken":0,"max_hp_gain":0,"max_hp_loss":12,"event_name":"The Moai Head","floor":38,"gold_loss":0},{"damage_healed":0,"gold_gain":0,"player_choice":"Max HP","damage_taken":0,"max_hp_gain":0,"max_hp_loss":3,"event_name":"Winding Halls","floor":41,"gold_loss":0},{"damage_healed":0,"gold_gain":0,"player_choice":"Upgrade","damage_taken":0,"max_hp_gain":0,"max_hp_loss":0,"event_name":"Designer","floor":48,"gold_loss":50,"cards_upgraded":["FTL"]}],"is_beta":false,"boss_relics":[{"not_picked":["Empty Cage","White Beast Statue"],"picked":"Coffee Dripper"},{"not_picked":["Runic Dome","Philosopher\u0027s Stone"],"picked":"Inserter"}],"items_purged_floors":[],"is_endless":false,"potions_floor_spawned":[1,7,22,31,44,45,47],"ascension_level":20}