{"gold_per_floor":[218,237,237,257,257,257,291,291,318,336,349,38,65,84,84,189,189,189,189,174,174,174,174,174,174,174,18,18,18,18,18,18,18,18,18,18,0,0,0,0,0,0,0,0,0,0,0,0,0,0],"floor_reached":51,"playtime":1902,"items_purged":[],"score":742,"play_id":"ba8f2661-2e97-4866-a0d1-52909e85b32d","local_time":"20190920211656","is_ascension_mode":false,"campfire_choices":[{"data":"Bash","floor":6.0,"key":"SMITH"},{"data":"Sword Boomerang","floor":8.0,"key":"SMITH"},{"data":"Shockwave","floor":15.0,"key":"SMITH"},{"data":"Offering","floor":23.0,"key":"SMITH"},{"floor":25.0,"key":"REST"},{"data":"Juggernaut","floor":28.0,"key":"SMITH"},{"data":"Spot Weakness","floor":30.0,"key":"SMITH"},{"floor":32.0,"key":"REST"},{"data":"Impervious","floor":40.0,"key":"SMITH"},{"floor":42.0,"key":"REST"},{"floor":49,"key":"REST"}],"neow_cost":"NONE","seed_source_timestamp":280300081901751,"circlet_count":0,"master_deck":["Strike_R","Strike_R","Defend_R","Defend_R","Defend_R","Defend_R","Bash+1","Clothesline+1","Dropkick","Cleave","Shockwave+1","Offering+1","Barricade+1","Intimidate+1","Spot Weakness+1","Juggernaut+1","Impervious+1","Necronomicurse","Exhume","Headbutt+1","Heavy Blade+1","Rupture+1","Shrug It Off+1","Shrug It Off","Shockwave+1","True Grit+1","Body Slam+1"],"special_seed":0,"relics":["Burning Blood","Centennial Puzzle","Dream Catcher","Ginger","Dodecahedron","Ectoplasm","Old Coin","Singing Bowl","Necronomicon","Astrolabe","StoneCalendar","Red Mask","Shuriken","Blue Candle","FossilizedHelix"],"potions_floor_usage":[46,50],"damage_taken":[{"damage":0.0,"enemies":"2 Louse","floor":1.0,"turns":3.0},{"damage":4.0,"enemies":"Cultist","floor":2.0,"turns":3.0},{"damage":10.0,"enemies":"Jaw Worm","floor":4.0,"turns":4.0},{"damage":22.0,"enemies":"3 Sentries","floor":7.0,"turns":7.0},{"damage":2.0,"enemies":"3 Louse","floor":10.0,"turns":3.0},{"damage":10.0,"enemies":"2 Fungi Beasts","floor":11.0,"turns":2.0},{"damage":21.0,"enemies":"Lagavulin","floor":13.0,"turns":4.0},{"damage":18.0,"enemies":"Lots of Slimes","floor":14.0,"turns":4.0},{"damage":34.0,"enemies":"The Guardian","floor":16.0,"turns":16.0},{"damage":12.0,"enemies":"Chosen","floor":18.0,"turns":4.0},{"damage":13.0,"enemies":"2 Thieves","floor":20.0,"turns":2.0},{"damage":29.0,"enemies":"Centurion and Healer","floor":21.0,"turns":4.0},{"damage":25.0,"enemies":"Shelled Parasite and Fungi","floor":24.0,"turns":6.0},{"damage":9.0,"enemies":"Snake Plant","floor":29.0,"turns":4.0},{"damage":21.0,"enemies":"Automaton","floor":33.0,"turns":7.0},{"damage":16.0,"enemies":"3 Darklings","floor":35.0,"turns":5.0},{"damage":6.0,"enemies":"Mind Bloom Boss Battle","floor":36.0,"turns":7.0},{"damage":15.0,"enemies":"3 Shapes","floor":39.0,"turns":4.0},{"damage":28.0,"enemies":"Jaw Worm Horde","floor":41.0,"turns":3.0},{"damage":20.0,"enemies":"Reptomancer","floor":44.0,"turns":4.0},{"damage":34,"enemies":"Nemesis","floor":46,"turns":9},{"damage":12,"enemies":"3 Darklings","floor":47,"turns":6},{"damage":0,"enemies":"Maw","floor":48,"turns":6},{"damage":79,"enemies":"Awakened One","floor":50,"turns":12}],"seed_played":"-9089825793722434179","potions_obtained":[{"floor":1.0,"key":"Explosive Potion"},{"floor":7.0,"key":"EssenceOfSteel"},{"floor":11.0,"key":"Energy Potion"},{"floor":14.0,"key":"SneckoOil"},{"floor":24.0,"key":"Weak Potion"},{"floor":33.0,"key":"Regen Potion"},{"floor":36.0,"key":"Ancient Potion"},{"floor":41.0,"key":"SkillPotion"},{"floor":48,"key":"Fire Potion"}],"is_trial":false,"path_per_floor":["M","M","?","M","?","R","E","R","T","M","M","$","E","M","R","B",null,"M","?","M","M","?","R","M","R","T","$","R","M","R","?","R","B",null,"M","?","?","?","M","R","M","R","T","E","?","E","M","M","R","B",null],"character_chosen":"IRONCLAD","items_purchased":["Ginger","Juggernaut"],"campfire_rested":4,"item_purchase_floors":[12,27],"current_hp_per_floor":[80,80,80,76,81,81,65,65,65,69,65,65,50,38,38,10,85,79,79,72,49,49,49,30,55,55,55,55,52,52,36,63,48,87,79,79,79,79,72,72,50,78,78,64,64,51,47,53,82,9],"gold":0,"neow_bonus":"HUNDRED_GOLD","is_prod":false,"is_daily":false,"chose_seed":false,"campfire_upgraded":7,"win_rate":0,"timestamp":1569039416,"path_taken":["M","M","?","?","?","R","E","R","T","M","M","$","E","M","R","BOSS","M","?","M","M","?","R","M","R","T","$","R","?","R","?","R","BOSS","M","?","?","?","M","R","M","R","T","E","?","E","M","M","R","BOSS"],"build_version":"2019-07-17","purchased_purges":0,"victory":true,"max_hp_per_floor":[80,80,80,80,85,85,85,85,85,85,85,85,85,85,85,85,85,85,85,85,85,85,85,85,85,85,85,85,85,85,85,87,87,87,89,89,89,85,87,87,87,89,89,89,89,89,91,91,93,93],"card_choices":[{"not_picked":["Thunderclap","Pommel Strike"],"picked":"Clothesline","floor":1.0},{"not_picked":["Perfected Strike","Warcry","Clothesline"],"picked":"SKIP","floor":2.0},{"not_picked":["Perfected Strike","Warcry","Clothesline"],"picked":"SKIP","floor":2.0},{"not_picked":["Armaments","Cleave"],"picked":"Dropkick","floor":4.0},{"not_picked":["Wild Strike","Havoc"],"picked":"Sword Boomerang","floor":7.0},{"not_picked":["Headbutt","Anger","Pommel Strike"],"picked":"SKIP","floor":10.0},{"not_picked":["Flex","Anger"],"picked":"Cleave","floor":11.0},{"not_picked":["Dual Wield","Cleave"],"picked":"Shockwave","floor":13.0},{"not_picked":["Warcry","Headbutt"],"picked":"Offering","floor":14.0},{"not_picked":["Brutality","Dark Embrace"],"picked":"Barricade","floor":16.0},{"not_picked":["Combust","Iron Wave+1","Rupture+1"],"picked":"SKIP","floor":18.0},{"not_picked":["Infernal Blade","Clothesline","Rage+1"],"picked":"SKIP","floor":20.0},{"not_picked":["Thunderclap","Iron Wave"],"picked":"Intimidate+1","floor":21.0},{"not_picked":["Armaments","Headbutt"],"picked":"Spot Weakness","floor":24.0},{"not_picked":["Havoc","Twin Strike"],"picked":"Impervious","floor":29.0},{"not_picked":["Perfected Strike","Armaments","Cleave"],"picked":"Singing Bowl","floor":32.0},{"not_picked":["Dark Embrace","Juggernaut"],"picked":"Exhume","floor":33.0},{"not_picked":["Warcry","Headbutt+1","Clash+1"],"picked":"Singing Bowl","floor":35.0},{"not_picked":["Carnage","Perfected Strike"],"picked":"Shrug It Off+1","floor":36.0},{"not_picked":["Thunderclap","Warcry","Pommel Strike"],"picked":"Singing Bowl","floor":39.0},{"not_picked":["Clash+1","Cleave"],"picked":"Shrug It Off","floor":41.0},{"not_picked":["Wild Strike","Cleave","Searing Blow+1"],"picked":"Singing Bowl","floor":42.0},{"not_picked":["Juggernaut","Armaments+1"],"picked":"Shockwave+1","floor":44},{"not_picked":["Clash","Barricade"],"picked":"True Grit+1","floor":46},{"not_picked":["Power Through+1","Thunderclap+1","Carnage+1"],"picked":"Singing Bowl","floor":47},{"not_picked":["Sword Boomerang+1","Warcry"],"picked":"Body Slam+1","floor":48},{"not_picked":["Blood for Blood+1","Clash+1","Havoc+1"],"picked":"Singing Bowl","floor":49}],"player_experience":1196734,"relics_obtained":[{"floor":7.0,"key":"Centennial Puzzle"},{"floor":9.0,"key":"Dream Catcher"},{"floor":13.0,"key":"Dodecahedron"},{"floor":26.0,"key":"Singing Bowl"},{"floor":31.0,"key":"Necronomicon"},{"floor":36.0,"key":"StoneCalendar"},{"floor":43.0,"key":"Shuriken"},{"floor":44,"key":"Blue Candle"},{"floor":46,"key":"FossilizedHelix"}],"event_choices":[{"damage_healed":0.0,"max_hp_gain":0.0,"max_hp_loss":0.0,"gold_gain":0.0,"event_name":"Upgrade Shrine","player_choice":"Upgraded","floor":3.0,"gold_loss":0.0,"damage_taken":0.0,"cards_upgraded":["Clothesline"]},{"damage_healed":0.0,"max_hp_gain":5.0,"max_hp_loss":0.0,"gold_gain":0.0,"event_name":"Big Fish","player_choice":"Donut","floor":5.0,"gold_loss":0.0,"damage_taken":0.0},{"damage_healed":0.0,"max_hp_gain":0.0,"max_hp_loss":0.0,"gold_gain":0.0,"event_name":"The Mausoleum","player_choice":"Opened","floor":19.0,"gold_loss":0.0,"damage_taken":0.0,"relics_obtained":["Old Coin"]},{"damage_healed":0.0,"max_hp_gain":0.0,"max_hp_loss":0.0,"gold_gain":0.0,"event_name":"Upgrade Shrine","player_choice":"Upgraded","floor":22.0,"gold_loss":0.0,"damage_taken":0.0,"cards_upgraded":["Barricade"]},{"damage_healed":0.0,"max_hp_gain":0.0,"max_hp_loss":0.0,"gold_gain":0.0,"event_name":"Cursed Tome","player_choice":"Obtained Book","floor":31.0,"gold_loss":0.0,"damage_taken":16.0},{"damage_healed":0.0,"max_hp_gain":0.0,"max_hp_loss":0.0,"gold_gain":0.0,"event_name":"MindBloom","player_choice":"Fight","floor":36.0,"gold_loss":0.0,"damage_taken":0.0},{"damage_healed":0.0,"max_hp_gain":0.0,"max_hp_loss":0.0,"gold_gain":0.0,"event_name":"Tomb of Lord Red Mask","player_choice":"Paid","floor":37.0,"gold_loss":18.0,"damage_taken":0.0,"relics_obtained":["Red Mask"]},{"damage_healed":0.0,"max_hp_gain":0.0,"max_hp_loss":4.0,"gold_gain":0.0,"event_name":"Winding Halls","player_choice":"Max HP","floor":38.0,"gold_loss":0.0,"damage_taken":0.0},{"cards_removed":["Sword Boomerang"],"damage_healed":0,"gold_gain":0,"player_choice":"Removed Attack","damage_taken":0,"max_hp_gain":0,"max_hp_loss":0,"event_name":"Falling","floor":45,"gold_loss":0}],"is_beta":false,"boss_relics":[{"not_picked":["Black Star","Busted Crown"],"picked":"Ectoplasm"},{"not_picked":["Lizard Tail","Runic Dome"],"picked":"Astrolabe"}],"items_purged_floors":[],"is_endless":false,"potions_floor_spawned":[1,7,11,14,24,33,36,41,48],"ascension_level":0}