{"gold_per_floor":[111,124,141,141,66,66,92,107,177,177,160,180,54,54,54,133,133,144,144,160,11,25,25,44,44,68,68,80,80,80,114,114,114],"floor_reached":33,"playtime":2298,"items_purged":[],"score":517,"play_id":"a779867e-ac79-4550-a93b-b1a714309257","local_time":"20190920050903","is_ascension_mode":true,"campfire_choices":[{"data":"Armaments","floor":6,"key":"SMITH"},{"data":"Bash","floor":10,"key":"SMITH"},{"data":"Juggernaut","floor":15,"key":"SMITH"},{"data":"Armaments","floor":23,"key":"SMITH"},{"data":"Intimidate","floor":25,"key":"SMITH"},{"data":"Body Slam","floor":27,"key":"SMITH"},{"data":"Ghostly Armor","floor":29,"key":"SMITH"},{"data":"Battle Trance","floor":32,"key":"SMITH"}],"neow_cost":"NONE","seed_source_timestamp":380715224298900,"circlet_count":0,"master_deck":["AscendersBane","Strike_R","Strike_R","Strike_R","Defend_R","Defend_R","Defend_R","Defend_R+1","Bash+1","Armaments+1","Dropkick","Intimidate+1","Juggernaut+1","Armaments+1","Feed","Battle Trance+1","Body Slam+1","Ghostly Armor+1"],"relics":["Burning Blood","Mango","Letter Opener","Tiny Chest","Runic Pyramid","NlothsMask","Bronze Scales","Boot"],"potions_floor_usage":[16,16],"damage_taken":[{"damage":0,"enemies":"2 Louse","floor":1,"turns":3},{"damage":1,"enemies":"Jaw Worm","floor":2,"turns":6},{"damage":3,"enemies":"Cultist","floor":3,"turns":5},{"damage":35,"enemies":"3 Sentries","floor":7,"turns":10},{"damage":1,"enemies":"Blue Slaver","floor":8,"turns":5},{"damage":13,"enemies":"Exordium Thugs","floor":11,"turns":5},{"damage":7,"enemies":"Red Slaver","floor":12,"turns":4},{"damage":16,"enemies":"The Guardian","floor":16,"turns":15},{"damage":6,"enemies":"Chosen","floor":18,"turns":5},{"damage":16,"enemies":"Spheric Guardian","floor":20,"turns":7},{"damage":23,"enemies":"Snecko","floor":22,"turns":6},{"damage":1,"enemies":"Cultist and Chosen","floor":24,"turns":8},{"damage":0,"enemies":"Centurion and Healer","floor":28,"turns":7},{"damage":1,"enemies":"Gremlin Leader","floor":31,"turns":8},{"damage":108,"enemies":"Champ","floor":33,"turns":15}],"seed_played":"5661388098991099245","potions_obtained":[{"floor":1,"key":"EssenceOfSteel"},{"floor":7,"key":"Dexterity Potion"},{"floor":8,"key":"Block Potion"},{"floor":22,"key":"Strength Potion"},{"floor":31,"key":"AttackPotion"}],"is_trial":false,"path_per_floor":["M","M","M","$","?","R","E","M","T","R","M","M","$","?","R","B",null,"M","?","M","$","M","R","M","R","T","R","M","R","?","E","R","B"],"character_chosen":"IRONCLAD","items_purchased":["Tiny Chest","Bronze Scales"],"campfire_rested":0,"item_purchase_floors":[13,21],"current_hp_per_floor":[81,82,82,82,82,82,67,72,72,72,65,64,64,64,64,54,86,90,90,84,84,71,71,80,80,80,80,90,90,90,95,95,0],"gold":114,"neow_bonus":"TEN_PERCENT_HP_BONUS","is_prod":false,"is_daily":false,"chose_seed":false,"campfire_upgraded":8,"win_rate":0,"timestamp":1568927343,"path_taken":["M","M","M","$","?","R","E","M","T","R","M","M","$","?","R","BOSS","M","?","M","$","?","R","M","R","T","R","M","R","?","E","R","BOSS"],"build_version":"2019-07-17","purchased_purges":0,"victory":false,"max_hp_per_floor":[82,82,82,82,82,82,96,96,96,96,96,96,96,96,96,96,96,100,100,104,104,108,108,112,112,112,112,116,116,116,116,116,116],"card_choices":[{"not_picked":["Pummel","Wild Strike"],"picked":"Armaments","floor":1},{"not_picked":["Clothesline","Sever Soul"],"picked":"Dropkick","floor":2},{"not_picked":["Clothesline","Entrench"],"picked":"Intimidate","floor":3},{"not_picked":["Intimidate","Rupture"],"picked":"Juggernaut","floor":7},{"not_picked":["Pommel Strike","Clash","Blood for Blood"],"picked":"SKIP","floor":8},{"not_picked":["Flex","Thunderclap","Perfected Strike"],"picked":"SKIP","floor":11},{"not_picked":["Cleave","Burning Pact"],"picked":"Armaments","floor":12},{"not_picked":["Exhume","Double Tap"],"picked":"Feed","floor":16},{"not_picked":["Clothesline","Twin Strike"],"picked":"Battle Trance","floor":18},{"not_picked":["Sword Boomerang","Seeing Red+1"],"picked":"Body Slam","floor":20},{"not_picked":["Flame Barrier","Anger+1"],"picked":"Ghostly Armor","floor":22},{"not_picked":["Heavy Blade+1","Iron Wave","Sword Boomerang"],"picked":"SKIP","floor":24},{"not_picked":["Sword Boomerang","Clothesline","Hemokinesis"],"picked":"SKIP","floor":28},{"not_picked":["Limit Break","Fire Breathing","Rage"],"picked":"SKIP","floor":31}],"player_experience":642523,"relics_obtained":[{"floor":7,"key":"Mango"},{"floor":9,"key":"Letter Opener"},{"floor":31,"key":"Boot"}],"event_choices":[{"cards_removed":["Strike_R"],"damage_healed":0,"gold_gain":0,"player_choice":"Card Removal","damage_taken":0,"max_hp_gain":0,"max_hp_loss":0,"event_name":"The Cleric","floor":5,"gold_loss":75},{"cards_removed":["Strike_R"],"damage_healed":0,"gold_gain":0,"player_choice":"Forget","damage_taken":0,"max_hp_gain":0,"max_hp_loss":0,"event_name":"Living Wall","floor":14,"gold_loss":0},{"damage_healed":0,"gold_gain":0,"player_choice":"Trade","damage_taken":0,"relics_obtained":["NlothsMask"],"max_hp_gain":0,"max_hp_loss":0,"event_name":"FaceTrader","floor":19,"gold_loss":0},{"damage_healed":0,"gold_gain":0,"player_choice":"Forge","damage_taken":0,"max_hp_gain":0,"max_hp_loss":0,"event_name":"Accursed Blacksmith","floor":30,"gold_loss":0,"cards_upgraded":["Defend_R"]}],"is_beta":false,"boss_relics":[{"not_picked":["Lizard Tail","Snecko Eye"],"picked":"Runic Pyramid"}],"items_purged_floors":[],"is_endless":false,"potions_floor_spawned":[1,7,8,12,22,31],"killed_by":"Champ","ascension_level":15}