{"gold_per_floor":[115,130,55,66,66,66,78,39,90,90,110,138,37,48,48,48],"floor_reached":16,"playtime":779,"items_purged":["Strike_G"],"score":199,"play_id":"61f7868e-591e-48c2-b4af-acde90893592","local_time":"20190409223031","is_ascension_mode":true,"campfire_choices":[{"data":"Neutralize","floor":6,"key":"SMITH"},{"data":"Footwork","floor":10,"key":"SMITH"},{"data":"Cloak And Dagger","floor":15,"key":"SMITH"}],"neow_cost":"NONE","seed_source_timestamp":52777865323434,"circlet_count":0,"master_deck":["AscendersBane","Defend_G","Defend_G","Defend_G","Defend_G","Defend_G","Strike_G","Strike_G+1","Strike_G+1","Survivor","Neutralize+1","Cloak And Dagger+1","Poisoned Stab","Catalyst","Footwork+1","Backflip","Deadly Poison","Bane"],"relics":["Ring of the Snake","Strawberry","Orichalcum","Whetstone"],"potions_floor_usage":[16],"damage_taken":[{"damage":0,"enemies":"Cultist","floor":1,"turns":4},{"damage":3,"enemies":"Jaw Worm","floor":2,"turns":6},{"damage":2,"enemies":"Small Slimes","floor":4,"turns":5},{"damage":10,"enemies":"Exordium Wildlife","floor":7,"turns":5},{"damage":0,"enemies":"Exordium Thugs","floor":11,"turns":8},{"damage":26,"enemies":"3 Sentries","floor":12,"turns":20},{"damage":0,"enemies":"2 Fungi Beasts","floor":14,"turns":4},{"damage":30,"enemies":"Slime Boss","floor":16,"turns":10}],"seed_played":"-1025254476655658064","potions_obtained":[{"floor":7,"key":"Fire Potion"},{"floor":11,"key":"SpeedPotion"}],"is_trial":false,"path_per_floor":["M","M","?","M","?","R","M","$","T","R","M","E","$","M","R","B"],"character_chosen":"THE_SILENT","items_purchased":["Footwork","Deadly Poison"],"campfire_rested":0,"item_purchase_floors":[8,13],"current_hp_per_floor":[65,62,62,60,62,62,52,52,52,52,52,26,26,26,26,0],"gold":48,"neow_bonus":"TEN_PERCENT_HP_BONUS","is_prod":false,"is_daily":false,"chose_seed":false,"campfire_upgraded":3,"win_rate":0,"timestamp":1554874231,"path_taken":["M","?","?","M","?","R","M","?","T","R","?","E","$","M","R","BOSS"],"build_version":"2019-01-23","purchased_purges":1,"victory":false,"max_hp_per_floor":[72,72,72,72,79,79,79,79,79,79,79,79,79,79,79,79],"card_choices":[{"not_picked":["Dodge and Roll","PiercingWail"],"picked":"Cloak And Dagger","floor":1},{"not_picked":["Predator","Choke"],"picked":"Poisoned Stab","floor":2},{"not_picked":["Deflect","Distraction","Masterful Stab"],"picked":"SKIP","floor":4},{"not_picked":["Poisoned Stab","Dagger Throw"],"picked":"Catalyst","floor":7},{"not_picked":["Setup","Quick Slash"],"picked":"Backflip","floor":11},{"not_picked":["Outmaneuver","Eviscerate","Prepared"],"picked":"SKIP","floor":12},{"not_picked":["Accuracy","Backflip"],"picked":"Bane","floor":14}],"player_experience":997705,"relics_obtained":[{"floor":9,"key":"Orichalcum"},{"floor":12,"key":"Whetstone"}],"event_choices":[{"cards_removed":["Strike_G"],"damage_healed":0,"gold_gain":0,"player_choice":"Card Removal","damage_taken":0,"max_hp_gain":0,"max_hp_loss":0,"event_name":"The Cleric","floor":3,"gold_loss":75},{"damage_healed":0,"gold_gain":0,"player_choice":"Success","damage_taken":5,"relics_obtained":["Strawberry"],"max_hp_gain":0,"max_hp_loss":0,"event_name":"Scrap Ooze","floor":5,"gold_loss":0}],"is_beta":false,"boss_relics":[],"items_purged_floors":[13],"is_endless":false,"potions_floor_spawned":[7,11],"killed_by":"Slime Boss","ascension_level":19}