{"gold_per_floor":[111,121,135,146,146,146,160,160,233,261,261,272,307,318,318,414,414,425,36,36,47,47,78,91,121,145,145,163,163,163,163,163,268,268,278,297,297,297,317,417,464,511,511,541,558,259,259,274,274,274],"floor_reached":51,"playtime":16104,"items_purged":["Strike_B","Defend_B+1"],"score":852,"play_id":"fd772cb8-d4a9-4d12-8b7a-f6a4c46a58e4","local_time":"20190915002016","is_ascension_mode":false,"campfire_choices":[{"data":"Genetic Algorithm","floor":6,"key":"SMITH"},{"data":"Go for the Eyes","floor":8,"key":"SMITH"},{"data":"Static Discharge","floor":11,"key":"SMITH"},{"floor":15,"key":"REST"},{"data":"Fusion","floor":27,"key":"SMITH"},{"data":"Capacitor","floor":30,"key":"SMITH"},{"data":"Consume","floor":32,"key":"SMITH"},{"floor":47,"key":"REST"},{"floor":49,"key":"REST"}],"neow_cost":"NONE","seed_source_timestamp":512158187219389,"circlet_count":0,"master_deck":["Strike_B+1","Strike_B+1","Strike_B+1","Defend_B+1","Defend_B+1","Defend_B+1","Zap","Dualcast","Redo","Go for the Eyes+1","Reprogram","Genetic Algorithm+1","FTL","Fusion+1","Electrodynamics","Chill","White Noise+1","Capacitor+1","Streamline","Secret Technique","Cold Snap","Cold Snap","Consume+1","Glacier+1","Seek","Hologram+1","Streamline+1","Storm"],"relics":["Cracked Core","Pear","Gambling Chip","Orichalcum","Inserter","Membership Card","Bag of Marbles","Pen Nib","Dream Catcher","Busted Crown","Peace Pipe","Girya","Omamori","Mummified Hand","Lantern","Frozen Eye","Letter Opener"],"potions_floor_usage":[7,10,16,25,28,28,50,50,50],"damage_taken":[{"damage":1,"enemies":"Cultist","floor":1,"turns":3},{"damage":0,"enemies":"Small Slimes","floor":2,"turns":2},{"damage":3,"enemies":"Jaw Worm","floor":3,"turns":4},{"damage":6,"enemies":"Exordium Thugs","floor":4,"turns":4},{"damage":0,"enemies":"3 Louse","floor":7,"turns":4},{"damage":23,"enemies":"Lagavulin","floor":10,"turns":5},{"damage":8,"enemies":"Large Slime","floor":12,"turns":5},{"damage":14,"enemies":"Gremlin Nob","floor":13,"turns":4},{"damage":1,"enemies":"Gremlin Gang","floor":14,"turns":3},{"damage":0,"enemies":"Slime Boss","floor":16,"turns":9},{"damage":10,"enemies":"2 Thieves","floor":18,"turns":4},{"damage":0,"enemies":"Chosen","floor":21,"turns":6},{"damage":19,"enemies":"Slavers","floor":23,"turns":9},{"damage":11,"enemies":"3 Cultists","floor":24,"turns":5},{"damage":0,"enemies":"Book of Stabbing","floor":25,"turns":7},{"damage":0,"enemies":"Centurion and Healer","floor":28,"turns":9},{"damage":0,"enemies":"Champ","floor":33,"turns":15},{"damage":0,"enemies":"Orb Walker","floor":35,"turns":5},{"damage":0,"enemies":"3 Darklings","floor":36,"turns":2},{"damage":0,"enemies":"Jaw Worm Horde","floor":39,"turns":5},{"damage":0,"enemies":"Mind Bloom Boss Battle","floor":40,"turns":8},{"damage":53,"enemies":"2 Orb Walkers","floor":41,"turns":7},{"damage":0,"enemies":"Giant Head","floor":44,"turns":12},{"damage":9,"enemies":"Maw","floor":45,"turns":9},{"damage":0,"enemies":"4 Shapes","floor":48,"turns":5},{"damage":7,"enemies":"Time Eater","floor":50,"turns":10}],"seed_played":"722360995988751069","potions_obtained":[{"floor":2,"key":"Block Potion"},{"floor":3,"key":"FocusPotion"},{"floor":10,"key":"SkillPotion"},{"floor":13,"key":"FearPotion"},{"floor":18,"key":"Swift Potion"},{"floor":25,"key":"EssenceOfSteel"},{"floor":39,"key":"SteroidPotion"},{"floor":44,"key":"Fire Potion"},{"floor":48,"key":"PowerPotion"}],"is_trial":false,"path_per_floor":["M","M","M","M","?","R","M","R","T","E","R","M","E","M","R","B",null,"M","$","?","M","?","E","M","E","T","R","M","?","R","?","R","B",null,"M","M","?","?","M","?","?","T","T","E","M","$","R","M","R","B",null],"character_chosen":"DEFECT","items_purchased":["Membership Card","Capacitor","Streamline","Secret Technique","Dexterity Potion","Frozen Eye","Letter Opener"],"campfire_rested":3,"item_purchase_floors":[19,19,19,19,46,46,46],"current_hp_per_floor":[81,81,78,72,56,56,56,56,66,43,43,35,21,20,47,47,92,82,82,82,82,102,83,72,72,72,72,72,72,72,102,102,102,102,102,102,102,97,97,97,44,44,44,44,35,35,64,64,93,86],"gold":274,"neow_bonus":"TEN_PERCENT_HP_BONUS","is_prod":false,"is_daily":false,"chose_seed":false,"campfire_upgraded":6,"win_rate":0.0,"timestamp":1568521216,"path_taken":["M","M","M","M","?","R","M","R","T","E","R","M","E","M","R","BOSS","M","$","?","M","?","E","M","E","T","R","?","?","R","?","R","BOSS","M","?","?","?","M","?","?","?","T","E","M","$","R","M","R","BOSS"],"build_version":"2019-07-17","purchased_purges":2,"victory":true,"max_hp_per_floor":[82,82,82,82,82,82,82,82,92,92,92,92,92,92,92,92,92,92,92,92,92,102,102,102,102,102,102,102,102,102,102,102,102,102,102,102,102,97,97,97,97,97,97,97,97,97,97,97,97,97],"card_choices":[{"not_picked":["Barrage","Storm"],"picked":"Redo","floor":1},{"not_picked":["Loop","Tempest"],"picked":"Go for the Eyes","floor":2},{"not_picked":["Storm","Go for the Eyes"],"picked":"Reprogram","floor":3},{"not_picked":["Sweeping Beam","Force Field"],"picked":"Genetic Algorithm","floor":4},{"not_picked":["Redo","Barrage"],"picked":"FTL","floor":7},{"not_picked":["Coolheaded","Barrage"],"picked":"Static Discharge","floor":10},{"not_picked":["Tempest","Steam Power"],"picked":"Fusion","floor":12},{"not_picked":["Force Field","Aggregate"],"picked":"Electrodynamics","floor":13},{"not_picked":["Gash","Reprogram"],"picked":"Chill","floor":14},{"not_picked":["Thunder Strike","Rainbow"],"picked":"Buffer","floor":16},{"not_picked":["Scrape+1","Leap+1"],"picked":"White Noise+1","floor":18},{"not_picked":["Beam Cell+1","Barrage"],"picked":"Cold Snap","floor":21},{"not_picked":["Scrape","Hologram"],"picked":"Cold Snap","floor":23},{"not_picked":["Leap","Hologram+1"],"picked":"Consume","floor":24},{"not_picked":["Conserve Battery","Fission"],"picked":"Glacier+1","floor":25},{"not_picked":["Conserve Battery","Cold Snap","Leap+1"],"picked":"SKIP","floor":28},{"not_picked":["Fission","Amplify"],"picked":"Seek","floor":33},{"not_picked":["Redo+1"],"picked":"SKIP","floor":35},{"not_picked":[],"picked":"Hologram+1","floor":36},{"not_picked":["Glacier"],"picked":"SKIP","floor":39},{"not_picked":["Stack+1"],"picked":"SKIP","floor":44},{"not_picked":["Sweeping Beam+1"],"picked":"SKIP","floor":45},{"not_picked":[],"picked":"Streamline+1","floor":48},{"not_picked":[],"picked":"Storm","floor":49}],"player_experience":59395,"relics_obtained":[{"floor":9,"key":"Pear"},{"floor":10,"key":"Gambling Chip"},{"floor":13,"key":"Orichalcum"},{"floor":23,"key":"Bag of Marbles"},{"floor":25,"key":"Pen Nib"},{"floor":26,"key":"Dream Catcher"},{"floor":40,"key":"Peace Pipe"},{"floor":41,"key":"Girya"},{"floor":42,"key":"Omamori"},{"floor":43,"key":"Mummified Hand"},{"floor":44,"key":"Lantern"}],"event_choices":[{"damage_healed":0,"gold_gain":0,"player_choice":"Entered Light","damage_taken":16,"max_hp_gain":0,"max_hp_loss":0,"event_name":"Shining Light","floor":5,"gold_loss":0,"cards_upgraded":["Strike_B","Defend_B"]},{"damage_healed":0,"gold_gain":0,"player_choice":"Simplicity","damage_taken":0,"max_hp_gain":0,"max_hp_loss":0,"event_name":"Back to Basics","floor":20,"gold_loss":0,"cards_upgraded":["Strike_B","Strike_B","Defend_B","Defend_B","Defend_B"]},{"cards_removed":["Buffer"],"damage_healed":10,"gold_gain":0,"player_choice":"Offered Rare","damage_taken":0,"max_hp_gain":10,"max_hp_loss":0,"event_name":"Bonfire Elementals","floor":22,"gold_loss":0},{"damage_healed":0,"gold_gain":0,"player_choice":"Ignored","damage_taken":0,"max_hp_gain":0,"max_hp_loss":0,"event_name":"Vampires","floor":29,"gold_loss":0},{"damage_healed":30,"gold_gain":0,"player_choice":"Full Heal","damage_taken":0,"max_hp_gain":0,"max_hp_loss":0,"event_name":"Wheel of Change","floor":31,"gold_loss":0},{"cards_removed":["Static Discharge"],"damage_healed":0,"gold_gain":0,"player_choice":"Removed Power","damage_taken":0,"max_hp_gain":0,"max_hp_loss":0,"event_name":"Falling","floor":37,"gold_loss":0},{"damage_healed":0,"gold_gain":0,"player_choice":"Max HP","damage_taken":0,"max_hp_gain":0,"max_hp_loss":5,"event_name":"Winding Halls","floor":38,"gold_loss":0},{"damage_healed":0,"gold_gain":0,"player_choice":"Fight","damage_taken":0,"max_hp_gain":0,"max_hp_loss":0,"event_name":"MindBloom","floor":40,"gold_loss":0},{"damage_healed":0,"gold_gain":0,"player_choice":"Fight","damage_taken":0,"max_hp_gain":0,"max_hp_loss":0,"event_name":"Mysterious Sphere","floor":41,"gold_loss":0}],"is_beta":false,"boss_relics":[{"not_picked":["Snecko Eye","White Beast Statue"],"picked":"Inserter"},{"not_picked":["Tiny House","Eternal Feather"],"picked":"Busted Crown"}],"items_purged_floors":[19,46],"is_endless":false,"potions_floor_spawned":[2,3,10,13,18,25,39,44,48],"ascension_level":0}