{"gold_per_floor":[115,133,48,48,68,68,68,218,288,288,302,302,302,329,329,407,457,468,468,72,87,102,102,26,36,36,36,0,0,11,11,11,89,89,102,2,20,38,38,63,63,63,63,63,74,74,90,90],"floor_reached":48,"playtime":3393,"items_purged":["Strike_G","Strike_G"],"score":870,"play_id":"2e897dcc-093e-46f1-b9d7-633bc70bbd52","local_time":"20190824015748","is_ascension_mode":true,"campfire_choices":[{"data":"Neutralize","floor":6,"key":"SMITH"},{"data":"Cloak And Dagger","floor":10,"key":"SMITH"},{"data":"Well Laid Plans","floor":12,"key":"SMITH"},{"data":"Finisher","floor":15,"key":"SMITH"},{"data":"Apotheosis","floor":23,"key":"SMITH"},{"data":"Footwork","floor":27,"key":"SMITH"},{"data":"Adrenaline","floor":32,"key":"SMITH"},{"data":"After Image","floor":41,"key":"SMITH"},{"data":"Blind","floor":46,"key":"SMITH"}],"neow_cost":"NONE","seed_source_timestamp":269994466302300,"circlet_count":0,"master_deck":["AscendersBane","Strike_G","Strike_G+1","Defend_G","Defend_G","Defend_G","Defend_G","Survivor","Neutralize+1","Slice","Predator","Well Laid Plans+1","Cloak And Dagger+1","Finisher+1","Corpse Explosion","Adrenaline+1","Terror+1","Backflip","Apotheosis+1","Blind+1","Blur","Footwork+1","Cloak And Dagger","Backflip","After Image+1","Neutralize","Escape Plan"],"relics":["Ring of the Snake","Thread and Needle","Bottled Lightning","Blue Candle","Tiny House","Shuriken","WristBlade","Gremlin Horn","Nunchaku"],"potions_floor_usage":[14,14,22,22,35,47],"damage_taken":[{"damage":0,"enemies":"Cultist","floor":1,"turns":4},{"damage":14,"enemies":"Jaw Worm","floor":2,"turns":6},{"damage":0,"enemies":"Small Slimes","floor":5,"turns":3},{"damage":0,"enemies":"Red Slaver","floor":11,"turns":4},{"damage":11,"enemies":"3 Sentries","floor":14,"turns":9},{"damage":28,"enemies":"The Guardian","floor":16,"turns":14},{"damage":11,"enemies":"Spheric Guardian","floor":18,"turns":7},{"damage":0,"enemies":"3 Byrds","floor":21,"turns":2},{"damage":6,"enemies":"Centurion and Healer","floor":22,"turns":6},{"damage":4,"enemies":"Snake Plant","floor":25,"turns":6},{"damage":10,"enemies":"Sentry and Sphere","floor":30,"turns":6},{"damage":29,"enemies":"Champ","floor":33,"turns":13},{"damage":0,"enemies":"3 Darklings","floor":35,"turns":4},{"damage":4,"enemies":"Orb Walker","floor":37,"turns":6},{"damage":10,"enemies":"4 Shapes","floor":38,"turns":8},{"damage":27,"enemies":"Giant Head","floor":40,"turns":8},{"damage":0,"enemies":"Maw","floor":45,"turns":9},{"damage":10,"enemies":"Transient","floor":47,"turns":6},{"damage":20,"enemies":"4 Shapes","floor":48,"turns":3}],"seed_played":"-7333862522573767327","potions_obtained":[{"floor":1,"key":"Explosive Potion"},{"floor":11,"key":"Poison Potion"},{"floor":13,"key":"Fruit Juice"},{"floor":13,"key":"LiquidBronze"},{"floor":17,"key":"Swift Potion"},{"floor":18,"key":"Energy Potion"},{"floor":25,"key":"Explosive Potion"},{"floor":35,"key":"AttackPotion"},{"floor":38,"key":"SpeedPotion"}],"is_trial":false,"path_per_floor":["M","M","$","?","M","R","?","?","T","R","M","R","?","E","R","B",null,"M","?","$","M","M","R","$","M","T","R","?","?","M","$","R","B",null,"M","$","M","M","?","E","R","?","T","?","M","R","M","M"],"character_chosen":"THE_SILENT","items_purchased":["Well Laid Plans","Apotheosis","Blind","Footwork"],"campfire_rested":0,"item_purchase_floors":[3,20,20,24],"current_hp_per_floor":[65,51,51,51,51,51,44,44,44,44,44,44,44,38,38,10,65,54,54,54,54,48,48,48,44,44,44,44,44,34,34,34,5,63,63,63,59,49,49,22,22,22,22,22,22,22,12,0],"gold":90,"neow_bonus":"TEN_PERCENT_HP_BONUS","is_prod":false,"is_daily":false,"chose_seed":false,"campfire_upgraded":9,"win_rate":0,"timestamp":1566583068,"path_taken":["M","M","$","?","?","R","?","?","T","R","M","R","?","E","R","BOSS","M","?","?","M","M","R","$","M","T","R","?","?","M","$","R","BOSS","M","$","M","M","?","E","R","?","T","?","M","R","?","M"],"build_version":"2019-07-17","purchased_purges":2,"victory":false,"max_hp_per_floor":[72,72,72,72,72,72,72,72,72,72,72,72,72,77,77,77,82,82,82,82,82,82,82,82,82,82,82,82,82,82,82,82,82,82,82,82,82,82,82,82,82,82,82,82,82,82,82,82],"card_choices":[{"not_picked":["Bane","Eviscerate"],"picked":"Slice","floor":1},{"not_picked":["Terror","Blade Dance"],"picked":"Predator","floor":2},{"not_picked":["Reflex","Sucker Punch"],"picked":"Cloak And Dagger","floor":5},{"not_picked":["Reflex","Blade Dance"],"picked":"Finisher","floor":11},{"not_picked":["Leg Sweep","Envenom"],"picked":"Corpse Explosion","floor":14},{"not_picked":["Storm of Steel","Unload"],"picked":"Adrenaline","floor":16},{"not_picked":["Dagger Spray","Deadly Poison"],"picked":"Terror","floor":17},{"not_picked":["Deadly Poison","Sucker Punch"],"picked":"Backflip","floor":18},{"not_picked":["All Out Attack","Terror+1","Dagger Throw"],"picked":"SKIP","floor":21},{"not_picked":["Dash","Underhanded Strike"],"picked":"Blur","floor":22},{"not_picked":["Dagger Spray","Bane"],"picked":"Cloak And Dagger","floor":25},{"not_picked":["Prepared","PiercingWail"],"picked":"Backflip","floor":30},{"not_picked":["A Thousand Cuts","Envenom"],"picked":"After Image","floor":33},{"not_picked":["Deadly Poison","Outmaneuver","Bane+1"],"picked":"SKIP","floor":35},{"not_picked":["Bane","Blade Dance","Dagger Throw"],"picked":"SKIP","floor":37},{"not_picked":["Backflip","Eviscerate","Distraction"],"picked":"SKIP","floor":38},{"not_picked":["Dagger Throw","Eviscerate","Poisoned Stab"],"picked":"SKIP","floor":40},{"not_picked":["Predator","Slice"],"picked":"Escape Plan","floor":45},{"not_picked":["Dagger Throw","Bouncing Flask","Finisher"],"picked":"SKIP","floor":47}],"player_experience":618491,"relics_obtained":[{"floor":9,"key":"Bottled Lightning"},{"floor":14,"key":"Blue Candle"},{"floor":26,"key":"Shuriken"},{"floor":40,"key":"Gremlin Horn"},{"floor":43,"key":"Nunchaku"}],"event_choices":[{"damage_healed":0,"gold_gain":0,"player_choice":"Gave Potion","damage_taken":0,"relics_obtained":["Thread and Needle"],"max_hp_gain":0,"max_hp_loss":0,"event_name":"WeMeetAgain","floor":4,"gold_loss":0},{"cards_removed":["Strike_G"],"damage_healed":0,"gold_gain":0,"player_choice":"Card Removal","damage_taken":7,"max_hp_gain":0,"max_hp_loss":0,"event_name":"Golden Wing","floor":7,"gold_loss":0},{"damage_healed":0,"gold_gain":150,"player_choice":"AGREE","damage_taken":0,"max_hp_gain":0,"max_hp_loss":0,"event_name":"Liars Game","floor":8,"gold_loss":0,"cards_obtained":["Doubt"]},{"damage_healed":0,"gold_gain":0,"player_choice":"Got Potions","damage_taken":0,"max_hp_gain":0,"max_hp_loss":0,"event_name":"Lab","floor":13,"gold_loss":0},{"cards_removed":["Doubt"],"damage_healed":0,"gold_gain":0,"player_choice":"Purged","damage_taken":0,"max_hp_gain":0,"max_hp_loss":0,"event_name":"Purifier","floor":19,"gold_loss":0},{"damage_healed":0,"gold_gain":0,"player_choice":"Paid Fearfully","damage_taken":0,"max_hp_gain":0,"max_hp_loss":0,"event_name":"Masked Bandits","floor":28,"gold_loss":36},{"damage_healed":0,"gold_gain":0,"player_choice":"Forge","damage_taken":0,"max_hp_gain":0,"max_hp_loss":0,"event_name":"Accursed Blacksmith","floor":29,"gold_loss":0,"cards_upgraded":["Terror"]},{"cards_removed":["Defend_G"],"damage_healed":0,"gold_gain":0,"player_choice":"Removed Skill","damage_taken":0,"max_hp_gain":0,"max_hp_loss":0,"event_name":"Falling","floor":39,"gold_loss":0},{"damage_healed":0,"gold_gain":0,"player_choice":"Ignored","damage_taken":0,"max_hp_gain":0,"max_hp_loss":0,"event_name":"Mysterious Sphere","floor":42,"gold_loss":0},{"damage_healed":0,"gold_gain":0,"player_choice":"1 cards matched","damage_taken":0,"max_hp_gain":0,"max_hp_loss":0,"event_name":"Match and Keep!","floor":44,"gold_loss":0,"cards_obtained":["Neutralize"]}],"is_beta":false,"boss_relics":[{"not_picked":["Pandora\u0027s Box","Orrery"],"picked":"Tiny House"},{"not_picked":["Black Star","Eternal Feather"],"picked":"WristBlade"}],"items_purged_floors":[20,36],"is_endless":false,"potions_floor_spawned":[1,11,18,25,35,38],"killed_by":"4 Shapes","ascension_level":18}