{"gold_per_floor":[110,128,128,142,142,174,249,283,328,359,359,359,372,407,407,505,505,515,614,625,725,740,159,193,207,233,266,280,305,320,354,354,450,450,461,461,508,522,542,569,587,618,618,631,152,252,252,281,281,281,281,281,138,168,168],"floor_reached":56,"playtime":2162,"items_purged":[],"score":1857,"play_id":"2ccee505-e185-4926-8eb6-5cf0863192d1","local_time":"20190921231407","daily_mods":["Allstar","Hoarder","Lethality"],"is_ascension_mode":true,"campfire_choices":[{"data":"Apotheosis","floor":11.0,"key":"SMITH"},{"floor":15.0,"key":"RECALL"},{"floor":32.0,"key":"REST"},{"floor":49.0,"key":"REST"},{"floor":52.0,"key":"REST"}],"neow_cost":"","seed_source_timestamp":0,"circlet_count":0,"master_deck":["Strike_R","Strike_R","Strike_R","Strike_R","Defend_R","Defend_R","Defend_R","Defend_R","Bash","Violence","Violence","Violence","Secret Technique","Secret Technique","Secret Technique","Flash of Steel","Flash of Steel","Flash of Steel","Apotheosis+1","Apotheosis","Apotheosis","Dramatic Entrance","Dramatic Entrance","Dramatic Entrance","Disarm","Disarm","Disarm","Feed","Feed","Feed","Heavy Blade","Heavy Blade","Heavy Blade","Shrug It Off+1","Shrug It Off+1","Shrug It Off+1","True Grit","True Grit","True Grit","Panache","Panache","Panache","Finesse","Finesse","Finesse","Battle Trance","Battle Trance","Battle Trance","Entrench+1","Entrench+1","Entrench+1","Headbutt","Headbutt","Headbutt","Exhume+1","Exhume+1","Exhume+1","Inflame","Inflame","Inflame","Entrench+1","Entrench+1","Entrench+1","Barricade","Barricade","Body Slam+1","Body Slam+1","Body Slam+1","Shrug It Off+1","Shrug It Off+1","Shrug It Off+1","Corruption+1","Corruption+1","Corruption+1","Limit Break+1","Limit Break+1","Limit Break+1","Entrench+1","Entrench+1","Entrench+1","Offering+1","Offering+1","Offering+1","Disarm+1","Disarm+1","Disarm+1","Juggernaut","Juggernaut","Juggernaut","Impervious+1","Impervious+1","Impervious+1","Shrug It Off+1","Shrug It Off+1","Shrug It Off+1","Body Slam+1","Body Slam+1","Body Slam+1","Heavy Blade+1","Heavy Blade+1","Heavy Blade+1"],"special_seed":0,"relics":["Burning Blood","Mummified Hand","Anchor","Bag of Marbles","Centennial Puzzle","Bottled Lightning","Letter Opener","Runic Dome","Kunai","Toxic Egg 2","Bottled Tornado","Dream Catcher","Oddly Smooth Stone","White Beast Statue","StoneCalendar","Dead Branch","Torii","Shuriken","Dodecahedron","Magic Flower","PreservedInsect","Bronze Scales","Pantograph"],"potions_floor_usage":[55,55,55],"damage_taken":[{"damage":0.0,"enemies":"2 Louse","floor":1.0,"turns":1.0},{"damage":9.0,"enemies":"Jaw Worm","floor":2.0,"turns":2.0},{"damage":0.0,"enemies":"Cultist","floor":4.0,"turns":1.0},{"damage":7.0,"enemies":"3 Sentries","floor":6.0,"turns":3.0},{"damage":18.0,"enemies":"Lagavulin","floor":8.0,"turns":3.0},{"damage":0.0,"enemies":"Gremlin Nob","floor":10.0,"turns":2.0},{"damage":0.0,"enemies":"Looter","floor":13.0,"turns":1.0},{"damage":10.0,"enemies":"Lagavulin","floor":14.0,"turns":3.0},{"damage":16.0,"enemies":"The Guardian","floor":16.0,"turns":10.0},{"damage":0.0,"enemies":"Spheric Guardian","floor":18.0,"turns":2.0},{"damage":6.0,"enemies":"Chosen","floor":20.0,"turns":2.0},{"damage":20.0,"enemies":"Snake Plant","floor":22.0,"turns":2.0},{"damage":0.0,"enemies":"Slavers","floor":24.0,"turns":2.0},{"damage":0.0,"enemies":"Shelled Parasite and Fungi","floor":25.0,"turns":1.0},{"damage":0.0,"enemies":"Gremlin Leader","floor":27.0,"turns":2.0},{"damage":6.0,"enemies":"Cultist and Chosen","floor":28.0,"turns":3.0},{"damage":10.0,"enemies":"Book of Stabbing","floor":29.0,"turns":3.0},{"damage":0.0,"enemies":"3 Cultists","floor":30.0,"turns":2.0},{"damage":17.0,"enemies":"Gremlin Leader","floor":31.0,"turns":2.0},{"damage":17.0,"enemies":"Champ","floor":33.0,"turns":7.0},{"damage":0.0,"enemies":"3 Darklings","floor":35.0,"turns":2.0},{"damage":16.0,"enemies":"2 Orb Walkers","floor":37.0,"turns":3.0},{"damage":3.0,"enemies":"Orb Walker","floor":38.0,"turns":2.0},{"damage":14.0,"enemies":"3 Darklings","floor":39.0,"turns":2.0},{"damage":1.0,"enemies":"Nemesis","floor":40.0,"turns":5.0},{"damage":9.0,"enemies":"Writhing Mass","floor":41.0,"turns":2.0},{"damage":6.0,"enemies":"Giant Head","floor":42.0,"turns":2.0},{"damage":0.0,"enemies":"Sphere and 2 Shapes","floor":44.0,"turns":1.0},{"damage":0.0,"enemies":"Mind Bloom Boss Battle","floor":46.0,"turns":2.0},{"damage":8.0,"enemies":"Reptomancer","floor":48.0,"turns":4.0},{"damage":6.0,"enemies":"Time Eater","floor":50.0,"turns":3.0},{"damage":0.0,"enemies":"Shield and Spear","floor":54.0,"turns":2.0},{"damage":0,"enemies":"The Heart","floor":55,"turns":4}],"seed_played":"-1788885281876742479","potions_obtained":[{"floor":1.0,"key":"Poison Potion"},{"floor":8.0,"key":"Fire Potion"},{"floor":14.0,"key":"PowerPotion"},{"floor":16.0,"key":"Regen Potion"},{"floor":24.0,"key":"Strength Potion"},{"floor":35.0,"key":"Fruit Juice"},{"floor":37.0,"key":"Energy Potion"}],"is_trial":true,"path_per_floor":["M","M","?","M","?","E","?","E","T","E","R","T","M","E","R","B",null,"M","?","M","?","M","$","E","M","T","E","M","E","M","E","R","B",null,"M","?","?","M","M","E","M","E","T","M","$","?","?","E","R","B",null,"R","$","E","B",null],"character_chosen":"IRONCLAD","items_purchased":["Kunai","Panache","Finesse","Battle Trance","Offering+1","Disarm+1","Dodecahedron","Bronze Scales"],"campfire_rested":3,"item_purchase_floors":[23,23,23,23,45,45,45,53],"current_hp_per_floor":[80,77,82,85,85,90,79,71,71,81,81,81,91,91,91,85,111,115,115,119,119,109,109,119,129,129,131,135,135,139,132,143,136,147,147,147,142,149,145,154,151,151,151,157,157,163,163,168,168,168,168,168,168,168,168],"gold":168,"neow_bonus":"","is_prod":false,"is_daily":false,"chose_seed":false,"campfire_upgraded":1,"win_rate":0,"timestamp":1569132847,"path_taken":["M","M","?","M","?","E","?","E","T","E","R","?","M","E","R","BOSS","M","?","M","?","M","$","E","M","T","E","M","E","M","E","R","BOSS","M","?","?","M","M","E","M","E","T","M","$","?","?","E","R","BOSS","R","$","E","BOSS"],"build_version":"2019-07-17","purchased_purges":0,"victory":true,"max_hp_per_floor":[80,80,85,85,85,91,91,95,95,99,99,99,103,107,107,111,111,115,115,119,119,123,123,127,131,131,131,135,139,139,143,143,147,147,147,147,152,156,160,164,164,164,164,164,164,164,164,168,168,168,168,168,168,168,168],"card_choices":[{"not_picked":["Clash","Carnage","Thunderclap"],"picked":"SKIP","floor":1.0},{"not_picked":["Perfected Strike","Power Through"],"picked":"Disarm","floor":2.0},{"not_picked":["Flex","True Grit"],"picked":"Feed","floor":4.0},{"not_picked":["Clothesline","Flex"],"picked":"Heavy Blade","floor":6.0},{"not_picked":["Hemokinesis","Immolate","Body Slam"],"picked":"SKIP","floor":8.0},{"not_picked":["Cleave","True Grit","Wild Strike"],"picked":"SKIP","floor":10.0},{"not_picked":["Heavy Blade","Combust","Berserk"],"picked":"SKIP","floor":13.0},{"not_picked":["Fire Breathing","Armaments","Havoc"],"picked":"SKIP","floor":14.0},{"not_picked":["Sword Boomerang","Pommel Strike","Wild Strike+1"],"picked":"SKIP","floor":18.0},{"not_picked":["Battle Trance+1","Headbutt"],"picked":"Shrug It Off+1","floor":20.0},{"not_picked":["Iron Wave","Burning Pact"],"picked":"True Grit","floor":22.0},{"not_picked":["Sever Soul","Clash"],"picked":"Entrench","floor":24.0},{"not_picked":["Flex+1","Cleave+1","Dark Embrace"],"picked":"SKIP","floor":25.0},{"not_picked":["Searing Blow","Perfected Strike+1"],"picked":"Headbutt","floor":27.0},{"not_picked":["Headbutt","Reckless Charge+1","Searing Blow"],"picked":"SKIP","floor":28.0},{"not_picked":["Demon Form","Pommel Strike"],"picked":"Exhume+1","floor":29.0},{"not_picked":["Dropkick+1","Clash"],"picked":"Inflame","floor":30.0},{"not_picked":["Rampage","Sever Soul"],"picked":"Entrench+1","floor":31.0},{"not_picked":["Bludgeon","Immolate"],"picked":"Barricade","floor":33.0},{"not_picked":["Sword Boomerang+1","Uppercut+1"],"picked":"Body Slam+1","floor":35.0},{"not_picked":["Evolve+1","Sword Boomerang","Feel No Pain+1"],"picked":"SKIP","floor":38.0},{"not_picked":["Twin Strike+1","Rage+1","Havoc+1"],"picked":"SKIP","floor":39.0},{"not_picked":["Blood for Blood+1","True Grit+1"],"picked":"Shrug It Off+1","floor":40.0},{"not_picked":["Metallicize+1","Sword Boomerang+1"],"picked":"Corruption+1","floor":41.0},{"not_picked":["Cleave","Headbutt+1"],"picked":"Limit Break+1","floor":42.0},{"not_picked":["Thunderclap","Clothesline"],"picked":"Entrench+1","floor":44.0},{"not_picked":["Thunderclap","Heavy Blade"],"picked":"Impervious+1","floor":48.0},{"not_picked":["Warcry+1","Offering+1"],"picked":"Shrug It Off+1","floor":49.0},{"not_picked":["True Grit+1","Clash"],"picked":"Body Slam+1","floor":52.0},{"not_picked":["Twin Strike+1","Spot Weakness+1"],"picked":"Heavy Blade+1","floor":54.0}],"player_experience":1208306,"relics_obtained":[{"floor":6.0,"key":"Mummified Hand"},{"floor":8.0,"key":"Anchor"},{"floor":9.0,"key":"Bag of Marbles"},{"floor":10.0,"key":"Centennial Puzzle"},{"floor":12.0,"key":"Bottled Lightning"},{"floor":14.0,"key":"Letter Opener"},{"floor":24.0,"key":"Toxic Egg 2"},{"floor":27.0,"key":"Bottled Tornado"},{"floor":29.0,"key":"Dream Catcher"},{"floor":31.0,"key":"Oddly Smooth Stone"},{"floor":37.0,"key":"StoneCalendar"},{"floor":40.0,"key":"Dead Branch"},{"floor":42.0,"key":"Torii"},{"floor":43.0,"key":"Shuriken"},{"floor":46.0,"key":"Magic Flower"},{"floor":48.0,"key":"PreservedInsect"},{"floor":54.0,"key":"Pantograph"}],"event_choices":[{"damage_healed":0.0,"max_hp_gain":5.0,"max_hp_loss":0.0,"gold_gain":0.0,"event_name":"Big Fish","player_choice":"Donut","floor":3.0,"gold_loss":0.0,"damage_taken":0.0},{"damage_healed":0.0,"max_hp_gain":0.0,"max_hp_loss":0.0,"gold_gain":0.0,"event_name":"Liars Game","player_choice":"Ignored","floor":5.0,"gold_loss":0.0,"damage_taken":0.0},{"damage_healed":0.0,"max_hp_gain":0.0,"max_hp_loss":0.0,"gold_gain":75.0,"event_name":"World of Goop","player_choice":"Gather Gold","floor":7.0,"gold_loss":0.0,"damage_taken":11.0},{"damage_healed":0.0,"max_hp_gain":0.0,"max_hp_loss":0.0,"gold_gain":99.0,"event_name":"Nest","player_choice":"Stole From Cult","floor":19.0,"gold_loss":0.0,"damage_taken":0.0},{"damage_healed":0.0,"max_hp_gain":0.0,"max_hp_loss":0.0,"gold_gain":100.0,"event_name":"Golden Shrine","player_choice":"Pray","floor":21.0,"gold_loss":0.0,"damage_taken":0.0},{"cards_removed":["Barricade"],"damage_healed":0.0,"max_hp_gain":0.0,"max_hp_loss":0.0,"gold_gain":0.0,"event_name":"Falling","player_choice":"Removed Power","floor":36.0,"gold_loss":0.0,"damage_taken":0.0},{"damage_healed":0.0,"max_hp_gain":0.0,"max_hp_loss":0.0,"gold_gain":0.0,"event_name":"Mysterious Sphere","player_choice":"Fight","floor":37.0,"gold_loss":0.0,"damage_taken":0.0},{"damage_healed":0.0,"max_hp_gain":0.0,"max_hp_loss":0.0,"gold_gain":0.0,"event_name":"MindBloom","player_choice":"Fight","floor":46.0,"gold_loss":0.0,"damage_taken":0.0},{"damage_healed":0.0,"max_hp_gain":0.0,"max_hp_loss":0.0,"gold_gain":0.0,"cards_transformed":["Strike_R"],"event_name":"Transmorgrifier","player_choice":"Transformed","floor":47.0,"gold_loss":0.0,"damage_taken":0.0,"cards_obtained":["Juggernaut"]}],"is_beta":false,"boss_relics":[{"not_picked":["Cursed Key","Runic Pyramid"],"picked":"Runic Dome"},{"not_picked":["Black Blood","Empty Cage"],"picked":"White Beast Statue"}],"items_purged_floors":[],"is_endless":false,"potions_floor_spawned":[1,8,14,16,22,24,25,27,33,35,37,38,39,40,41,42,44,46,48,54],"ascension_level":1}