{"gold_per_floor":[110,110,260,260,27,56,56,86,86,86,100,100,135,155,155,233,233,133,133,133,133,21,21,21,21,21,21,21,21,21,21,21,21],"floor_reached":33,"playtime":1495,"items_purged":["Strike_G"],"score":575,"play_id":"b304fce6-d6ef-40a3-a948-cba0c7dd418c","local_time":"20190405000646","is_ascension_mode":true,"campfire_choices":[{"data":"Neutralize","floor":7.0,"key":"SMITH"},{"data":"Caltrops","floor":12.0,"key":"SMITH"},{"floor":15.0,"key":"REST"},{"floor":23.0,"key":"REST"},{"data":"Malaise","floor":25.0,"key":"SMITH"},{"floor":27.0,"key":"REST"},{"floor":29,"key":"REST"},{"floor":32,"key":"REST"}],"neow_cost":"NONE","seed_source_timestamp":1398743334476094,"circlet_count":0,"master_deck":["AscendersBane","Defend_G","Defend_G","Defend_G","Defend_G","Defend_G","Strike_G","Strike_G","Strike_G","Survivor","Neutralize+1","Well Laid Plans","Flying Knee","PiercingWail","Caltrops+1","Dagger Spray","Dodge and Roll","Malaise+1","Infinite Blades","Blade Dance","Prepared","Backflip","Blur","Escape Plan","Blur","Accuracy"],"special_seed":0,"relics":["Ring of the Snake","NeowsBlessing","Happy Flower","Pantograph","Prayer Wheel","Blood Vial","Juzu Bracelet","Ectoplasm","Enchiridion","Dream Catcher"],"potions_floor_usage":[28,33,33],"damage_taken":[{"damage":0.0,"enemies":"2 Louse","floor":1.0,"turns":1.0},{"damage":0.0,"enemies":"3 Sentries","floor":6.0,"turns":1.0},{"damage":0.0,"enemies":"Lagavulin","floor":8.0,"turns":1.0},{"damage":2.0,"enemies":"Jaw Worm","floor":11.0,"turns":4.0},{"damage":35.0,"enemies":"3 Sentries","floor":13.0,"turns":10.0},{"damage":8.0,"enemies":"Small Slimes","floor":14.0,"turns":3.0},{"damage":10.0,"enemies":"Hexaghost","floor":16.0,"turns":14.0},{"damage":12.0,"enemies":"2 Thieves","floor":18.0,"turns":4.0},{"damage":20.0,"enemies":"Shell Parasite","floor":20.0,"turns":6.0},{"damage":1.0,"enemies":"Snecko","floor":21.0,"turns":6.0},{"damage":40,"enemies":"Cultist and Chosen","floor":28,"turns":8},{"damage":12,"enemies":"Chosen and Byrds","floor":30,"turns":8},{"damage":71,"enemies":"Champ","floor":33,"turns":21}],"seed_played":"-5501262857906090998","potions_obtained":[{"floor":1.0,"key":"Ancient Potion"},{"floor":6.0,"key":"FearPotion"},{"floor":14.0,"key":"GhostInAJar"},{"floor":20.0,"key":"LiquidBronze"},{"floor":30,"key":"Dexterity Potion"}],"is_trial":false,"path_per_floor":["M","?","?","?","$","E","R","E","T","?","M","R","E","M","R","B",null,"M","?","M","M","$","R","?","R","T","R","M","R","M","?","R","B"],"character_chosen":"THE_SILENT","items_purchased":["Happy Flower","Backflip","PowerPotion"],"campfire_rested":5,"item_purchase_floors":[5,22,22],"current_hp_per_floor":[59,59,59,52,52,52,52,52,52,52,52,52,19,13,32,49,62,52,31,13,14,14,33,33,33,33,52,14,33,23,23,42,0],"gold":21,"neow_bonus":"THREE_ENEMY_KILL","is_prod":false,"is_daily":false,"chose_seed":false,"campfire_upgraded":3,"win_rate":0,"timestamp":1554448006,"path_taken":["M","?","?","?","$","E","R","E","T","?","M","R","E","M","R","BOSS","M","?","M","M","$","R","?","R","T","R","M","R","M","?","R","BOSS"],"build_version":"2019-01-23","purchased_purges":1,"victory":false,"max_hp_per_floor":[66,66,66,66,66,66,66,66,66,66,66,66,66,66,66,66,66,66,66,66,66,66,66,66,66,66,66,66,66,66,66,66,66],"card_choices":[{"not_picked":["Acrobatics","Slice"],"picked":"Well Laid Plans","floor":1.0},{"not_picked":["Deflect","Bane"],"picked":"Flying Knee","floor":6.0},{"not_picked":["Slice","Flying Knee","Deadly Poison"],"picked":"SKIP","floor":8.0},{"not_picked":["Deadly Poison","Malaise"],"picked":"PiercingWail","floor":11.0},{"not_picked":["Blade Dance","Prepared"],"picked":"Caltrops","floor":11.0},{"not_picked":["Dagger Throw","Distraction"],"picked":"Dagger Spray","floor":13.0},{"not_picked":["Deflect","Flying Knee"],"picked":"Dodge and Roll","floor":14.0},{"not_picked":["All Out Attack","Accuracy","Bouncing Flask"],"picked":"SKIP","floor":14.0},{"not_picked":["Phantasmal Killer","Night Terror"],"picked":"Malaise","floor":16.0},{"not_picked":["Poisoned Stab","Endless Agony+1"],"picked":"Infinite Blades","floor":18.0},{"not_picked":["Well Laid Plans","Dodge and Roll"],"picked":"Blade Dance","floor":18.0},{"not_picked":["Deadly Poison","Bane","Poisoned Stab"],"picked":"SKIP","floor":20.0},{"not_picked":["Sucker Punch","Deflect","Concentrate"],"picked":"SKIP","floor":20.0},{"not_picked":["Underhanded Strike","Poisoned Stab"],"picked":"Prepared","floor":21.0},{"not_picked":["Slice","Night Terror","Underhanded Strike"],"picked":"SKIP","floor":21.0},{"not_picked":["Expertise","Slice"],"picked":"Blur","floor":28},{"not_picked":["Outmaneuver","Dodge and Roll","Quick Slash"],"picked":"SKIP","floor":28},{"not_picked":["PiercingWail","Storm of Steel"],"picked":"Escape Plan","floor":29},{"not_picked":["Distraction","Bane","Predator"],"picked":"SKIP","floor":30},{"not_picked":["Deflect","Prepared","Acrobatics"],"picked":"SKIP","floor":30},{"not_picked":["Predator","Dodge and Roll"],"picked":"Accuracy","floor":32}],"player_experience":941115,"relics_obtained":[{"floor":6.0,"key":"Pantograph"},{"floor":8.0,"key":"Prayer Wheel"},{"floor":9.0,"key":"Blood Vial"},{"floor":13.0,"key":"Juzu Bracelet"},{"floor":19.0,"key":"Enchiridion"},{"floor":26.0,"key":"Dream Catcher"}],"event_choices":[{"damage_healed":0.0,"max_hp_gain":0.0,"max_hp_loss":0.0,"gold_gain":0.0,"event_name":"Golden Idol","player_choice":"Ignored","floor":2.0,"gold_loss":0.0,"damage_taken":0.0},{"damage_healed":0.0,"max_hp_gain":0.0,"max_hp_loss":0.0,"gold_gain":150.0,"event_name":"Liars Game","player_choice":"AGREE","floor":3.0,"gold_loss":0.0,"damage_taken":0.0,"cards_obtained":["Doubt"]},{"cards_removed":["Doubt"],"damage_healed":0.0,"max_hp_gain":0.0,"max_hp_loss":0.0,"gold_gain":0.0,"event_name":"Golden Wing","player_choice":"Card Removal","floor":4.0,"gold_loss":0.0,"damage_taken":7.0},{"damage_healed":0.0,"max_hp_gain":0.0,"max_hp_loss":0.0,"gold_gain":0.0,"event_name":"Scrap Ooze","player_choice":"Fled","floor":10.0,"gold_loss":0.0,"damage_taken":0.0},{"damage_healed":0.0,"max_hp_gain":0.0,"max_hp_loss":0.0,"gold_gain":0.0,"event_name":"Cursed Tome","player_choice":"Obtained Book","floor":19.0,"gold_loss":0.0,"damage_taken":21.0},{"damage_healed":0.0,"max_hp_gain":0.0,"max_hp_loss":0.0,"gold_gain":0.0,"event_name":"Ghosts","player_choice":"Ignored","floor":24.0,"gold_loss":0.0,"damage_taken":0.0},{"damage_healed":0,"gold_gain":0,"cards_transformed":["Strike_G"],"player_choice":"Transformed","damage_taken":0,"max_hp_gain":0,"max_hp_loss":0,"event_name":"Transmorgrifier","floor":31,"gold_loss":0,"cards_obtained":["Blur"]}],"is_beta":false,"boss_relics":[{"not_picked":["Eternal Feather","Busted Crown"],"picked":"Ectoplasm"}],"items_purged_floors":[5],"is_endless":false,"potions_floor_spawned":[1,6,14,20,30],"killed_by":"Champ","ascension_level":17}