{"gold_per_floor":[110,127,144,163,163,163,73,108,108,126,140,174,190,190,190,288,288,305,230,230,230],"floor_reached":21,"playtime":887,"items_purged":[],"score":216,"play_id":"80423979-c449-4206-905f-11ff79863080","local_time":"20190917012940","is_ascension_mode":false,"campfire_choices":[{"data":"Zap","floor":6,"key":"SMITH"},{"data":"Creative AI","floor":15,"key":"SMITH"}],"neow_cost":"NONE","seed_source_timestamp":511447254645381,"circlet_count":0,"master_deck":["Strike_B","Strike_B","Strike_B","Strike_B","Defend_B","Defend_B","Defend_B","Defend_B","Zap+1","Dualcast","Multi-Cast","Defragment","Leap","White Noise","Gash","Capacitor","Conserve Battery","Cold Snap","Steam","Ball Lightning","Creative AI+1","White Noise","Core Surge","Leap","Conserve Battery"],"relics":["Cracked Core","Bottled Tornado","Pear","Meat on the Bone","Nuclear Battery","CultistMask"],"potions_floor_usage":[4,11,12,18],"damage_taken":[{"damage":1,"enemies":"Cultist","floor":1,"turns":3},{"damage":0,"enemies":"2 Louse","floor":2,"turns":2},{"damage":0,"enemies":"Small Slimes","floor":3,"turns":4},{"damage":8,"enemies":"Gremlin Gang","floor":4,"turns":6},{"damage":29,"enemies":"3 Sentries","floor":8,"turns":9},{"damage":12,"enemies":"3 Louse","floor":10,"turns":4},{"damage":5,"enemies":"Exordium Thugs","floor":11,"turns":5},{"damage":2,"enemies":"Lagavulin","floor":12,"turns":6},{"damage":0,"enemies":"Large Slime","floor":13,"turns":5},{"damage":29,"enemies":"Hexaghost","floor":16,"turns":9},{"damage":22,"enemies":"3 Byrds","floor":18,"turns":6},{"damage":17,"enemies":"2 Thieves","floor":19,"turns":5},{"damage":0,"enemies":"Shelled Parasite and Fungi","floor":21,"turns":1}],"seed_played":"445137651031015344","potions_obtained":[{"floor":3,"key":"Fire Potion"},{"floor":5,"key":"EssenceOfSteel"},{"floor":5,"key":"Weak Potion"},{"floor":5,"key":"Poison Potion"},{"floor":10,"key":"Regen Potion"}],"is_trial":false,"path_per_floor":["M","M","M","M","?","R","$","E","T","M","M","E","M","?","R","B",null,"M","M","?","M"],"character_chosen":"DEFECT","items_purchased":["Capacitor","Conserve Battery"],"campfire_rested":0,"item_purchase_floors":[7,7],"current_hp_per_floor":[74,74,74,66,66,66,66,37,47,35,44,42,54,59,59,42,90,68,51,51,51],"gold":230,"neow_bonus":"ONE_RANDOM_RARE_CARD","is_prod":false,"is_daily":false,"chose_seed":false,"campfire_upgraded":2,"win_rate":0,"timestamp":1568708980,"path_taken":["M","M","M","?","?","R","$","E","T","M","?","E","M","?","R","BOSS","M","M","?","?"],"build_version":"2019-07-17","purchased_purges":0,"victory":false,"max_hp_per_floor":[75,75,75,75,75,75,75,75,85,85,85,85,85,90,90,90,90,90,90,90,90],"card_choices":[{"not_picked":["Redo","BootSequence"],"picked":"Defragment","floor":1},{"not_picked":["Compile Driver","Ball Lightning"],"picked":"Leap","floor":2},{"not_picked":["Skim","Stack"],"picked":"White Noise","floor":3},{"not_picked":["Leap","Scrape"],"picked":"Gash","floor":4},{"not_picked":["Capacitor","Ball Lightning"],"picked":"Cold Snap","floor":8},{"not_picked":["Storm","Heatsinks"],"picked":"Steam","floor":10},{"not_picked":["Melter","Steam"],"picked":"Ball Lightning","floor":11},{"not_picked":["Sweeping Beam","Barrage"],"picked":"Creative AI","floor":12},{"not_picked":["Recycle","Turbo"],"picked":"White Noise","floor":13},{"not_picked":["Machine Learning","Biased Cognition"],"picked":"Core Surge","floor":16},{"not_picked":["Aggregate","Loop"],"picked":"Leap","floor":18},{"not_picked":["Undo","Steam"],"picked":"Conserve Battery","floor":19}],"player_experience":1160439,"relics_obtained":[{"floor":8,"key":"Bottled Tornado"},{"floor":9,"key":"Pear"},{"floor":12,"key":"Meat on the Bone"}],"event_choices":[{"damage_healed":0,"gold_gain":0,"player_choice":"Got Potions","damage_taken":0,"max_hp_gain":0,"max_hp_loss":0,"event_name":"Lab","floor":5,"gold_loss":0},{"damage_healed":0,"gold_gain":0,"player_choice":"Donut","damage_taken":0,"max_hp_gain":5,"max_hp_loss":0,"event_name":"Big Fish","floor":14,"gold_loss":0},{"damage_healed":0,"gold_gain":0,"player_choice":"Trade","damage_taken":0,"relics_obtained":["CultistMask"],"max_hp_gain":0,"max_hp_loss":0,"event_name":"FaceTrader","floor":20,"gold_loss":0}],"is_beta":false,"boss_relics":[{"not_picked":["Velvet Choker","Inserter"],"picked":"Nuclear Battery"}],"items_purged_floors":[],"is_endless":false,"potions_floor_spawned":[3,8,10],"killed_by":"Shelled Parasite and Fungi","ascension_level":0}