{"gold_per_floor":[116,127,127,141,141,169,169,201,225,259,259,293,311,329,329,329],"floor_reached":16,"playtime":1563,"items_purged":[],"score":202,"play_id":"6f39855b-271f-4cf5-8a0c-7d763d07fb68","local_time":"20190922074504","is_ascension_mode":true,"campfire_choices":[{"data":"Chaos","floor":7.0,"key":"SMITH"},{"data":"Conserve Battery","floor":11.0,"key":"SMITH"},{"floor":15,"key":"REST"}],"neow_cost":"NONE","seed_source_timestamp":0,"circlet_count":0,"master_deck":["AscendersBane","Strike_B","Strike_B","Strike_B","Defend_B","Defend_B","Defend_B","Defend_B","Zap","Dualcast+1","Conserve Battery+1","Self Repair","Reinforced Body","Chaos+1","Barrage","Leap"],"special_seed":0,"relics":["Cracked Core","Lantern","Happy Flower","Boot","Oddly Smooth Stone","Vajra"],"potions_floor_usage":[16],"damage_taken":[{"damage":8.0,"enemies":"Jaw Worm","floor":1.0,"turns":4.0},{"damage":5.0,"enemies":"Small Slimes","floor":2.0,"turns":3.0},{"damage":1.0,"enemies":"Cultist","floor":4.0,"turns":3.0},{"damage":5.0,"enemies":"3 Sentries","floor":6.0,"turns":4.0},{"damage":19.0,"enemies":"Lagavulin","floor":8.0,"turns":8.0},{"damage":26.0,"enemies":"Gremlin Nob","floor":10.0,"turns":6.0},{"damage":17,"enemies":"3 Sentries","floor":12,"turns":14},{"damage":0,"enemies":"Blue Slaver","floor":13,"turns":3},{"damage":17,"enemies":"3 Louse","floor":14,"turns":4},{"damage":39,"enemies":"The Guardian","floor":16,"turns":6}],"seed_played":"8909627199788865065","potions_obtained":[{"floor":2.0,"key":"AttackPotion"},{"floor":4.0,"key":"Fire Potion"},{"floor":8.0,"key":"Weak Potion"},{"floor":14,"key":"Explosive Potion"}],"is_trial":false,"path_per_floor":["M","M","?","M","?","E","R","E","T","E","R","E","M","M","R","B"],"character_chosen":"DEFECT","items_purchased":[],"campfire_rested":1,"item_purchase_floors":[],"current_hp_per_floor":[60,55,55,54,54,56,56,44,44,25,25,15,22,12,34,0],"gold":329,"neow_bonus":"UPGRADE_CARD","is_prod":false,"is_daily":false,"chose_seed":false,"campfire_upgraded":2,"win_rate":0,"timestamp":1569152704,"path_taken":["M","M","?","M","?","E","R","E","T","E","R","E","M","M","R","BOSS"],"build_version":"2019-07-17","purchased_purges":0,"victory":false,"max_hp_per_floor":[75,75,75,75,75,75,75,75,75,75,75,75,75,75,75,75],"card_choices":[{"not_picked":["Streamline","Beam Cell","Turbo"],"picked":"SKIP","floor":1.0},{"not_picked":["Reprogram","Fission"],"picked":"Conserve Battery","floor":2.0},{"not_picked":["Scrape","Reinforced Body"],"picked":"Self Repair","floor":4.0},{"not_picked":["Turbo","Beam Cell"],"picked":"Chaos","floor":6.0},{"not_picked":["Leap","Turbo","Compile Driver"],"picked":"SKIP","floor":8.0},{"not_picked":["Storm","Compile Driver","Coolheaded"],"picked":"SKIP","floor":10.0},{"not_picked":["Stack","Coolheaded","Beam Cell"],"picked":"SKIP","floor":12},{"not_picked":["FTL","Steam Power"],"picked":"Barrage","floor":13},{"not_picked":["Coolheaded","Reprogram"],"picked":"Leap","floor":14}],"player_experience":339814,"relics_obtained":[{"floor":6.0,"key":"Lantern"},{"floor":8.0,"key":"Happy Flower"},{"floor":9.0,"key":"Boot"},{"floor":10.0,"key":"Oddly Smooth Stone"},{"floor":12,"key":"Vajra"}],"event_choices":[{"damage_healed":0.0,"max_hp_gain":0.0,"max_hp_loss":0.0,"gold_gain":0.0,"cards_transformed":["Strike_B"],"event_name":"Living Wall","player_choice":"Change","floor":3.0,"gold_loss":0.0,"damage_taken":0.0,"cards_obtained":["FTL"]},{"damage_healed":0.0,"max_hp_gain":0.0,"max_hp_loss":0.0,"gold_gain":0.0,"cards_transformed":["FTL"],"event_name":"Transmorgrifier","player_choice":"Transformed","floor":5.0,"gold_loss":0.0,"damage_taken":0.0,"cards_obtained":["Reinforced Body"]}],"is_beta":false,"boss_relics":[],"items_purged_floors":[],"is_endless":false,"potions_floor_spawned":[2,4,8,14],"killed_by":"The Guardian","ascension_level":11}