{"gold_per_floor":[113,128,128,147,167,200,200,200,280,310,485,359,374,384,384,489,489,509,526,538,489,508,533,551,577,577,891,891,925,925,944,944,1049,1049,1069,1079,1091,1136,776,776,736,769,769,799,899,817,827,846,846,846,846,846,108,139,139],"floor_reached":56,"playtime":2159,"items_purged":["Doubt"],"score":1694,"play_id":"8ab90472-630d-48f7-9724-c4d39d42d614","local_time":"20190921043751","daily_mods":["Draft","Vintage","Lethality"],"is_ascension_mode":true,"campfire_choices":[{"data":"Flame Barrier","floor":8.0,"key":"SMITH"},{"data":"Limit Break","floor":15.0,"key":"SMITH"},{"data":"Barricade","floor":28.0,"key":"SMITH"},{"data":"Uppercut","floor":30.0,"key":"SMITH"},{"data":"Corruption","floor":32.0,"key":"SMITH"},{"data":"Heavy Blade","floor":40.0,"key":"SMITH"},{"floor":49.0,"key":"RECALL"},{"data":"Clothesline","floor":52,"key":"SMITH"}],"neow_cost":"","seed_source_timestamp":0,"circlet_count":0,"master_deck":["Rampage","Corruption+1","Headbutt","Pommel Strike+1","Thunderclap","Shrug It Off","Iron Wave","Clothesline+1","Shrug It Off","Flame Barrier+1","Heavy Blade+1","Feel No Pain","Intimidate","Flame Barrier+1","Uppercut+1","Sword Boomerang+1","Pommel Strike+1","Limit Break+1","Barricade+1","Body Slam+1","Clash+1","Disarm","Battle Trance","Berserk+1","Heavy Blade+1","Dropkick+1","Pummel+1","Shrug It Off+1","Forethought+1","Shockwave+1","Offering+1"],"special_seed":0,"relics":["Burning Blood","Ornamental Fan","Lantern","Smiling Mask","PreservedInsect","Molten Egg 2","Paper Frog","Kunai","Bag of Preparation","Bird Faced Urn","Bottled Lightning","Coffee Dripper","Red Skull","Gremlin Horn","Letter Opener","Happy Flower","Frozen Egg 2","Anchor","Potion Belt","Old Coin","Shuriken","Pantograph","Busted Crown","Dream Catcher","Omamori","Juzu Bracelet","Charon\u0027s Ashes","Toxic Egg 2","Bronze Scales","Pear","Question Card","Prayer Wheel","Dodecahedron","Darkstone Periapt","Pen Nib","Mercury Hourglass","Toy Ornithopter","Boot"],"potions_floor_usage":[50,50,55,55,55,55],"damage_taken":[{"damage":4.0,"enemies":"Cultist","floor":1.0,"turns":3.0},{"damage":0.0,"enemies":"2 Louse","floor":2.0,"turns":2.0},{"damage":0.0,"enemies":"Jaw Worm","floor":4.0,"turns":2.0},{"damage":2.0,"enemies":"Lots of Slimes","floor":5.0,"turns":3.0},{"damage":7.0,"enemies":"3 Sentries","floor":6.0,"turns":4.0},{"damage":0.0,"enemies":"Lagavulin","floor":10.0,"turns":2.0},{"damage":0.0,"enemies":"Blue Slaver","floor":13.0,"turns":2.0},{"damage":0.0,"enemies":"Looter","floor":14.0,"turns":2.0},{"damage":21.0,"enemies":"Hexaghost","floor":16.0,"turns":6.0},{"damage":0.0,"enemies":"Spheric Guardian","floor":18.0,"turns":2.0},{"damage":0.0,"enemies":"3 Byrds","floor":19.0,"turns":2.0},{"damage":3.0,"enemies":"Centurion and Healer","floor":20.0,"turns":2.0},{"damage":0.0,"enemies":"3 Cultists","floor":22.0,"turns":4.0},{"damage":0.0,"enemies":"Gremlin Leader","floor":23.0,"turns":2.0},{"damage":0.0,"enemies":"Cultist and Chosen","floor":24.0,"turns":2.0},{"damage":0.0,"enemies":"Slavers","floor":25.0,"turns":2.0},{"damage":0.0,"enemies":"Snake Plant","floor":27.0,"turns":2.0},{"damage":0.0,"enemies":"Gremlin Leader","floor":29.0,"turns":2.0},{"damage":0.0,"enemies":"Snecko","floor":31.0,"turns":2.0},{"damage":0.0,"enemies":"Automaton","floor":33.0,"turns":6.0},{"damage":0.0,"enemies":"3 Darklings","floor":35.0,"turns":2.0},{"damage":0.0,"enemies":"Orb Walker","floor":36.0,"turns":1.0},{"damage":0.0,"enemies":"Jaw Worm Horde","floor":37.0,"turns":3.0},{"damage":0.0,"enemies":"2 Orb Walkers","floor":38.0,"turns":2.0},{"damage":0.0,"enemies":"Nemesis","floor":42.0,"turns":1.0},{"damage":0.0,"enemies":"Reptomancer","floor":44.0,"turns":2.0},{"damage":0.0,"enemies":"Mind Bloom Boss Battle","floor":45.0,"turns":1.0},{"damage":0.0,"enemies":"Sphere and 2 Shapes","floor":47.0,"turns":1.0},{"damage":0.0,"enemies":"Spire Growth","floor":48.0,"turns":2.0},{"damage":0,"enemies":"Donu and Deca","floor":50,"turns":4},{"damage":0,"enemies":"Shield and Spear","floor":54,"turns":1},{"damage":96,"enemies":"The Heart","floor":55,"turns":5}],"seed_played":"9136295705454067577","potions_obtained":[{"floor":4.0,"key":"Poison Potion"},{"floor":5.0,"key":"SteroidPotion"},{"floor":13.0,"key":"SpeedPotion"},{"floor":14.0,"key":"SpeedPotion"},{"floor":16.0,"key":"FearPotion"},{"floor":27.0,"key":"Poison Potion"},{"floor":31.0,"key":"SkillPotion"},{"floor":36.0,"key":"Strength Potion"},{"floor":42.0,"key":"FairyPotion"}],"is_trial":true,"path_per_floor":["M","M","?","M","M","E","?","R","T","E","?","$","M","M","R","B",null,"M","M","M","$","M","E","M","E","T","M","R","E","R","M","R","B",null,"M","M","M","?","$","R","?","E","T","E","?","$","M","M","R","B",null,"R","$","E","B",null],"character_chosen":"IRONCLAD","items_purchased":["Limit Break","Body Slam+1","Toxic Egg 2","Heavy Blade+1","Dropkick+1","Forethought+1","Pen Nib","Shockwave+1","Mercury Hourglass","Toy Ornithopter","Strength Potion","EssenceOfSteel"],"campfire_rested":0,"item_purchase_floors":[12,21,39,39,39,46,53,53,53,53,53,53],"current_hp_per_floor":[80,80,77,80,80,79,79,79,79,80,80,80,80,80,80,65,80,80,80,80,80,80,80,80,80,80,80,80,80,80,80,80,80,80,80,80,80,80,80,80,80,80,90,90,90,90,90,90,90,90,90,90,90,90,8],"gold":139,"neow_bonus":"","is_prod":false,"is_daily":false,"chose_seed":false,"campfire_upgraded":7,"win_rate":0,"timestamp":1569065871,"path_taken":["M","M","?","M","M","E","?","R","T","E","?","?","M","?","R","BOSS","M","M","M","$","M","E","M","E","T","M","R","E","R","M","R","BOSS","M","M","M","?","$","R","?","E","T","E","?","$","M","M","R","BOSS","R","$","E","BOSS"],"build_version":"2019-07-17","purchased_purges":1,"victory":true,"max_hp_per_floor":[80,80,80,80,80,80,80,80,80,80,80,80,80,80,80,80,80,80,80,80,80,80,80,80,80,80,80,80,80,80,80,80,80,80,80,80,80,80,80,80,80,80,90,90,90,90,90,90,90,90,90,90,90,90,90],"card_choices":[{"not_picked":["Anger","Warcry"],"picked":"Rampage","floor":0.0},{"not_picked":["Anger","Wild Strike"],"picked":"Corruption","floor":0.0},{"not_picked":["Bloodletting","Inflame"],"picked":"Headbutt","floor":0.0},{"not_picked":["Flex","Armaments"],"picked":"Pommel Strike","floor":0.0},{"not_picked":["Body Slam","Spot Weakness"],"picked":"Thunderclap","floor":0.0},{"not_picked":["Cleave","Entrench"],"picked":"Shrug It Off","floor":0.0},{"not_picked":["Rampage","Hemokinesis"],"picked":"Iron Wave","floor":0.0},{"not_picked":["Inflame","Twin Strike"],"picked":"Clothesline","floor":0.0},{"not_picked":["Perfected Strike","Body Slam"],"picked":"Shrug It Off","floor":0.0},{"not_picked":["Perfected Strike","Sever Soul"],"picked":"Flame Barrier","floor":0.0},{"not_picked":["Clothesline","Wild Strike"],"picked":"Heavy Blade","floor":0.0},{"not_picked":["Rampage","Ghostly Armor"],"picked":"Feel No Pain","floor":0.0},{"not_picked":["Blood for Blood","Pummel"],"picked":"Intimidate","floor":0.0},{"not_picked":["Shockwave","Iron Wave"],"picked":"Flame Barrier","floor":0.0},{"not_picked":["Body Slam","Anger"],"picked":"Uppercut","floor":0.0},{"not_picked":["Fire Breathing","Iron Wave+1"],"picked":"Sword Boomerang+1","floor":6.0},{"not_picked":["Sever Soul+1","Fiend Fire+1"],"picked":"Pommel Strike+1","floor":10.0},{"not_picked":["Fiend Fire+1","Demon Form"],"picked":"Barricade","floor":16.0},{"not_picked":["Whirlwind+1","Immolate+1"],"picked":"Clash+1","floor":23.0},{"not_picked":["Sentinel","Inflame+1"],"picked":"Disarm","floor":25.0},{"not_picked":["Inflame+1","Perfected Strike+1"],"picked":"Battle Trance","floor":29.0},{"not_picked":["Brutality+1","Barricade+1"],"picked":"Berserk+1","floor":33.0},{"not_picked":["Infernal Blade+1"],"picked":"SKIP","floor":42.0},{"not_picked":[],"picked":"Pummel+1","floor":44.0},{"not_picked":["Havoc+1"],"picked":"Shrug It Off+1","floor":45.0},{"not_picked":["Anger+1"],"picked":"Offering+1","floor":54}],"player_experience":1203904,"relics_obtained":[{"floor":1.0,"key":"Ornamental Fan"},{"floor":2.0,"key":"Lantern"},{"floor":4.0,"key":"PreservedInsect"},{"floor":5.0,"key":"Molten Egg 2"},{"floor":6.0,"key":"Paper Frog"},{"floor":9.0,"key":"Kunai"},{"floor":10.0,"key":"Bag of Preparation"},{"floor":13.0,"key":"Bird Faced Urn"},{"floor":14.0,"key":"Bottled Lightning"},{"floor":18.0,"key":"Red Skull"},{"floor":19.0,"key":"Gremlin Horn"},{"floor":20.0,"key":"Letter Opener"},{"floor":22.0,"key":"Happy Flower"},{"floor":23.0,"key":"Frozen Egg 2"},{"floor":24.0,"key":"Anchor"},{"floor":25.0,"key":"Potion Belt"},{"floor":27.0,"key":"Old Coin"},{"floor":29.0,"key":"Shuriken"},{"floor":31.0,"key":"Pantograph"},{"floor":35.0,"key":"Dream Catcher"},{"floor":36.0,"key":"Omamori"},{"floor":37.0,"key":"Juzu Bracelet"},{"floor":38.0,"key":"Charon\u0027s Ashes"},{"floor":42.0,"key":"Bronze Scales"},{"floor":43.0,"key":"Pear"},{"floor":44.0,"key":"Question Card"},{"floor":45.0,"key":"Prayer Wheel"},{"floor":47.0,"key":"Dodecahedron"},{"floor":48.0,"key":"Darkstone Periapt"},{"floor":54,"key":"Boot"}],"event_choices":[{"damage_healed":0.0,"max_hp_gain":0.0,"max_hp_loss":0.0,"gold_gain":0.0,"event_name":"Scrap Ooze","player_choice":"Success","floor":3.0,"gold_loss":0.0,"damage_taken":3.0,"relics_obtained":["Smiling Mask"]},{"damage_healed":0.0,"max_hp_gain":0.0,"max_hp_loss":0.0,"gold_gain":0.0,"event_name":"Living Wall","player_choice":"Grow","floor":7.0,"gold_loss":0.0,"damage_taken":0.0,"cards_upgraded":["Flame Barrier"]},{"damage_healed":0.0,"max_hp_gain":0.0,"max_hp_loss":0.0,"gold_gain":175.0,"event_name":"Liars Game","player_choice":"AGREE","floor":11.0,"gold_loss":0.0,"damage_taken":0.0,"cards_obtained":["Doubt"]},{"damage_healed":0.0,"max_hp_gain":0.0,"max_hp_loss":0.0,"gold_gain":0.0,"event_name":"Mysterious Sphere","player_choice":"Fight","floor":38.0,"gold_loss":0.0,"damage_taken":0.0},{"damage_healed":0.0,"max_hp_gain":0.0,"max_hp_loss":0.0,"gold_gain":0.0,"event_name":"Designer","player_choice":"Upgrade","floor":41.0,"gold_loss":40.0,"damage_taken":0.0,"cards_upgraded":["Pommel Strike"]},{"damage_healed":0.0,"max_hp_gain":0.0,"max_hp_loss":0.0,"gold_gain":0.0,"event_name":"MindBloom","player_choice":"Fight","floor":45.0,"gold_loss":0.0,"damage_taken":0.0}],"is_beta":false,"boss_relics":[{"not_picked":["Runic Dome","Calling Bell"],"picked":"Coffee Dripper"},{"not_picked":["Eternal Feather","White Beast Statue"],"picked":"Busted Crown"}],"items_purged_floors":[12],"is_endless":false,"potions_floor_spawned":[4,5,13,14,16,18,20,27,31,36,42,44,47],"ascension_level":1}