{"gold_per_floor":[110,124,124,74,93,93,44,69,94,94,113,188,188,198,198,301,301,315,315,315,164,183,183],"floor_reached":23,"playtime":3310,"items_purged":["Shame"],"score":189,"play_id":"ea06b871-954e-49e7-81fe-01dff6a0227b","local_time":"20190923195419","is_ascension_mode":false,"campfire_choices":[{"data":"Uppercut","floor":6,"key":"SMITH"},{"floor":13,"key":"REST"},{"data":"Flame Barrier","floor":15,"key":"SMITH"}],"neow_cost":"NONE","seed_source_timestamp":98239519119600,"circlet_count":0,"master_deck":["Strike_R","Strike_R","Strike_R","Strike_R","Defend_R","Defend_R","Defend_R","Defend_R","Bash","Intimidate","Uppercut+1","Armaments","Flame Barrier+1","Armaments","Metallicize","Bludgeon","Disarm","Headbutt","Searing Blow","Second Wind","Flame Barrier"],"relics":["Sozu","Strawberry","Red Skull","Orichalcum","Runic Cube","Oddly Smooth Stone"],"potions_floor_usage":[],"damage_taken":[{"damage":0,"enemies":"2 Louse","floor":1,"turns":2},{"damage":1,"enemies":"Jaw Worm","floor":2,"turns":3},{"damage":0,"enemies":"Cultist","floor":5,"turns":3},{"damage":17,"enemies":"3 Sentries","floor":8,"turns":8},{"damage":5,"enemies":"2 Fungi Beasts","floor":11,"turns":3},{"damage":0,"enemies":"Blue Slaver","floor":14,"turns":4},{"damage":71,"enemies":"Slime Boss","floor":16,"turns":19},{"damage":4,"enemies":"Chosen","floor":18,"turns":5},{"damage":0,"enemies":"3 Byrds","floor":22,"turns":6},{"damage":88,"enemies":"Gremlin Leader","floor":23,"turns":9}],"seed_played":"-4190492463383010","potions_obtained":[],"is_trial":false,"path_per_floor":["M","M","?","?","M","R","$","E","T","?","M","?","R","M","R","B",null,"M","?","?","$","M","E"],"character_chosen":"IRONCLAD","items_purchased":["Armaments","Second Wind"],"campfire_rested":1,"item_purchase_floors":[7,21],"current_hp_per_floor":[80,79,86,86,86,86,86,69,69,69,64,53,79,79,79,8,87,83,83,83,83,83,0],"gold":183,"neow_bonus":"BOSS_RELIC","is_prod":false,"is_daily":false,"chose_seed":false,"campfire_upgraded":2,"win_rate":0.0,"timestamp":1569261259,"path_taken":["M","M","?","?","M","R","$","E","T","?","?","?","R","M","R","BOSS","M","?","?","$","M","E"],"build_version":"2019-07-05","purchased_purges":1,"victory":false,"max_hp_per_floor":[80,80,87,87,87,87,87,87,87,87,87,87,87,87,87,87,87,87,87,87,87,87,87],"card_choices":[{"not_picked":["Clash","Hemokinesis"],"picked":"Intimidate","floor":1},{"not_picked":["Sever Soul","Whirlwind"],"picked":"Uppercut","floor":2},{"not_picked":["Whirlwind","Infernal Blade"],"picked":"Sword Boomerang","floor":5},{"not_picked":["Rampage","Bloodletting"],"picked":"Flame Barrier","floor":8},{"not_picked":["Thunderclap","Sever Soul"],"picked":"Armaments","floor":11},{"not_picked":["Sword Boomerang","Clash"],"picked":"Metallicize","floor":14},{"not_picked":["Brutality","Offering"],"picked":"Bludgeon","floor":16},{"not_picked":["Cleave+1","Iron Wave"],"picked":"Disarm","floor":18},{"not_picked":["Pommel Strike","Disarm+1"],"picked":"Flame Barrier","floor":22}],"player_experience":19577,"relics_obtained":[{"floor":8,"key":"Red Skull"},{"floor":9,"key":"Orichalcum"}],"event_choices":[{"damage_healed":0,"gold_gain":0,"player_choice":"Box","damage_taken":0,"relics_obtained":["Strawberry"],"max_hp_gain":0,"max_hp_loss":0,"event_name":"Big Fish","floor":3,"gold_loss":0,"cards_obtained":["Regret"]},{"cards_removed":["Regret"],"damage_healed":0,"gold_gain":0,"player_choice":"Card Removal","damage_taken":0,"max_hp_gain":0,"max_hp_loss":0,"event_name":"The Cleric","floor":4,"gold_loss":50},{"damage_healed":0,"gold_gain":0,"player_choice":"Bought 0 Potions","damage_taken":0,"max_hp_gain":0,"max_hp_loss":0,"event_name":"The Woman in Blue","floor":10,"gold_loss":0},{"damage_healed":0,"gold_gain":75,"player_choice":"Gather Gold","damage_taken":11,"max_hp_gain":0,"max_hp_loss":0,"event_name":"World of Goop","floor":12,"gold_loss":0},{"damage_healed":0,"gold_gain":0,"cards_transformed":["Sword Boomerang","Strike_R"],"player_choice":"Became Test Subject","damage_taken":0,"max_hp_gain":0,"max_hp_loss":0,"event_name":"Drug Dealer","floor":19,"gold_loss":0,"cards_obtained":["Headbutt","Searing Blow"]},{"damage_healed":0,"gold_gain":0,"player_choice":"Stole Relic","damage_taken":0,"relics_obtained":["Oddly Smooth Stone"],"max_hp_gain":0,"max_hp_loss":0,"event_name":"Addict","floor":20,"gold_loss":0,"cards_obtained":["Shame"]}],"is_beta":false,"boss_relics":[{"not_picked":["Coffee Dripper","White Beast Statue"],"picked":"Runic Cube"}],"items_purged_floors":[21],"is_endless":false,"potions_floor_spawned":[1,2,5,14,18],"killed_by":"Gremlin Leader","ascension_level":0}