{"gold_per_floor":[114,114,39,39,39,72,72,103,175,194,194,213,224,244,244,319,319,331,349,349,56,75,75,75,94,394,394,255,268,268,286,286,365,365,383,400,400,410,460,460,478,478,478,488,488],"floor_reached":45,"playtime":2246,"items_purged":["Writhe","Strike_R"],"score":747,"play_id":"c19e2ebb-069b-47a0-9770-64dfb7eb668c","local_time":"20190823152928","is_ascension_mode":true,"campfire_choices":[{"data":"Flex","floor":7,"key":"SMITH"},{"data":"Flame Barrier","floor":11,"key":"SMITH"},{"data":"Cleave","floor":15,"key":"SMITH"},{"data":"Barricade","floor":23,"key":"SMITH"},{"data":"Rampage","floor":27,"key":"SMITH"},{"data":"Battle Trance","floor":32,"key":"SMITH"},{"data":"Metallicize","floor":40,"key":"SMITH"},{"data":"Feed","floor":42,"key":"SMITH"}],"neow_cost":"NONE","seed_source_timestamp":233442241215100,"circlet_count":0,"master_deck":["AscendersBane","Strike_R","Strike_R+1","Strike_R+1","Defend_R","Defend_R+1","Defend_R+1","Bash+1","Flex+1","Cleave+1","Flame Barrier+1","Barricade+1","Reaper","Rampage+1","Metallicize+1","Battle Trance+1","Feed+1","Parasite"],"relics":["Burning Blood","Charon\u0027s Ashes","Gremlin Horn","Dream Catcher","Whetstone","Sundial","Busted Crown","PreservedInsect","Lantern","Old Coin","War Paint","Lizard Tail","Question Card"],"potions_floor_usage":[19,22],"damage_taken":[{"damage":2,"enemies":"2 Louse","floor":1,"turns":6},{"damage":24,"enemies":"Gremlin Nob","floor":6,"turns":4},{"damage":20,"enemies":"3 Sentries","floor":8,"turns":5},{"damage":0,"enemies":"Jaw Worm","floor":10,"turns":3},{"damage":0,"enemies":"Small Slimes","floor":12,"turns":2},{"damage":1,"enemies":"Looter","floor":13,"turns":3},{"damage":3,"enemies":"Blue Slaver","floor":14,"turns":3},{"damage":51,"enemies":"Slime Boss","floor":16,"turns":13},{"damage":22,"enemies":"3 Byrds","floor":18,"turns":5},{"damage":1,"enemies":"2 Thieves","floor":19,"turns":4},{"damage":11,"enemies":"Snake Plant","floor":22,"turns":3},{"damage":26,"enemies":"Centurion and Healer","floor":25,"turns":8},{"damage":24,"enemies":"Cultist and Chosen","floor":29,"turns":6},{"damage":10,"enemies":"Shelled Parasite and Fungi","floor":31,"turns":5},{"damage":15,"enemies":"Champ","floor":33,"turns":14},{"damage":8,"enemies":"3 Shapes","floor":35,"turns":3},{"damage":10,"enemies":"Orb Walker","floor":36,"turns":4},{"damage":34,"enemies":"Writhing Mass","floor":38,"turns":8},{"damage":53,"enemies":"Transient","floor":41,"turns":5},{"damage":46,"enemies":"Sphere and 2 Shapes","floor":44,"turns":6},{"damage":23,"enemies":"4 Shapes","floor":45,"turns":1}],"seed_played":"1054852247027200538","potions_obtained":[{"floor":6,"key":"LiquidBronze"},{"floor":8,"key":"Block Potion"},{"floor":12,"key":"PowerPotion"},{"floor":18,"key":"Swift Potion"},{"floor":19,"key":"Poison Potion"},{"floor":22,"key":"FearPotion"},{"floor":36,"key":"Dexterity Potion"}],"is_trial":false,"path_per_floor":["M","?","?","?","T","E","R","E","T","M","R","M","M","M","R","B",null,"M","M","?","$","M","R","?","M","T","R","$","M","T","M","R","B",null,"M","M","?","M","?","R","M","R","T","M","M"],"character_chosen":"IRONCLAD","items_purchased":["Metallicize","Lantern","Battle Trance"],"campfire_rested":0,"item_purchase_floors":[21,21,28],"current_hp_per_floor":[79,79,79,74,74,56,56,42,42,48,48,54,59,62,62,17,66,55,60,60,60,55,55,71,51,51,51,51,41,41,43,43,38,71,72,77,77,58,50,50,50,50,50,19,0],"gold":488,"neow_bonus":"TEN_PERCENT_HP_BONUS","is_prod":false,"is_daily":false,"chose_seed":false,"campfire_upgraded":8,"win_rate":0,"timestamp":1566545368,"path_taken":["M","?","?","?","?","E","R","E","T","M","R","M","?","M","R","BOSS","M","M","?","$","M","R","?","M","T","R","?","?","?","M","R","BOSS","M","M","?","M","?","R","M","R","T","?","M"],"build_version":"2019-07-17","purchased_purges":2,"victory":false,"max_hp_per_floor":[82,82,82,82,82,82,82,82,82,82,82,82,82,82,82,82,82,82,82,82,82,82,82,82,82,82,82,82,82,82,82,82,82,82,85,88,88,88,88,88,88,88,88,92,92],"card_choices":[{"not_picked":["Armaments","Sword Boomerang"],"picked":"Flex","floor":1},{"not_picked":["Shrug It Off","Carnage"],"picked":"Cleave","floor":6},{"not_picked":["Rupture","Cleave"],"picked":"Flame Barrier","floor":8},{"not_picked":["Sword Boomerang","Headbutt","Pommel Strike"],"picked":"SKIP","floor":10},{"not_picked":["Anger","Power Through","Wild Strike"],"picked":"SKIP","floor":12},{"not_picked":["Sword Boomerang","Armaments"],"picked":"Barricade","floor":13},{"not_picked":["Clothesline","Wild Strike","Armaments"],"picked":"SKIP","floor":14},{"not_picked":["Juggernaut","Exhume"],"picked":"Reaper","floor":16},{"not_picked":[],"picked":"Rampage","floor":18},{"not_picked":["Twin Strike+1"],"picked":"SKIP","floor":19},{"not_picked":["Sword Boomerang"],"picked":"SKIP","floor":22},{"not_picked":["Thunderclap"],"picked":"SKIP","floor":25},{"not_picked":["Dropkick"],"picked":"SKIP","floor":29},{"not_picked":["Battle Trance"],"picked":"SKIP","floor":31},{"not_picked":[],"picked":"Feed","floor":33},{"not_picked":["Heavy Blade"],"picked":"SKIP","floor":35},{"not_picked":["Iron Wave"],"picked":"SKIP","floor":36},{"not_picked":["Disarm"],"picked":"SKIP","floor":38},{"not_picked":["Disarm"],"picked":"SKIP","floor":41},{"not_picked":["Clash","Bloodletting"],"picked":"SKIP","floor":44}],"player_experience":616245,"relics_obtained":[{"floor":5,"key":"Gremlin Horn"},{"floor":6,"key":"Dream Catcher"},{"floor":8,"key":"Whetstone"},{"floor":9,"key":"Sundial"},{"floor":26,"key":"Old Coin"},{"floor":30,"key":"War Paint"},{"floor":43,"key":"Question Card"}],"event_choices":[{"damage_healed":0,"gold_gain":0,"player_choice":"Grow","damage_taken":0,"max_hp_gain":0,"max_hp_loss":0,"event_name":"Living Wall","floor":2,"gold_loss":0,"cards_upgraded":["Bash"]},{"cards_removed":["Strike_R"],"damage_healed":0,"gold_gain":0,"player_choice":"Card Removal","damage_taken":0,"max_hp_gain":0,"max_hp_loss":0,"event_name":"The Cleric","floor":3,"gold_loss":75},{"damage_healed":0,"gold_gain":0,"player_choice":"Success","damage_taken":5,"relics_obtained":["Charon\u0027s Ashes"],"max_hp_gain":0,"max_hp_loss":0,"event_name":"Scrap Ooze","floor":4,"gold_loss":0},{"damage_healed":0,"gold_gain":0,"player_choice":"Opened","damage_taken":0,"relics_obtained":["PreservedInsect"],"max_hp_gain":0,"max_hp_loss":0,"event_name":"The Mausoleum","floor":20,"gold_loss":0,"cards_obtained":["Writhe"]},{"damage_healed":16,"gold_gain":0,"player_choice":"Heal","damage_taken":0,"max_hp_gain":0,"max_hp_loss":0,"event_name":"The Library","floor":24,"gold_loss":0},{"cards_removed":["Defend_R"],"damage_healed":0,"gold_gain":0,"player_choice":"Removed Skill","damage_taken":0,"max_hp_gain":0,"max_hp_loss":0,"event_name":"Falling","floor":37,"gold_loss":0},{"damage_healed":0,"gold_gain":50,"player_choice":"Touch","damage_taken":8,"max_hp_gain":0,"max_hp_loss":0,"event_name":"FaceTrader","floor":39,"gold_loss":0}],"is_beta":false,"boss_relics":[{"not_picked":["Runic Cube","Calling Bell"],"picked":"Busted Crown"},{"not_picked":["Velvet Choker","Orrery"],"picked":"Lizard Tail"}],"items_purged_floors":[21,28],"is_endless":false,"potions_floor_spawned":[6,8,12,18,19,22,36,44],"killed_by":"4 Shapes","ascension_level":15}