{"gold_per_floor":[359,55,75,94,107,141,141,160,160,160,195,207,207,61,61,164,164,182,196,210,210,223,223,254,254,254,254,283,298,298,312,312,411,411,431,445,445,527,527,40,67,86,86,106,136,136,156,31,31,31,31,31,31,66,66],"floor_reached":56,"playtime":4534,"items_purged":["Strike_R","Strike_R","Strike_R"],"score":1666,"play_id":"fedf3ba7-c48b-4e84-85df-582f33bee4e7","local_time":"20190530013608","is_ascension_mode":true,"campfire_choices":[{"data":"Limit Break","floor":7.0,"key":"SMITH"},{"data":"Bash","floor":10.0,"key":"SMITH"},{"data":"1","floor":13.0,"key":"LIFT"},{"floor":15.0,"key":"REST"},{"data":"2","floor":23.0,"key":"LIFT"},{"data":"3","floor":25.0,"key":"LIFT"},{"data":"Life Link","floor":30.0,"key":"SMITH"},{"floor":32.0,"key":"DIG"},{"floor":46.0,"key":"RECALL"},{"floor":49.0,"key":"REST"},{"data":"Heavy Blade","floor":52.0,"key":"SMITH"}],"neow_cost":"TEN_PERCENT_HP_LOSS","seed_source_timestamp":0,"circlet_count":0,"master_deck":["Strike_R","Strike_R+1","Defend_R","Defend_R","Defend_R","Defend_R","Bash+1","Twin Strike","Spot Weakness","Cleave+1","Disarm","Disarm","Limit Break+1","Shrug It Off","Uppercut","Offering","ReplayTheSpireMod:Stacked+1","Seeing Red+1","Second Wind","Corruption+1","Life Link+1","Pummel+1","Shrug It Off+1","Offering","Secret Weapon","Bandage Up","Feel No Pain","Impervious","Battle Trance","Shrug It Off+1","Heavy Blade+1","Replay:Undeath\u0027s Touch","ReplayTheSpireMod:Stacked+1","Clothesline"],"special_seed":0,"relics":["Burning Blood","Bag of Preparation","Blood Vial","halation:BlackBeret","Girya","Whetstone","Runic Pyramid","Torii","Blue Candle","Strawberry","Ring of Chaos","Bottled Flame","Brimstone","Thread and Needle","ReplayTheSpireMod:Bottled Snecko","halation:SwordOfLegend","Boot"],"potions_floor_usage":[54,55],"damage_taken":[{"damage":11.0,"enemies":"Cultist","floor":1.0,"turns":4.0},{"damage":4.0,"enemies":"Jaw Worm","floor":3.0,"turns":3.0},{"damage":7.0,"enemies":"Small Slimes","floor":4.0,"turns":3.0},{"damage":9.0,"enemies":"2 Fungi Beasts","floor":5.0,"turns":4.0},{"damage":46.0,"enemies":"Lagavulin","floor":6.0,"turns":7.0},{"damage":12.0,"enemies":"Lots of Slimes","floor":8.0,"turns":4.0},{"damage":13.0,"enemies":"Gremlin Nob","floor":11.0,"turns":5.0},{"damage":8.0,"enemies":"Red Slaver","floor":12.0,"turns":4.0},{"damage":30.0,"enemies":"Fading Forest","floor":16.0,"turns":11.0},{"damage":8.0,"enemies":"Chosen","floor":18.0,"turns":5.0},{"damage":12.0,"enemies":"3 Byrds","floor":19.0,"turns":4.0},{"damage":10.0,"enemies":"Snake Plant","floor":20.0,"turns":3.0},{"damage":11.0,"enemies":"Snecko","floor":22.0,"turns":4.0},{"damage":6.0,"enemies":"Book of Stabbing","floor":24.0,"turns":4.0},{"damage":18.0,"enemies":"Replay:Snechameleon","floor":28.0,"turns":5.0},{"damage":15.0,"enemies":"Shelled Parasite and Fungi","floor":29.0,"turns":4.0},{"damage":18.0,"enemies":"Centurion and Healer","floor":31.0,"turns":6.0},{"damage":34.0,"enemies":"Collector","floor":33.0,"turns":7.0},{"damage":7.0,"enemies":"3 Shapes","floor":35.0,"turns":3.0},{"damage":12.0,"enemies":"Orb Walker","floor":36.0,"turns":2.0},{"damage":7.0,"enemies":"Nemesis","floor":41.0,"turns":3.0},{"damage":0.0,"enemies":"Maw","floor":42.0,"turns":5.0},{"damage":40.0,"enemies":"Transient","floor":44.0,"turns":5.0},{"damage":13.0,"enemies":"R_Hoarder","floor":45.0,"turns":7.0},{"damage":14.0,"enemies":"Writhing Mass","floor":47.0,"turns":3.0},{"damage":32.0,"enemies":"Donu and Deca","floor":50.0,"turns":6.0},{"damage":16,"enemies":"Shield and Spear","floor":54,"turns":5},{"damage":73,"enemies":"The Heart","floor":55,"turns":8}],"seed_played":"4130432343466965092","potions_obtained":[{"floor":4.0,"key":"Fruit Juice"},{"floor":5.0,"key":"Block Potion"},{"floor":6.0,"key":"Energy Potion"},{"floor":11.0,"key":"Languid Potion"},{"floor":28.0,"key":"Elixir"},{"floor":29.0,"key":"Poison Potion"},{"floor":31.0,"key":"LifebloodPotion"},{"floor":33.0,"key":"Fire Potion"},{"floor":35.0,"key":"Block Potion"},{"floor":41.0,"key":"SpeedPotion"},{"floor":42.0,"key":"Milkshake"},{"floor":45.0,"key":"FearPotion"}],"is_trial":false,"path_per_floor":["M","$","M","M","M","E","R","M","T","R","E","M","R","$","R","B",null,"M","M","M","?","M","R","E","R","T","?","E","M","R","M","R","B",null,"M","M","?","T","?","$","E","M","T","M","E","R","M","$","R","B",null,"R","$","E","B",null],"character_chosen":"IRONCLAD","items_purchased":["Bag of Preparation","Spot Weakness","Whetstone","Brimstone","Feel No Pain","Impervious"],"campfire_rested":2,"item_purchase_floors":[2,2,14,40,40,40],"current_hp_per_floor":[67,67,69,68,65,25,25,21,21,21,16,16,16,16,44,30,65,65,61,59,59,56,56,58,58,58,77,65,58,58,48,55,29,70,71,67,57,57,57,57,58,70,70,38,37,36,34,34,62,42,74,77,77,73,12],"gold":66,"neow_bonus":"TWO_FIFTY_GOLD","is_prod":false,"is_daily":false,"chose_seed":false,"campfire_upgraded":4,"win_rate":0,"timestamp":1559205368,"path_taken":["M","$","M","M","M","E","R","M","T","R","E","M","R","?","R","BOSS","M","M","?","?","M","R","E","R","T","?","E","M","R","M","R","BOSS","BOSS","M","M","?","?","?","?","E","M","T","M","E","R","M","$","R","BOSS","R","$","E","BOSS"],"build_version":"2019-01-23","purchased_purges":3,"victory":true,"max_hp_per_floor":[72,72,72,72,72,72,72,72,72,72,72,72,72,72,77,77,77,77,77,77,77,77,77,77,77,77,77,77,77,77,77,84,84,84,84,84,84,84,84,84,84,84,84,84,84,84,84,84,84,84,84,84,84,84,84],"card_choices":[{"not_picked":["Fire Breathing","Sword Boomerang"],"picked":"Twin Strike","floor":1.0},{"not_picked":["Thunderclap","Pommel Strike"],"picked":"Cleave","floor":3.0},{"not_picked":["Entrench","Perfected Strike"],"picked":"Disarm","floor":4.0},{"not_picked":["Body Slam","Clash"],"picked":"Disarm","floor":5.0},{"not_picked":["Clash","Clothesline"],"picked":"Limit Break","floor":6.0},{"not_picked":["Iron Wave","ReplayReversal"],"picked":"Shrug It Off","floor":8.0},{"not_picked":["Twin Strike","ReplayTheSpireMod:LeadingStrike"],"picked":"Uppercut","floor":11.0},{"not_picked":["Body Slam","Flex","Pommel Strike"],"picked":"SKIP","floor":12.0},{"not_picked":["Juggernaut","Dark Embrace"],"picked":"Offering","floor":16.0},{"not_picked":["Disarm+1","Sword Boomerang"],"picked":"ReplayTheSpireMod:Stacked+1","floor":18.0},{"not_picked":["Twin Strike","Cleave+1","Perfected Strike"],"picked":"SKIP","floor":19.0},{"not_picked":["Rampage","Infernal Blade+1"],"picked":"Seeing Red+1","floor":20.0},{"not_picked":["Body Slam+1","Cleave+1"],"picked":"Corruption+1","floor":22.0},{"not_picked":["Cleave","Run Through+1","Dropkick"],"picked":"SKIP","floor":24.0},{"not_picked":["Clash","Havoc"],"picked":"Life Link","floor":28.0},{"not_picked":["Replay:Undeath\u0027s Touch+1","Warcry"],"picked":"Pummel+1","floor":29.0},{"not_picked":["Evolve","Double Tap"],"picked":"Shrug It Off+1","floor":31.0},{"not_picked":["Replay:Many Hands","Immolate"],"picked":"Offering","floor":33.0},{"not_picked":["Seeing Red+1","Life Link+1","True Grit"],"picked":"SKIP","floor":35.0},{"not_picked":["Intimidate","Dropkick+1","Warcry"],"picked":"SKIP","floor":36.0},{"not_picked":["Midas Touch","Enlightenment"],"picked":"Secret Weapon","floor":37.0},{"not_picked":["Enlightenment","HandOfGreed"],"picked":"Bandage Up","floor":37.0},{"not_picked":["Corruption+1","ReplayTheSpireMod:LeadingStrike"],"picked":"Battle Trance","floor":41.0},{"not_picked":["Uppercut","Iron Wave"],"picked":"Shrug It Off+1","floor":42.0},{"not_picked":["Replay:Undeath\u0027s Touch+1","Dropkick"],"picked":"Heavy Blade","floor":44.0},{"not_picked":["Abandon+1","Searing Blow"],"picked":"Replay:Undeath\u0027s Touch","floor":45.0},{"not_picked":["Wild Strike","Perfected Strike+1"],"picked":"ReplayTheSpireMod:Stacked+1","floor":47.0},{"not_picked":["Sentinel+1","Thunderclap"],"picked":"Clothesline","floor":54}],"player_experience":1240180,"relics_obtained":[{"floor":6.0,"key":"Blood Vial"},{"floor":9.0,"key":"halation:BlackBeret"},{"floor":11.0,"key":"Girya"},{"floor":24.0,"key":"Torii"},{"floor":28.0,"key":"Blue Candle"},{"floor":32.0,"key":"Strawberry"},{"floor":38.0,"key":"Bottled Flame"},{"floor":41.0,"key":"Thread and Needle"},{"floor":43.0,"key":"ReplayTheSpireMod:Bottled Snecko"},{"floor":45.0,"key":"halation:SwordOfLegend"},{"floor":54,"key":"Boot"}],"event_choices":[{"damage_healed":0.0,"max_hp_gain":0.0,"max_hp_loss":0.0,"gold_gain":0.0,"event_name":"The Library","player_choice":"Read","floor":21.0,"gold_loss":0.0,"damage_taken":0.0,"cards_obtained":["Second Wind"]},{"damage_healed":19.0,"max_hp_gain":0.0,"max_hp_loss":0.0,"gold_gain":0.0,"event_name":"Wheel of Change","player_choice":"Full Heal","floor":27.0,"gold_loss":0.0,"damage_taken":0.0},{"damage_healed":0.0,"max_hp_gain":0.0,"max_hp_loss":0.0,"gold_gain":0.0,"event_name":"SensoryStone","player_choice":"Memory 3","floor":37.0,"gold_loss":0.0,"damage_taken":10.0}],"is_beta":false,"boss_relics":[{"not_picked":["halation:SmartPhone","halation:MonkeysPaw"],"picked":"Runic Pyramid"},{"not_picked":["ReplayTheSpireMod:DimensionalGlitch","halation:Risk"],"picked":"Ring of Chaos"}],"items_purged_floors":[2,40,48],"is_endless":false,"potions_floor_spawned":[4,5,6,11,28,29,31,33,35,41,42,45],"ascension_level":9}