{"gold_per_floor":[118,138,149,169,16,46,46,80,80,92,54,100,126,138,150,264,276,308,220,233,31,31,65,76,131,131,131],"floor_reached":27,"playtime":4478,"items_purged":["Strike_B","Strike_B"],"score":310,"play_id":"d8d8a6bb-948a-49ec-99e0-23f2ad62e7d9","local_time":"20190918205510","is_ascension_mode":true,"campfire_choices":[{"data":"Defragment","floor":7.0,"key":"SMITH"},{"data":"Loop","floor":10.0,"key":"SMITH"},{"data":"Loop","floor":15.0,"key":"SMITH"}],"neow_cost":"NONE","seed_source_timestamp":0,"circlet_count":0,"master_deck":["Strike_B","Defend_B","Defend_B","Defend_B","Defend_B","Zap","Dualcast","Defragment+1","Coolheaded","Self Repair","Conserve Battery","Loop+1","Go for the Eyes","Electrodynamics","Cold Snap","Loop+1","Biased Cognition","Hologram","HandOfGreed","Ball Lightning+1"],"special_seed":0,"relics":["Cracked Core","StoneCalendar","Bronze Scales","MawBank","Pear","Thread and Needle","Runic Dome","Du-Vu Doll","Mercury Hourglass","Matryoshka"],"potions_floor_usage":[],"damage_taken":[{"damage":0.0,"enemies":"Small Slimes","floor":1.0,"turns":2.0},{"damage":0.0,"enemies":"Jaw Worm","floor":2.0,"turns":5.0},{"damage":9.0,"enemies":"2 Louse","floor":3.0,"turns":2.0},{"damage":15.0,"enemies":"Looter","floor":4.0,"turns":3.0},{"damage":25.0,"enemies":"3 Sentries","floor":6.0,"turns":7.0},{"damage":20.0,"enemies":"Gremlin Nob","floor":8.0,"turns":5.0},{"damage":7.0,"enemies":"Lagavulin","floor":12.0,"turns":6.0},{"damage":3.0,"enemies":"Large Slime","floor":13.0,"turns":5.0},{"damage":3.0,"enemies":"The Guardian","floor":16.0,"turns":7.0},{"damage":2.0,"enemies":"Chosen","floor":18.0,"turns":4.0},{"damage":0.0,"enemies":"Shell Parasite","floor":20.0,"turns":7.0},{"damage":6.0,"enemies":"Gremlin Leader","floor":23.0,"turns":6.0},{"damage":32.0,"enemies":"Centurion and Healer","floor":24.0,"turns":3.0},{"damage":67.0,"enemies":"Slavers","floor":25.0,"turns":5.0}],"seed_played":"-379404336970210704","potions_obtained":[{"floor":1.0,"key":"FearPotion"},{"floor":8.0,"key":"Explosive Potion"},{"floor":12.0,"key":"FairyPotion"},{"floor":16.0,"key":"Block Potion"},{"floor":23.0,"key":"FearPotion"}],"is_trial":false,"path_per_floor":["M","M","M","M","$","E","R","E","T","R","?","E","M","T","R","B",null,"M","$","M","$","?","E","M","E","T","?"],"character_chosen":"DEFECT","items_purchased":["Loop","Hologram","HandOfGreed"],"campfire_rested":0,"item_purchase_floors":[5,21,21],"current_hp_per_floor":[82,82,73,65,65,47,47,34,34,34,34,44,48,48,48,45,92,92,92,92,92,92,92,67,9,9,0],"gold":131,"neow_bonus":"TEN_PERCENT_HP_BONUS","is_prod":false,"is_daily":false,"chose_seed":false,"campfire_upgraded":3,"win_rate":0,"timestamp":1568854510,"path_taken":["M","M","M","M","$","E","R","E","T","R","?","E","M","?","R","BOSS","M","$","M","$","?","E","M","E","T","?"],"build_version":"2019-07-17","purchased_purges":2,"victory":false,"max_hp_per_floor":[82,82,82,82,82,82,82,82,82,82,82,92,92,92,92,92,92,92,92,92,92,92,92,92,92,92,97],"card_choices":[{"not_picked":["Darkness","Conserve Battery"],"picked":"Defragment","floor":1.0},{"not_picked":["Steam","Leap"],"picked":"Coolheaded","floor":2.0},{"not_picked":["Compile Driver","Conserve Battery"],"picked":"Self Repair","floor":3.0},{"not_picked":["Hyperbeam","Melter"],"picked":"Conserve Battery","floor":4.0},{"not_picked":["Leap","Turbo"],"picked":"Go for the Eyes","floor":6.0},{"not_picked":["Cold Snap","Streamline"],"picked":"Electrodynamics","floor":8.0},{"not_picked":["Gash","Sweeping Beam"],"picked":"Cold Snap","floor":12.0},{"not_picked":["Beam Cell","Consume"],"picked":"Loop","floor":13.0},{"not_picked":["Creative AI","Fission"],"picked":"Biased Cognition","floor":16.0},{"not_picked":["Streamline","Leap","Rebound+1"],"picked":"SKIP","floor":18.0},{"not_picked":["Gash+1","Barrage","Coolheaded"],"picked":"SKIP","floor":20.0},{"not_picked":["Coolheaded","Beam Cell+1"],"picked":"Ball Lightning+1","floor":23.0},{"not_picked":["Turbo+1","Barrage+1","Sweeping Beam+1"],"picked":"SKIP","floor":24.0},{"not_picked":["Fission","Auto Shields","BootSequence"],"picked":"SKIP","floor":25}],"player_experience":216521,"relics_obtained":[{"floor":6.0,"key":"StoneCalendar"},{"floor":8.0,"key":"Bronze Scales"},{"floor":9.0,"key":"MawBank"},{"floor":12.0,"key":"Pear"},{"floor":14.0,"key":"Thread and Needle"},{"floor":23.0,"key":"Du-Vu Doll"},{"floor":25,"key":"Mercury Hourglass"},{"floor":26,"key":"Matryoshka"}],"event_choices":[{"cards_removed":["Strike_B"],"damage_healed":0.0,"max_hp_gain":0.0,"max_hp_loss":0.0,"gold_gain":0.0,"event_name":"The Cleric","player_choice":"Card Removal","floor":11.0,"gold_loss":50.0,"damage_taken":0.0},{"damage_healed":0.0,"max_hp_gain":0.0,"max_hp_loss":0.0,"gold_gain":0.0,"event_name":"Ghosts","player_choice":"Ignored","floor":22.0,"gold_loss":0.0,"damage_taken":0.0}],"is_beta":false,"boss_relics":[{"not_picked":["Runic Pyramid","White Beast Statue"],"picked":"Runic Dome"}],"items_purged_floors":[5,19],"is_endless":false,"potions_floor_spawned":[1,8,12,16,23],"ascension_level":1}