{"gold_per_floor":[114,389,170,190,25,25,60,78,101,101,113,131,148,183,183,254,254,266,280,280,308,308,308,323,323,323,340,372,372,387,401,401,478,478,493,513,526,471,42,42,55,55,133,355,368,381,381,381,381,381],"floor_reached":51,"playtime":2699,"items_purged":["Regret","Bash"],"score":1223,"play_id":"4a9d3747-6831-41da-be7a-3023ef115e31","local_time":"20190920204248","is_ascension_mode":true,"campfire_choices":[{"data":"Uppercut","floor":6,"key":"SMITH"},{"data":"Battle Trance","floor":10,"key":"SMITH"},{"data":"Limit Break","floor":15,"key":"SMITH"},{"data":"Flex","floor":23,"key":"SMITH"},{"data":"Pummel","floor":25,"key":"SMITH"},{"data":"Inflame","floor":29,"key":"SMITH"},{"data":"Finesse","floor":32,"key":"SMITH"},{"data":"Flex","floor":40,"key":"SMITH"},{"data":"Limit Break","floor":42,"key":"SMITH"},{"data":"Iron Wave","floor":47,"key":"SMITH"},{"data":"Disarm","floor":49,"key":"SMITH"}],"neow_cost":"NONE","seed_source_timestamp":436329604490700,"circlet_count":0,"master_deck":["AscendersBane","Strike_R+1","Strike_R+1","Strike_R+1","Strike_R+1","Strike_R+1","Defend_R+1","Defend_R+1","Defend_R+1","Defend_R+1","Battle Trance+1","Disarm+1","Uppercut+1","Finesse+1","Limit Break+1","Cleave","Limit Break+1","Flex+1","Offering","Iron Wave+1","Pummel+1","Inflame+1","Whirlwind","Flex+1","Reaper"],"relics":["Black Blood","Vajra","Potion Belt","Blood Vial","Bird Faced Urn","Red Mask","StoneCalendar","Mercury Hourglass","Regal Pillow","Philosopher\u0027s Stone","Bronze Scales","Strawberry","Paper Frog"],"potions_floor_usage":[13,14,16,16,16,27,28,36,37,37,50,50,50,50],"damage_taken":[{"damage":3,"enemies":"2 Louse","floor":1,"turns":3},{"damage":1,"enemies":"Cultist","floor":4,"turns":5},{"damage":18,"enemies":"Gremlin Nob","floor":7,"turns":4},{"damage":2,"enemies":"Small Slimes","floor":8,"turns":4},{"damage":5,"enemies":"2 Fungi Beasts","floor":11,"turns":3},{"damage":10,"enemies":"Blue Slaver","floor":12,"turns":4},{"damage":13,"enemies":"Lots of Slimes","floor":13,"turns":4},{"damage":10,"enemies":"3 Sentries","floor":14,"turns":3},{"damage":9,"enemies":"Slime Boss","floor":16,"turns":8},{"damage":27,"enemies":"2 Thieves","floor":18,"turns":4},{"damage":22,"enemies":"Spheric Guardian","floor":19,"turns":4},{"damage":11,"enemies":"Masked Bandits","floor":21,"turns":3},{"damage":0,"enemies":"Centurion and Healer","floor":24,"turns":2},{"damage":18,"enemies":"Snake Plant","floor":27,"turns":2},{"damage":35,"enemies":"Gremlin Leader","floor":28,"turns":7},{"damage":16,"enemies":"Sentry and Sphere","floor":30,"turns":4},{"damage":6,"enemies":"3 Cultists","floor":31,"turns":3},{"damage":40,"enemies":"Champ","floor":33,"turns":8},{"damage":16,"enemies":"3 Darklings","floor":35,"turns":3},{"damage":0,"enemies":"Orb Walker","floor":36,"turns":3},{"damage":20,"enemies":"Maw","floor":37,"turns":4},{"damage":9,"enemies":"Transient","floor":41,"turns":5},{"damage":21,"enemies":"Sphere and 2 Shapes","floor":45,"turns":4},{"damage":39,"enemies":"3 Darklings","floor":46,"turns":3},{"damage":34,"enemies":"Time Eater","floor":50,"turns":5}],"seed_played":"4164478319822075553","potions_obtained":[{"floor":1,"key":"SpeedPotion"},{"floor":7,"key":"Swift Potion"},{"floor":11,"key":"SteroidPotion"},{"floor":12,"key":"Fire Potion"},{"floor":14,"key":"Block Potion"},{"floor":21,"key":"FearPotion"},{"floor":24,"key":"AttackPotion"},{"floor":27,"key":"GamblersBrew"},{"floor":30,"key":"Weak Potion"},{"floor":31,"key":"Regen Potion"},{"floor":35,"key":"Explosive Potion"},{"floor":46,"key":"Ancient Potion"}],"is_trial":false,"path_per_floor":["M","?","$","M","$","R","E","M","T","R","M","M","M","E","R","B",null,"M","M","?","?","T","R","M","R","T","M","E","R","M","M","R","B",null,"M","M","M","?","$","R","M","R","T","?","M","M","R","?","R","B",null],"character_chosen":"IRONCLAD","items_purchased":["Vajra","Uppercut","Finesse","Strawberry","BloodPotion","Dexterity Potion","Flex"],"campfire_rested":0,"item_purchase_floors":[3,5,5,39,39,39,39],"current_hp_per_floor":[78,78,78,82,82,82,70,74,74,74,77,75,70,68,68,67,78,63,53,53,54,54,54,66,66,66,60,39,39,37,45,45,19,66,64,82,74,74,81,81,86,86,86,86,78,53,53,53,53,54],"gold":381,"neow_bonus":"TEN_PERCENT_HP_BONUS","is_prod":false,"is_daily":false,"chose_seed":false,"campfire_upgraded":11,"win_rate":0,"timestamp":1568983368,"path_taken":["M","?","$","M","$","R","E","?","T","R","?","M","M","E","R","BOSS","M","M","?","?","?","R","M","R","T","M","E","R","M","M","R","BOSS","M","M","?","?","?","R","?","R","T","?","M","M","R","?","R","BOSS"],"build_version":"2019-07-17","purchased_purges":2,"victory":true,"max_hp_per_floor":[82,82,82,82,82,82,82,82,82,82,82,82,82,82,82,82,82,82,82,82,82,82,82,82,82,82,82,82,82,82,82,82,82,82,82,82,82,82,89,89,89,89,89,89,89,89,89,85,85,85],"card_choices":[{"not_picked":["Searing Blow","True Grit"],"picked":"Battle Trance","floor":1},{"not_picked":["Twin Strike","Seeing Red"],"picked":"Disarm","floor":4},{"not_picked":["Clash","Twin Strike"],"picked":"Limit Break","floor":7},{"not_picked":["Havoc","Sentinel"],"picked":"Cleave","floor":8},{"not_picked":["Combust","Twin Strike","Iron Wave"],"picked":"SKIP","floor":11},{"not_picked":["Power Through","Intimidate"],"picked":"Limit Break","floor":12},{"not_picked":["Second Wind","True Grit","Armaments"],"picked":"SKIP","floor":13},{"not_picked":["True Grit","Clash"],"picked":"Flex","floor":14},{"not_picked":["Barricade","Brutality"],"picked":"Offering","floor":16},{"not_picked":["Reckless Charge","Wild Strike"],"picked":"Iron Wave","floor":18},{"not_picked":["Anger","Armaments"],"picked":"Pummel","floor":19},{"not_picked":["Corruption","Wild Strike","Clothesline"],"picked":"SKIP","floor":24},{"not_picked":["Thunderclap","Havoc"],"picked":"Inflame","floor":27},{"not_picked":["Clothesline","Twin Strike+1"],"picked":"Whirlwind","floor":28},{"not_picked":["Armaments","Entrench","Burning Pact"],"picked":"SKIP","floor":30},{"not_picked":["Fiend Fire","Thunderclap","Dual Wield"],"picked":"SKIP","floor":31},{"not_picked":["Metallicize","Flame Barrier","Body Slam"],"picked":"SKIP","floor":35},{"not_picked":["True Grit+1","Perfected Strike","Wild Strike+1"],"picked":"SKIP","floor":36},{"not_picked":["Thunderclap+1","Warcry","Pommel Strike+1"],"picked":"SKIP","floor":37},{"not_picked":["Havoc+1","Body Slam+1","Combust"],"picked":"SKIP","floor":41},{"not_picked":["Shockwave","Wild Strike","Flex"],"picked":"SKIP","floor":45},{"not_picked":["Iron Wave","Armaments"],"picked":"Reaper","floor":46}],"player_experience":649705,"relics_obtained":[{"floor":7,"key":"Potion Belt"},{"floor":9,"key":"Blood Vial"},{"floor":14,"key":"Bird Faced Urn"},{"floor":21,"key":"Red Mask"},{"floor":22,"key":"StoneCalendar"},{"floor":26,"key":"Mercury Hourglass"},{"floor":28,"key":"Regal Pillow"},{"floor":43,"key":"Paper Frog"}],"event_choices":[{"damage_healed":0,"gold_gain":275,"player_choice":"Desecrate","damage_taken":0,"max_hp_gain":0,"max_hp_loss":0,"event_name":"Golden Shrine","floor":2,"gold_loss":0,"cards_obtained":["Regret"]},{"damage_healed":0,"gold_gain":0,"player_choice":"Simplicity","damage_taken":0,"max_hp_gain":0,"max_hp_loss":0,"event_name":"Back to Basics","floor":20,"gold_loss":0,"cards_upgraded":["Strike_R","Strike_R","Strike_R","Strike_R","Strike_R","Defend_R","Defend_R","Defend_R","Defend_R"]},{"damage_healed":0,"gold_gain":0,"player_choice":"Fought Bandits","damage_taken":0,"max_hp_gain":0,"max_hp_loss":0,"event_name":"Masked Bandits","floor":21,"gold_loss":0},{"damage_healed":0,"gold_gain":0,"player_choice":"Paid Gold","damage_taken":0,"relics_obtained":["Bronze Scales"],"max_hp_gain":0,"max_hp_loss":0,"event_name":"WeMeetAgain","floor":38,"gold_loss":55},{"damage_healed":0,"gold_gain":222,"player_choice":"Wore Mask","damage_taken":0,"max_hp_gain":0,"max_hp_loss":0,"event_name":"Tomb of Lord Red Mask","floor":44,"gold_loss":0},{"damage_healed":0,"gold_gain":0,"player_choice":"Max HP","damage_taken":0,"max_hp_gain":0,"max_hp_loss":4,"event_name":"Winding Halls","floor":48,"gold_loss":0}],"is_beta":false,"boss_relics":[{"not_picked":["Pandora\u0027s Box","Lizard Tail"],"picked":"Black Blood"},{"not_picked":["Orrery","Runic Pyramid"],"picked":"Philosopher\u0027s Stone"}],"items_purged_floors":[3,39],"is_endless":false,"potions_floor_spawned":[1,7,11,12,14,21,24,27,30,31,35,46],"ascension_level":15}