{"gold_per_floor":[116,132,16,91,91,124,124,124,148,148,165,191,191,231,231,321,321,335,335,348,348,248,248,279,293,293,333,258,258,277,25,25,25],"floor_reached":33,"playtime":1655,"items_purged":["Bash","Strike_R+1","Strike_R+1"],"score":553,"play_id":"8dd39782-e68d-410a-b468-0f45987b63d6","local_time":"20190922173010","is_ascension_mode":true,"campfire_choices":[{"data":"Rampage","floor":8.0,"key":"SMITH"},{"data":"Twin Strike","floor":10.0,"key":"SMITH"},{"data":"Disarm","floor":15.0,"key":"SMITH"},{"data":"RitualDagger","floor":23.0,"key":"SMITH"},{"data":"Berserk","floor":29.0,"key":"SMITH"},{"data":"Battle Trance","floor":32,"key":"SMITH"}],"neow_cost":"NONE","seed_source_timestamp":598426091828600,"circlet_count":0,"master_deck":["AscendersBane","Strike_R+1","Strike_R+1","Defend_R+1","Defend_R+1","Defend_R+1","Defend_R+1","Twin Strike+1","Uppercut+1","Rampage+1","Disarm+1","Berserk+1","RitualDagger+1","Battle Trance+1","Thunderclap","Metallicize"],"special_seed":0,"relics":["Burning Blood","Lantern","Letter Opener","Omamori","Whetstone","Golden Idol","Pear","Runic Pyramid","Smiling Mask","Regal Pillow","The Courier","ClockworkSouvenir"],"potions_floor_usage":[],"damage_taken":[{"damage":1.0,"enemies":"Cultist","floor":1.0,"turns":3.0},{"damage":12.0,"enemies":"Jaw Worm","floor":2.0,"turns":2.0},{"damage":24.0,"enemies":"Gremlin Nob","floor":6.0,"turns":5.0},{"damage":6.0,"enemies":"Small Slimes","floor":11.0,"turns":2.0},{"damage":15.0,"enemies":"Lagavulin","floor":12.0,"turns":5.0},{"damage":19.0,"enemies":"Gremlin Nob","floor":14.0,"turns":4.0},{"damage":18.0,"enemies":"The Guardian","floor":16.0,"turns":10.0},{"damage":9.0,"enemies":"Chosen","floor":18.0,"turns":5.0},{"damage":18.0,"enemies":"Shell Parasite","floor":20.0,"turns":6.0},{"damage":8.0,"enemies":"Gremlin Leader","floor":24.0,"turns":5.0},{"damage":21.0,"enemies":"Snake Plant","floor":25.0,"turns":4.0},{"damage":8.0,"enemies":"Book of Stabbing","floor":27.0,"turns":6.0},{"damage":19.0,"enemies":"Shelled Parasite and Fungi","floor":30.0,"turns":4.0},{"damage":19,"enemies":"Champ","floor":33,"turns":9}],"seed_played":"-6041154862416249280","potions_obtained":[{"floor":6.0,"key":"Poison Potion"},{"floor":11.0,"key":"SkillPotion"},{"floor":12.0,"key":"Regen Potion"},{"floor":14.0,"key":"Weak Potion"},{"floor":18.0,"key":"EssenceOfSteel"},{"floor":27.0,"key":"Ancient Potion"}],"is_trial":false,"path_per_floor":["M","M","$","?","?","E","?","R","T","R","M","E","?","E","R","B",null,"M","?","M","?","$","R","E","M","T","E","?","R","M","$","R","B"],"character_chosen":"IRONCLAD","items_purchased":["Uppercut","Metallicize","ClockworkSouvenir"],"campfire_rested":0,"item_purchase_floors":[3,31,31],"current_hp_per_floor":[73,67,67,56,56,38,38,38,38,38,38,29,29,38,38,26,70,67,67,55,49,49,49,47,32,32,30,30,30,17,17,17,0],"gold":25,"neow_bonus":"RANDOM_COMMON_RELIC","is_prod":false,"is_daily":false,"chose_seed":false,"campfire_upgraded":6,"win_rate":0,"timestamp":1569144610,"path_taken":["M","M","$","?","?","E","?","R","T","R","?","E","?","E","R","BOSS","M","?","M","?","$","R","E","M","T","E","?","R","M","$","R","BOSS"],"build_version":"2019-07-17","purchased_purges":3,"victory":false,"max_hp_per_floor":[75,75,75,75,75,75,75,75,75,75,75,75,75,85,85,85,85,85,85,85,85,85,85,85,85,85,85,85,85,85,85,85,85],"card_choices":[{"not_picked":["Corruption","Rage"],"picked":"Twin Strike","floor":1.0},{"not_picked":["Clothesline","Armaments","Hemokinesis"],"picked":"SKIP","floor":2.0},{"not_picked":["Cleave","Evolve"],"picked":"Rampage","floor":6.0},{"not_picked":["True Grit","Uppercut","Blood for Blood"],"picked":"SKIP","floor":11.0},{"not_picked":["Carnage","Twin Strike"],"picked":"Disarm","floor":12.0},{"not_picked":["Spot Weakness","Corruption","Power Through"],"picked":"SKIP","floor":14.0},{"not_picked":["Bludgeon","Juggernaut"],"picked":"Berserk","floor":16.0},{"not_picked":["Heavy Blade","Iron Wave","Clash+1"],"picked":"SKIP","floor":18.0},{"not_picked":["Armaments","Flex","Hemokinesis"],"picked":"SKIP","floor":20.0},{"not_picked":["Heavy Blade","Dual Wield+1"],"picked":"Battle Trance","floor":24.0},{"not_picked":["True Grit+1","Sword Boomerang","Wild Strike"],"picked":"SKIP","floor":25.0},{"not_picked":["Anger","Havoc","Twin Strike"],"picked":"SKIP","floor":27.0},{"not_picked":["Entrench","Wild Strike"],"picked":"Thunderclap","floor":30.0}],"player_experience":663154,"relics_obtained":[{"floor":6.0,"key":"Letter Opener"},{"floor":9.0,"key":"Omamori"},{"floor":12.0,"key":"Whetstone"},{"floor":14.0,"key":"Pear"},{"floor":24.0,"key":"Smiling Mask"},{"floor":26.0,"key":"Regal Pillow"},{"floor":27.0,"key":"The Courier"}],"event_choices":[{"damage_healed":0.0,"max_hp_gain":0.0,"max_hp_loss":0.0,"gold_gain":75.0,"event_name":"World of Goop","player_choice":"Gather Gold","floor":4.0,"gold_loss":0.0,"damage_taken":11.0},{"damage_healed":0.0,"max_hp_gain":0.0,"max_hp_loss":0.0,"gold_gain":0.0,"event_name":"Living Wall","player_choice":"Grow","floor":5.0,"gold_loss":0.0,"damage_taken":0.0,"cards_upgraded":["Uppercut"]},{"damage_healed":0.0,"max_hp_gain":0.0,"max_hp_loss":0.0,"gold_gain":0.0,"event_name":"Match and Keep!","player_choice":"0 cards matched","floor":7.0,"gold_loss":0.0,"damage_taken":0.0,"cards_obtained":[]},{"damage_healed":0.0,"max_hp_gain":0.0,"max_hp_loss":0.0,"gold_gain":0.0,"event_name":"Golden Idol","player_choice":"Take Wound","floor":13.0,"gold_loss":0.0,"damage_taken":0.0,"relics_obtained":["Golden Idol"],"cards_obtained":["Injury"]},{"damage_healed":0.0,"max_hp_gain":0.0,"max_hp_loss":0.0,"gold_gain":0.0,"event_name":"Back to Basics","player_choice":"Simplicity","floor":19.0,"gold_loss":0.0,"damage_taken":0.0,"cards_upgraded":["Strike_R","Strike_R","Strike_R","Defend_R","Defend_R","Defend_R","Defend_R"]},{"damage_healed":0.0,"max_hp_gain":0.0,"max_hp_loss":0.0,"gold_gain":0.0,"event_name":"Nest","player_choice":"Joined the Cult","floor":21.0,"gold_loss":0.0,"damage_taken":6.0,"cards_obtained":["RitualDagger"]},{"cards_removed":["Strike_R"],"damage_healed":0.0,"max_hp_gain":0.0,"max_hp_loss":0.0,"gold_gain":0.0,"event_name":"Beggar","player_choice":"Gave Gold","floor":28.0,"gold_loss":75.0,"damage_taken":0.0}],"is_beta":false,"boss_relics":[{"not_picked":["Eternal Feather","White Beast Statue"],"picked":"Runic Pyramid"}],"items_purged_floors":[3,22,31],"is_endless":false,"potions_floor_spawned":[6,11,12,14,18,27],"killed_by":"Champ","ascension_level":17}