{"gold_per_floor":[115,130,130,148,158,158,158,158,158,158,177,196,227,239,239,239],"floor_reached":16,"playtime":732,"items_purged":[],"score":207,"play_id":"7fb546f3-a0f8-490d-be92-3c813cd3a9a4","local_time":"20190916000003","is_ascension_mode":true,"campfire_choices":[{"data":"Feel No Pain","floor":6,"key":"SMITH"},{"data":"Corruption","floor":8,"key":"SMITH"},{"data":"Reckless Charge","floor":15,"key":"SMITH"}],"neow_cost":"NONE","seed_source_timestamp":419810288043553,"circlet_count":0,"master_deck":["AscendersBane","Strike_R","Strike_R","Strike_R","Strike_R+1","Defend_R","Defend_R","Defend_R","Defend_R","Bash","Feel No Pain+1","Shrug It Off","Corruption+1","Reckless Charge+1","Seeing Red","Sentinel","Reckless Charge+1","Infernal Blade"],"relics":["Burning Blood","Meat on the Bone","Mummified Hand","Spirit Poop","Whetstone"],"potions_floor_usage":[16,16],"damage_taken":[{"damage":1,"enemies":"2 Louse","floor":1,"turns":4},{"damage":9,"enemies":"Jaw Worm","floor":2,"turns":5},{"damage":4,"enemies":"Cultist","floor":4,"turns":4},{"damage":17,"enemies":"Red Slaver","floor":5,"turns":6},{"damage":7,"enemies":"Exordium Wildlife","floor":11,"turns":5},{"damage":0,"enemies":"2 Fungi Beasts","floor":12,"turns":5},{"damage":17,"enemies":"3 Sentries","floor":13,"turns":19},{"damage":12,"enemies":"3 Louse","floor":14,"turns":4},{"damage":54,"enemies":"Hexaghost","floor":16,"turns":11}],"seed_played":"-6876547367606020771","potions_obtained":[{"floor":1,"key":"SpeedPotion"},{"floor":2,"key":"PowerPotion"}],"is_trial":false,"path_per_floor":["M","M","?","M","M","R","?","R","T","?","M","M","E","M","R","B"],"character_chosen":"IRONCLAD","items_purchased":[],"campfire_rested":0,"item_purchase_floors":[],"current_hp_per_floor":[73,70,70,72,61,61,61,61,61,61,60,66,55,49,49,0],"gold":239,"neow_bonus":"REMOVE_CARD","is_prod":false,"is_daily":false,"chose_seed":false,"campfire_upgraded":3,"win_rate":0,"timestamp":1568617203,"path_taken":["M","M","?","M","M","R","?","R","T","?","?","M","E","M","R","BOSS"],"build_version":"2019-07-17","purchased_purges":0,"victory":false,"max_hp_per_floor":[75,75,75,75,75,75,75,75,75,75,75,75,75,75,75,75],"card_choices":[{"not_picked":["Anger","Armaments"],"picked":"Feel No Pain","floor":1},{"not_picked":["Perfected Strike","Thunderclap"],"picked":"Shrug It Off","floor":2},{"not_picked":["Blood for Blood","Dark Embrace"],"picked":"Corruption","floor":4},{"not_picked":["Iron Wave","Body Slam"],"picked":"Reckless Charge","floor":5},{"not_picked":["Twin Strike","Burning Pact"],"picked":"Seeing Red","floor":11},{"not_picked":["Seeing Red","Havoc"],"picked":"Sentinel","floor":12},{"not_picked":["Pummel","Clash"],"picked":"Reckless Charge","floor":13},{"not_picked":["Burning Pact","Heavy Blade"],"picked":"Infernal Blade","floor":14}],"player_experience":1147125,"relics_obtained":[{"floor":9,"key":"Mummified Hand"},{"floor":13,"key":"Whetstone"}],"event_choices":[{"damage_healed":0,"gold_gain":0,"player_choice":"Ignored","damage_taken":0,"max_hp_gain":0,"max_hp_loss":0,"event_name":"Liars Game","floor":3,"gold_loss":0},{"damage_healed":0,"gold_gain":0,"player_choice":"Box","damage_taken":0,"relics_obtained":["Meat on the Bone"],"max_hp_gain":0,"max_hp_loss":0,"event_name":"Big Fish","floor":7,"gold_loss":0,"cards_obtained":["Regret"]},{"cards_removed":["Regret"],"damage_healed":0,"gold_gain":0,"player_choice":"Offered Curse","damage_taken":0,"relics_obtained":["Spirit Poop"],"max_hp_gain":0,"max_hp_loss":0,"event_name":"Bonfire Elementals","floor":10,"gold_loss":0}],"is_beta":false,"boss_relics":[],"items_purged_floors":[],"is_endless":false,"potions_floor_spawned":[1,2,13,14],"killed_by":"Hexaghost","ascension_level":20}