{"gold_per_floor":[117,132,150,150,150,150,185,185,210,237,249,268,287,301,301,403,403,416,427,427,53,71,71,88,88,88,88,88,105,105,30,30,130,130,145,145,245,245,260,260,260,291,291,291,308,308,343,360,360,360],"floor_reached":50,"playtime":5271,"items_purged":["Defend_B"],"score":767,"play_id":"4d5b0b15-7a52-4a79-bb71-27898380e015","local_time":"20190921230637","is_ascension_mode":true,"campfire_choices":[{"data":"Rainbow","floor":6.0,"key":"SMITH"},{"data":"Compile Driver","floor":8.0,"key":"SMITH"},{"floor":15.0,"key":"REST"},{"data":"Barrage","floor":23.0,"key":"SMITH"},{"data":"Go for the Eyes","floor":25.0,"key":"SMITH"},{"data":"Cold Snap","floor":27.0,"key":"SMITH"},{"data":"Electrodynamics","floor":32.0,"key":"SMITH"},{"data":"Buffer","floor":40.0,"key":"SMITH"},{"data":"Ball Lightning","floor":44.0,"key":"SMITH"},{"data":"Dualcast","floor":46.0,"key":"SMITH"},{"data":"Defend_B","floor":49.0,"key":"SMITH"}],"neow_cost":"NONE","seed_source_timestamp":1122819614484511,"circlet_count":0,"master_deck":["Defend_B+1","Zap","Dualcast+1","Rainbow+1","Barrage+1","Go for the Eyes+1","Compile Driver+1","Ball Lightning+1","Cold Snap+1","Electrodynamics+1","Rebound+1","Bite","Bite","Bite","Bite","Bite","Self Repair","Chill","Lockon+1","Buffer+1","Loop+1","Leap+1","Redo+1","Streamline+1"],"special_seed":0,"relics":["Cracked Core","Orichalcum","Question Card","Bronze Scales","Symbiotic Virus","Coffee Dripper","Juzu Bracelet","Pantograph","MutagenicStrength","Sozu","Gremlin Horn","Prayer Wheel","Centennial Puzzle","Vajra","Ginger","Sundial"],"potions_floor_usage":[],"damage_taken":[{"damage":0.0,"enemies":"2 Louse","floor":1.0,"turns":3.0},{"damage":0.0,"enemies":"Cultist","floor":2.0,"turns":3.0},{"damage":5.0,"enemies":"Small Slimes","floor":3.0,"turns":4.0},{"damage":16.0,"enemies":"Gremlin Nob","floor":7.0,"turns":5.0},{"damage":16.0,"enemies":"3 Sentries","floor":10.0,"turns":6.0},{"damage":0.0,"enemies":"Exordium Thugs","floor":11.0,"turns":4.0},{"damage":2.0,"enemies":"Blue Slaver","floor":12.0,"turns":3.0},{"damage":2.0,"enemies":"Looter","floor":13.0,"turns":2.0},{"damage":2.0,"enemies":"Red Slaver","floor":14.0,"turns":2.0},{"damage":13.0,"enemies":"The Guardian","floor":16.0,"turns":10.0},{"damage":1.0,"enemies":"Spheric Guardian","floor":18.0,"turns":3.0},{"damage":4.0,"enemies":"Shell Parasite","floor":19.0,"turns":3.0},{"damage":19.0,"enemies":"Sentry and Sphere","floor":22.0,"turns":4.0},{"damage":14.0,"enemies":"Snecko","floor":24.0,"turns":4.0},{"damage":17.0,"enemies":"Centurion and Healer","floor":29.0,"turns":4.0},{"damage":60.0,"enemies":"Collector","floor":33.0,"turns":9.0},{"damage":23.0,"enemies":"3 Darklings","floor":35.0,"turns":4.0},{"damage":20.0,"enemies":"Mind Bloom Boss Battle","floor":37.0,"turns":6.0},{"damage":5.0,"enemies":"Orb Walker","floor":39.0,"turns":2.0},{"damage":17.0,"enemies":"Nemesis","floor":42.0,"turns":5.0},{"damage":0.0,"enemies":"Maw","floor":45.0,"turns":5.0},{"damage":48.0,"enemies":"Giant Head","floor":47.0,"turns":8.0},{"damage":8.0,"enemies":"Writhing Mass","floor":48.0,"turns":5.0},{"damage":60,"enemies":"Donu and Deca","floor":50,"turns":4}],"seed_played":"7892839904142855124","potions_obtained":[{"floor":2.0,"key":"SpeedPotion"},{"floor":7.0,"key":"Swift Potion"},{"floor":11.0,"key":"PowerPotion"},{"floor":12.0,"key":"Energy Potion"},{"floor":13.0,"key":"EssenceOfSteel"},{"floor":18.0,"key":"LiquidBronze"},{"floor":24.0,"key":"Swift Potion"},{"floor":33.0,"key":"FearPotion"}],"is_trial":false,"path_per_floor":["M","M","M","?","?","R","E","R","T","E","M","M","M","M","R","B",null,"M","M","?","$","M","R","M","R","T","R","?","M","?","?","R","B",null,"M","?","?","?","M","R","?","E","T","R","M","R","E","M","R","B"],"character_chosen":"DEFECT","items_purchased":["Self Repair","Chill","Juzu Bracelet"],"campfire_rested":1,"item_purchase_floors":[21,21,21],"current_hp_per_floor":[68,68,63,56,56,56,40,40,40,24,24,22,20,18,40,27,63,62,58,52,52,44,44,47,47,47,47,47,45,45,45,45,11,42,36,36,51,51,47,47,47,47,47,47,52,52,23,34,34,0],"gold":360,"neow_bonus":"ONE_RANDOM_RARE_CARD","is_prod":false,"is_daily":false,"chose_seed":false,"campfire_upgraded":10,"win_rate":0,"timestamp":1569121597,"path_taken":["M","M","M","?","?","R","E","R","T","E","M","M","M","?","R","BOSS","M","M","?","$","M","R","M","R","T","R","?","M","?","?","R","BOSS","M","?","?","?","M","R","?","E","T","R","M","R","E","M","R","BOSS"],"build_version":"2019-07-17","purchased_purges":1,"victory":false,"max_hp_per_floor":[75,75,75,75,75,75,75,75,75,75,75,75,75,75,75,75,75,75,75,52,52,52,52,52,52,52,52,52,52,52,52,52,52,52,52,52,52,52,52,52,52,52,52,52,52,52,52,52,52,52],"card_choices":[{"not_picked":["Coolheaded","Darkness","Sweeping Beam"],"picked":"SKIP","floor":1.0},{"not_picked":["Hologram","Reboot"],"picked":"Barrage","floor":2.0},{"not_picked":["Steam","Auto Shields"],"picked":"Go for the Eyes","floor":3.0},{"not_picked":["Streamline","Reboot"],"picked":"Compile Driver","floor":7.0},{"not_picked":["Multi-Cast","Barrage","Redo"],"picked":"Ball Lightning","floor":10.0},{"not_picked":["Hologram","Leap","Coolheaded","Aggregate"],"picked":"SKIP","floor":11.0},{"not_picked":["Beam Cell","Go for the Eyes","Barrage"],"picked":"Cold Snap","floor":12.0},{"not_picked":["Barrage","Hologram","Sweeping Beam","Force Field"],"picked":"SKIP","floor":13.0},{"not_picked":["Beam Cell","Hyperbeam","Compile Driver","Reinforced Body"],"picked":"SKIP","floor":14.0},{"not_picked":["Thunder Strike","Core Surge","Echo Form"],"picked":"Electrodynamics","floor":16.0},{"not_picked":["Gash","White Noise","Fusion"],"picked":"Rebound+1","floor":18.0},{"not_picked":["Beam Cell","Streamline","Sunder","Steam"],"picked":"SKIP","floor":19.0},{"not_picked":["Compile Driver","BootSequence","Reprogram"],"picked":"Lockon+1","floor":22.0},{"not_picked":["Stack","Coolheaded","Lockon","Sunder"],"picked":"SKIP","floor":24.0},{"not_picked":["Tempest","Sweeping Beam","Redo","Compile Driver"],"picked":"SKIP","floor":29.0},{"not_picked":["Meteor Strike","All For One","Hyperbeam"],"picked":"Buffer","floor":33.0},{"not_picked":["Ball Lightning","Cold Snap","Turbo+1","Steam"],"picked":"SKIP","floor":35.0},{"not_picked":["Compile Driver+1","Conserve Battery","Hello World"],"picked":"Loop+1","floor":37.0},{"not_picked":["Genetic Algorithm","Reprogram","Glacier"],"picked":"Leap+1","floor":39.0},{"not_picked":["Cold Snap","Hello World+1","Auto Shields","Sweeping Beam+1"],"picked":"SKIP","floor":39.0},{"not_picked":["Double Energy+1","Lockon+1","Blizzard","Barrage"],"picked":"SKIP","floor":42.0},{"not_picked":["Double Energy+1","Coolheaded","Streamline+1"],"picked":"Redo+1","floor":45.0},{"not_picked":["Skim+1","Creative AI","Stack+1","White Noise"],"picked":"SKIP","floor":45.0},{"not_picked":["Reprogram","Consume+1","Conserve Battery","Multi-Cast"],"picked":"SKIP","floor":47.0},{"not_picked":["Stack","Sunder","Rebound"],"picked":"Streamline+1","floor":48.0},{"not_picked":["Lockon","Steam+1","FTL+1","Compile Driver"],"picked":"SKIP","floor":48.0}],"player_experience":311628,"relics_obtained":[{"floor":7.0,"key":"Question Card"},{"floor":9.0,"key":"Bronze Scales"},{"floor":10.0,"key":"Symbiotic Virus"},{"floor":26.0,"key":"Pantograph"},{"floor":36.0,"key":"Gremlin Horn"},{"floor":37.0,"key":"Prayer Wheel"},{"floor":42.0,"key":"Vajra"},{"floor":43.0,"key":"Ginger"},{"floor":47.0,"key":"Sundial"}],"event_choices":[{"damage_healed":0.0,"max_hp_gain":0.0,"max_hp_loss":0.0,"gold_gain":0.0,"event_name":"Scrap Ooze","player_choice":"Success","floor":4.0,"gold_loss":0.0,"damage_taken":7.0,"relics_obtained":["Orichalcum"]},{"damage_healed":0.0,"max_hp_gain":0.0,"max_hp_loss":0.0,"gold_gain":0.0,"event_name":"The Woman in Blue","player_choice":"Bought 0 Potions","floor":5.0,"gold_loss":0.0,"damage_taken":0.0},{"damage_healed":0.0,"max_hp_gain":0.0,"max_hp_loss":23.0,"gold_gain":0.0,"event_name":"Vampires","player_choice":"Became a vampire","floor":20.0,"gold_loss":0.0,"damage_taken":0.0,"cards_obtained":["Bite","Bite","Bite","Bite","Bite"]},{"cards_removed":["Defend_B"],"damage_healed":0.0,"max_hp_gain":0.0,"max_hp_loss":0.0,"gold_gain":0.0,"event_name":"Bonfire Elementals","player_choice":"Offered Basic","floor":28.0,"gold_loss":0.0,"damage_taken":0.0},{"damage_healed":0.0,"max_hp_gain":0.0,"max_hp_loss":0.0,"gold_gain":0.0,"event_name":"Drug Dealer","player_choice":"Inject Mutagens","floor":30.0,"gold_loss":0.0,"damage_taken":0.0,"relics_obtained":["MutagenicStrength"]},{"cards_removed":["Defend_B"],"damage_healed":0.0,"max_hp_gain":0.0,"max_hp_loss":0.0,"gold_gain":0.0,"event_name":"Beggar","player_choice":"Gave Gold","floor":31.0,"gold_loss":75.0,"damage_taken":0.0},{"damage_healed":0.0,"max_hp_gain":0.0,"max_hp_loss":0.0,"gold_gain":0.0,"event_name":"Wheel of Change","player_choice":"Relic","floor":36.0,"gold_loss":0.0,"damage_taken":0.0},{"damage_healed":0.0,"max_hp_gain":0.0,"max_hp_loss":0.0,"gold_gain":0.0,"event_name":"MindBloom","player_choice":"Fight","floor":37.0,"gold_loss":0.0,"damage_taken":0.0},{"damage_healed":0.0,"max_hp_gain":0.0,"max_hp_loss":0.0,"gold_gain":0.0,"event_name":"SensoryStone","player_choice":"Memory 1","floor":38.0,"gold_loss":0.0,"damage_taken":0.0},{"damage_healed":0.0,"max_hp_gain":0.0,"max_hp_loss":0.0,"gold_gain":0.0,"event_name":"WeMeetAgain","player_choice":"Gave Potion","floor":41.0,"gold_loss":0.0,"damage_taken":0.0,"relics_obtained":["Centennial Puzzle"]}],"is_beta":false,"boss_relics":[{"not_picked":["Orrery","Runic Pyramid"],"picked":"Coffee Dripper"},{"not_picked":["Black Star","Philosopher\u0027s Stone"],"picked":"Sozu"}],"items_purged_floors":[21],"is_endless":false,"potions_floor_spawned":[2,7,11,12,13,18,24,33,39,47],"killed_by":"Donu and Deca","ascension_level":9}