{"gold_per_floor":[114,134,144,160,235,270,270,299,373,399,399,432,122,132,132,205,205,219,264,277,295,295,326,326,352,377,159,259,294,304,304,304,378,378,396,443,22,38,1037,1070,1070,789,789,131,158,158,207,241,241,241,241,241,241,24,50,50],"floor_reached":57,"playtime":2262,"items_purged":["Normality"],"score":3698,"play_id":"4dcdddc0-1cfc-486f-963d-d3e429ef7d5a","local_time":"20190919062349","daily_mods":["SealedDeck","Vintage","Allstar","Colorless Cards","Heirloom","Time Dilation"],"is_ascension_mode":true,"campfire_choices":[{"data":"Hologram","floor":7,"key":"SMITH"},{"data":"Go for the Eyes","floor":11,"key":"SMITH"},{"data":"1","floor":15,"key":"LIFT"},{"data":"2","floor":24,"key":"LIFT"},{"data":"3","floor":32,"key":"LIFT"},{"data":"Coolheaded","floor":41,"key":"SMITH"},{"data":"Coolheaded","floor":46,"key":"SMITH"},{"floor":49,"key":"RECALL"},{"data":"Glacier","floor":53,"key":"SMITH"}],"neow_cost":"","seed_source_timestamp":0,"circlet_count":0,"master_deck":["AscendersBane","Cold Snap","Leap+1","Hologram+1","Flash of Steel+1","Sweeping Beam","Coolheaded+1","Coolheaded+1","White Noise+1","Conserve Battery","FTL+1","All For One","Glacier+1","Go for the Eyes+1","Conserve Battery+1","Gash","Madness+1","Steam+1","Discovery+1","Master of Strategy+1","Normality","Hologram+1","Chrysalis+1","Gash+1","All For One+1","Hologram+1"],"relics":["Cracked Core","Girya","PreservedInsect","Nunchaku","Art of War","Regal Pillow","Centennial Puzzle","Singing Bowl","Symbiotic Virus","Toxic Egg 2","Bag of Preparation","Meat on the Bone","Emotion Chip","Black Star","Sundial","Tiny Chest","Blue Candle","Molten Egg 2","Ancient Tea Set","Smiling Mask","Vajra","Pen Nib","OrangePellets","Torii","Matryoshka","Bag of Marbles","War Paint","Bottled Lightning","MutagenicStrength","Coffee Dripper","Bird Faced Urn","Incense Burner","Ornamental Fan","Happy Flower","Juzu Bracelet","Pantograph","Oddly Smooth Stone","ClockworkSouvenir","Bronze Scales","Potion Belt","Ice Cream","Question Card","Lantern","Whetstone","DataDisk","Blood Vial","Boot","Shuriken","Gambling Chip","Bottled Flame"],"potions_floor_usage":[4,56,56,56],"damage_taken":[{"damage":0,"enemies":"2 Louse","floor":1,"turns":2},{"damage":0,"enemies":"Small Slimes","floor":2,"turns":3},{"damage":3,"enemies":"Jaw Worm","floor":3,"turns":2},{"damage":2,"enemies":"Looter","floor":4,"turns":3},{"damage":13,"enemies":"3 Sentries","floor":6,"turns":7},{"damage":2,"enemies":"Gremlin Nob","floor":8,"turns":3},{"damage":0,"enemies":"Lagavulin","floor":10,"turns":3},{"damage":0,"enemies":"Gremlin Nob","floor":12,"turns":2},{"damage":0,"enemies":"Blue Slaver","floor":14,"turns":3},{"damage":0,"enemies":"Slime Boss","floor":16,"turns":4},{"damage":0,"enemies":"Spheric Guardian","floor":18,"turns":3},{"damage":12,"enemies":"2 Thieves","floor":19,"turns":2},{"damage":0,"enemies":"Cultist and Chosen","floor":20,"turns":3},{"damage":0,"enemies":"3 Cultists","floor":21,"turns":2},{"damage":17,"enemies":"Slavers","floor":23,"turns":3},{"damage":0,"enemies":"Book of Stabbing","floor":25,"turns":2},{"damage":1,"enemies":"Colosseum Slavers","floor":28,"turns":2},{"damage":0,"enemies":"Colosseum Nobs","floor":28,"turns":2},{"damage":22,"enemies":"Slavers","floor":29,"turns":3},{"damage":0,"enemies":"Chosen and Byrds","floor":30,"turns":1},{"damage":0,"enemies":"Automaton","floor":33,"turns":5},{"damage":0,"enemies":"3 Darklings","floor":35,"turns":1},{"damage":0,"enemies":"2 Orb Walkers","floor":36,"turns":2},{"damage":0,"enemies":"Orb Walker","floor":38,"turns":1},{"damage":1,"enemies":"Reptomancer","floor":40,"turns":1},{"damage":1,"enemies":"Giant Head","floor":45,"turns":2},{"damage":1,"enemies":"Reptomancer","floor":48,"turns":2},{"damage":1,"enemies":"Awakened One","floor":50,"turns":5},{"damage":1,"enemies":"Donu and Deca","floor":51,"turns":4},{"damage":0,"enemies":"Shield and Spear","floor":55,"turns":1},{"damage":4,"enemies":"The Heart","floor":56,"turns":7}],"seed_played":"-4180687921278398451","potions_obtained":[{"floor":3,"key":"Energy Potion"},{"floor":4,"key":"Fruit Juice"},{"floor":8,"key":"Fire Potion"},{"floor":21,"key":"PowerPotion"},{"floor":48,"key":"SkillPotion"}],"is_trial":true,"path_per_floor":["M","M","M","M","?","E","R","E","T","E","R","E","$","M","R","B",null,"M","M","M","M","?","E","R","E","T","$","?","E","M","?","R","B",null,"M","?","$","M","?","E","R","$","T","$","E","R","T","E","R","B","B",null,"R","$","E","B",null],"character_chosen":"DEFECT","items_purchased":["Gash","Meat on the Bone","OrangePellets","Ornamental Fan","Happy Flower","ClockworkSouvenir","Hologram+1","Ice Cream","Question Card","All For One+1","AttackPotion"],"campfire_rested":0,"item_purchase_floors":[13,13,27,37,37,42,44,44,44,54,54],"current_hp_per_floor":[64,64,61,64,53,40,40,38,38,38,38,38,38,50,50,52,72,72,60,60,60,60,43,43,43,43,43,44,34,46,46,46,46,72,72,76,76,78,78,81,81,81,81,81,82,82,82,83,83,84,83,84,84,84,84,82],"gold":50,"neow_bonus":"","is_prod":false,"is_daily":false,"chose_seed":false,"campfire_upgraded":5,"win_rate":0,"timestamp":1568899429,"path_taken":["M","M","M","M","?","E","R","E","T","E","R","E","$","M","R","BOSS","M","M","M","M","?","E","R","E","T","$","?","E","M","?","R","BOSS","M","?","$","M","?","E","R","$","T","?","E","R","?","E","R","BOSS","BOSS","R","$","E","BOSS"],"build_version":"2019-07-17","purchased_purges":1,"victory":true,"max_hp_per_floor":[71,71,71,76,76,76,76,76,76,76,76,76,76,76,76,78,78,78,78,78,78,78,78,78,78,78,78,80,80,80,80,80,80,80,80,82,82,82,82,84,84,84,84,84,84,84,84,84,84,84,84,84,84,84,84,84],"card_choices":[{"not_picked":["Coolheaded","Cold Snap"],"picked":"All For One","floor":6},{"not_picked":["Swift Strike","Conserve Battery"],"picked":"Glacier","floor":8},{"not_picked":["Ball Lightning","Self Repair"],"picked":"Go for the Eyes","floor":10},{"not_picked":["Turbo+1","Rebound"],"picked":"Conserve Battery+1","floor":12},{"not_picked":["Creative AI","Rainbow+1","Thunder Strike"],"picked":"Singing Bowl","floor":16},{"not_picked":["Tempest+1","Chill+1"],"picked":"Madness+1","floor":23},{"not_picked":["Compile Driver+1","Glacier+1"],"picked":"Steam+1","floor":25},{"not_picked":["Compile Driver+1","Rip and Tear+1","Force Field+1"],"picked":"Singing Bowl","floor":28},{"not_picked":["Double Energy+1","Chaos+1"],"picked":"Discovery+1","floor":29},{"not_picked":["Electrodynamics","Buffer"],"picked":"Master of Strategy+1","floor":33},{"not_picked":["Loop","Redo+1","Compile Driver+1"],"picked":"Singing Bowl","floor":36},{"not_picked":["Aggregate+1","Conserve Battery+1","Panacea+1"],"picked":"Singing Bowl","floor":40},{"not_picked":["Ball Lightning+1","Melter+1","Dramatic Entrance+1"],"picked":"Chrysalis+1","floor":45},{"not_picked":["Sweeping Beam+1","Impatience+1","Force Field+1"],"picked":"Gash+1","floor":48},{"not_picked":["Forethought+1","Steam Power+1","Rainbow+1"],"picked":"Hologram+1","floor":55}],"player_experience":1181019,"relics_obtained":[{"floor":1,"key":"PreservedInsect"},{"floor":2,"key":"Nunchaku"},{"floor":3,"key":"Art of War"},{"floor":4,"key":"Regal Pillow"},{"floor":6,"key":"Centennial Puzzle"},{"floor":8,"key":"Singing Bowl"},{"floor":9,"key":"Symbiotic Virus"},{"floor":10,"key":"Toxic Egg 2"},{"floor":12,"key":"Bag of Preparation"},{"floor":14,"key":"Emotion Chip"},{"floor":18,"key":"Sundial"},{"floor":19,"key":"Tiny Chest"},{"floor":20,"key":"Blue Candle"},{"floor":21,"key":"Molten Egg 2"},{"floor":23,"key":"Ancient Tea Set"},{"floor":23,"key":"Smiling Mask"},{"floor":25,"key":"Vajra"},{"floor":25,"key":"Pen Nib"},{"floor":28,"key":"Torii"},{"floor":28,"key":"Matryoshka"},{"floor":29,"key":"Bag of Marbles"},{"floor":29,"key":"War Paint"},{"floor":30,"key":"Bottled Lightning"},{"floor":35,"key":"Bird Faced Urn"},{"floor":36,"key":"Incense Burner"},{"floor":38,"key":"Juzu Bracelet"},{"floor":40,"key":"Pantograph"},{"floor":40,"key":"Oddly Smooth Stone"},{"floor":43,"key":"Bronze Scales"},{"floor":43,"key":"Potion Belt"},{"floor":45,"key":"Lantern"},{"floor":45,"key":"Whetstone"},{"floor":47,"key":"DataDisk"},{"floor":47,"key":"Blood Vial"},{"floor":48,"key":"Boot"},{"floor":48,"key":"Shuriken"},{"floor":55,"key":"Gambling Chip"},{"floor":55,"key":"Bottled Flame"}],"event_choices":[{"damage_healed":0,"gold_gain":75,"player_choice":"Gather Gold","damage_taken":11,"max_hp_gain":0,"max_hp_loss":0,"event_name":"World of Goop","floor":5,"gold_loss":0},{"damage_healed":0,"gold_gain":0,"player_choice":"Ignored","damage_taken":0,"max_hp_gain":0,"max_hp_loss":0,"event_name":"Vampires","floor":22,"gold_loss":0},{"damage_healed":0,"gold_gain":0,"player_choice":"Fight","damage_taken":0,"max_hp_gain":0,"max_hp_loss":0,"event_name":"Colosseum","floor":28,"gold_loss":0},{"damage_healed":0,"gold_gain":0,"player_choice":"Fought Nobs","damage_taken":0,"max_hp_gain":0,"max_hp_loss":0,"event_name":"Colosseum","floor":28,"gold_loss":0},{"damage_healed":0,"gold_gain":0,"player_choice":"Inject Mutagens","damage_taken":0,"relics_obtained":["MutagenicStrength"],"max_hp_gain":0,"max_hp_loss":0,"event_name":"Drug Dealer","floor":31,"gold_loss":0},{"damage_healed":0,"gold_gain":0,"player_choice":"Fight","damage_taken":0,"max_hp_gain":0,"max_hp_loss":0,"event_name":"Mysterious Sphere","floor":36,"gold_loss":0},{"damage_healed":0,"gold_gain":999,"player_choice":"Gold","damage_taken":0,"max_hp_gain":0,"max_hp_loss":0,"event_name":"MindBloom","floor":39,"gold_loss":0,"cards_obtained":["Normality","Normality"]}],"is_beta":false,"boss_relics":[{"not_picked":["Eternal Feather","FrozenCore"],"picked":"Black Star"},{"not_picked":["Empty Cage","Philosopher\u0027s Stone"],"picked":"Coffee Dripper"}],"items_purged_floors":[42],"is_endless":false,"potions_floor_spawned":[3,4,8,10,16,20,21,25,29,30,33,36,48,55],"ascension_level":20}