{"gold_per_floor":[114,132,132,152,172,205,130,130,130,165,184,184,197,209,209,314,314,326,339,339,157,174,201,201,201,201,201,211,229,229,254,254,350,350,360,360,360,360,373,398,398,415,415,433,433,108,208,228,228,228],"floor_reached":51,"playtime":6156,"items_purged":["Strike_B","Strike_B","Defend_B"],"score":845,"play_id":"20006cf6-04e9-4374-bf92-253e9607e53d","local_time":"20190920140031","is_ascension_mode":true,"campfire_choices":[{"data":"Conserve Battery","floor":8.0,"key":"SMITH"},{"data":"Ball Lightning","floor":12.0,"key":"SMITH"},{"data":"Go for the Eyes","floor":15.0,"key":"SMITH"},{"data":"Defragment","floor":25.0,"key":"SMITH"},{"data":"Coolheaded","floor":27.0,"key":"SMITH"},{"data":"Hologram","floor":32.0,"key":"SMITH"},{"data":"Seek","floor":41,"key":"SMITH"},{"data":"Glacier","floor":49,"key":"SMITH"}],"neow_cost":"NONE","seed_source_timestamp":0,"circlet_count":0,"master_deck":["Strike_B+1","Strike_B+1","Defend_B","Defend_B","Defend_B","Zap","Dualcast","Ball Lightning+1","Coolheaded+1","Go for the Eyes+1","Conserve Battery+1","Electrodynamics","Coolheaded+1","Defragment+1","Cold Snap","Beam Cell","Hologram+1","Seek+1","Capacitor+1","Force Field+1","Barrage","Madness","Madness","Chill+1","Self Repair+1","Stack+1","Glacier+1","Parasite","Reinforced Body+1"],"special_seed":0,"relics":["Cracked Core","Whetstone","Gambling Chip","Sozu","Boot","MutagenicStrength","Bottled Lightning","Pantograph","Orrery","Mummified Hand","Torii","Pocketwatch","ClockworkSouvenir","Peace Pipe"],"potions_floor_usage":[],"damage_taken":[{"damage":2.0,"enemies":"Jaw Worm","floor":1.0,"turns":4.0},{"damage":0.0,"enemies":"Cultist","floor":2.0,"turns":4.0},{"damage":0.0,"enemies":"2 Louse","floor":4.0,"turns":2.0},{"damage":5.0,"enemies":"2 Fungi Beasts","floor":5.0,"turns":3.0},{"damage":18.0,"enemies":"3 Sentries","floor":6.0,"turns":7.0},{"damage":13.0,"enemies":"Lagavulin","floor":10.0,"turns":7.0},{"damage":10.0,"enemies":"Exordium Thugs","floor":11.0,"turns":4.0},{"damage":0.0,"enemies":"3 Louse","floor":13.0,"turns":3.0},{"damage":0.0,"enemies":"Looter","floor":14.0,"turns":4.0},{"damage":8.0,"enemies":"The Guardian","floor":16.0,"turns":11.0},{"damage":2.0,"enemies":"Chosen","floor":18.0,"turns":5.0},{"damage":6.0,"enemies":"3 Byrds","floor":19.0,"turns":2.0},{"damage":0.0,"enemies":"Cultist and Chosen","floor":22.0,"turns":5.0},{"damage":0.0,"enemies":"Book of Stabbing","floor":23.0,"turns":7.0},{"damage":4.0,"enemies":"Sentry and Sphere","floor":28.0,"turns":4.0},{"damage":4.0,"enemies":"Snecko","floor":29.0,"turns":4.0},{"damage":18.0,"enemies":"Slavers","floor":31.0,"turns":5.0},{"damage":56,"enemies":"Champ","floor":33,"turns":12},{"damage":1,"enemies":"3 Shapes","floor":35,"turns":4},{"damage":0,"enemies":"Orb Walker","floor":39,"turns":3},{"damage":22,"enemies":"Nemesis","floor":40,"turns":9},{"damage":1,"enemies":"Maw","floor":42,"turns":7},{"damage":0,"enemies":"Sphere and 2 Shapes","floor":44,"turns":3},{"damage":13,"enemies":"Mind Bloom Boss Battle","floor":47,"turns":5},{"damage":1,"enemies":"Writhing Mass","floor":48,"turns":7},{"damage":11,"enemies":"Time Eater","floor":50,"turns":14}],"seed_played":"-7820198448287983231","potions_obtained":[{"floor":2.0,"key":"Swift Potion"},{"floor":3.0,"key":"SpeedPotion"},{"floor":3.0,"key":"Ancient Potion"},{"floor":10.0,"key":"GamblersBrew"},{"floor":11.0,"key":"SkillPotion"},{"floor":16.0,"key":"Regen Potion"}],"is_trial":false,"path_per_floor":["M","M","?","M","M","E","$","R","T","E","M","R","M","M","R","B",null,"M","M","?","$","M","E","?","R","T","R","M","M","?","E","R","B",null,"M","?","T","?","M","E","R","M","T","M","?","$","?","M","R","B",null],"character_chosen":"DEFECT","items_purchased":["Defragment","ClockworkSouvenir"],"campfire_rested":0,"item_purchase_floors":[21,46],"current_hp_per_floor":[80,80,80,80,75,57,57,57,57,44,34,34,34,34,34,26,82,80,74,74,74,74,74,74,74,74,74,70,66,66,60,60,26,82,81,71,71,71,71,49,49,58,58,58,58,58,79,82,82,81],"gold":228,"neow_bonus":"TEN_PERCENT_HP_BONUS","is_prod":false,"is_daily":false,"chose_seed":false,"campfire_upgraded":8,"win_rate":0,"timestamp":1569002431,"path_taken":["M","M","?","M","M","E","$","R","T","E","?","R","M","?","R","BOSS","M","M","?","$","M","E","?","R","T","R","?","M","?","E","R","BOSS","M","?","?","?","?","E","R","M","T","M","?","$","?","M","R","BOSS"],"build_version":"2019-07-17","purchased_purges":3,"victory":true,"max_hp_per_floor":[82,82,82,82,82,82,82,82,82,82,82,82,82,82,82,82,82,82,82,82,82,82,82,82,82,82,82,82,82,82,82,82,82,82,82,82,82,82,82,82,82,82,82,82,82,82,82,82,82,82],"card_choices":[{"not_picked":["Barrage","Leap","Sweeping Beam"],"picked":"SKIP","floor":1.0},{"not_picked":["Barrage","Hologram"],"picked":"Ball Lightning","floor":2.0},{"not_picked":["Heatsinks","Lockon"],"picked":"Coolheaded","floor":4.0},{"not_picked":["Steam","Sweeping Beam"],"picked":"Go for the Eyes","floor":5.0},{"not_picked":["Hello World","Reboot"],"picked":"Conserve Battery","floor":6.0},{"not_picked":["Coolheaded","Skim","Steam"],"picked":"SKIP","floor":10.0},{"not_picked":["Heatsinks","Skim","Coolheaded"],"picked":"SKIP","floor":11.0},{"not_picked":["Go for the Eyes","Streamline","Sweeping Beam"],"picked":"SKIP","floor":13.0},{"not_picked":["Leap","Conserve Battery","Force Field"],"picked":"SKIP","floor":14.0},{"not_picked":["Fission","Rainbow"],"picked":"Electrodynamics","floor":16.0},{"not_picked":["Rebound","Steam+1","Redo"],"picked":"SKIP","floor":18.0},{"not_picked":["Doom and Gloom","Compile Driver"],"picked":"Coolheaded+1","floor":19.0},{"not_picked":["Sweeping Beam","Thunder Strike","Conserve Battery"],"picked":"SKIP","floor":22.0},{"not_picked":["Aggregate","Ball Lightning"],"picked":"Cold Snap","floor":23.0},{"not_picked":["Consume","Sweeping Beam","Melter"],"picked":"SKIP","floor":28.0},{"not_picked":["Rebound","Darkness"],"picked":"Beam Cell","floor":29.0},{"not_picked":["Stack+1","Creative AI","Cold Snap"],"picked":"SKIP","floor":31.0},{"not_picked":["Reboot","Buffer"],"picked":"Seek","floor":33},{"not_picked":["Steam","Go for the Eyes+1"],"picked":"Capacitor+1","floor":34},{"not_picked":["Steam Power","Blizzard"],"picked":"Force Field+1","floor":34},{"not_picked":["Leap","Compile Driver+1"],"picked":"Barrage","floor":35},{"not_picked":["Rainbow","Gash+1"],"picked":"Chill+1","floor":39},{"not_picked":["Hologram","Electrodynamics"],"picked":"Self Repair+1","floor":40},{"not_picked":["Beam Cell","Tempest"],"picked":"Stack+1","floor":42},{"not_picked":["Go for the Eyes+1","Steam+1"],"picked":"Glacier","floor":44},{"not_picked":["Turbo+1","Gash"],"picked":"Reinforced Body+1","floor":48}],"player_experience":266933,"relics_obtained":[{"floor":6.0,"key":"Whetstone"},{"floor":10.0,"key":"Gambling Chip"},{"floor":23.0,"key":"Boot"},{"floor":26.0,"key":"Bottled Lightning"},{"floor":31.0,"key":"Pantograph"},{"floor":37,"key":"Mummified Hand"},{"floor":40,"key":"Torii"},{"floor":43,"key":"Pocketwatch"},{"floor":47,"key":"Peace Pipe"}],"event_choices":[{"damage_healed":0.0,"max_hp_gain":0.0,"max_hp_loss":0.0,"gold_gain":0.0,"event_name":"Lab","player_choice":"Got Potions","floor":3.0,"gold_loss":0.0,"damage_taken":0.0},{"damage_healed":0.0,"max_hp_gain":0.0,"max_hp_loss":0.0,"gold_gain":0.0,"event_name":"Vampires","player_choice":"Ignored","floor":20.0,"gold_loss":0.0,"damage_taken":0.0},{"damage_healed":0.0,"max_hp_gain":0.0,"max_hp_loss":0.0,"gold_gain":0.0,"event_name":"Drug Dealer","player_choice":"Inject Mutagens","floor":24.0,"gold_loss":0.0,"damage_taken":0.0,"relics_obtained":["MutagenicStrength"]},{"damage_healed":0.0,"max_hp_gain":0.0,"max_hp_loss":0.0,"gold_gain":0.0,"event_name":"The Library","player_choice":"Read","floor":30.0,"gold_loss":0.0,"damage_taken":0.0,"cards_obtained":["Hologram"]},{"damage_healed":0,"gold_gain":0,"player_choice":"Embrace Madness","damage_taken":10,"max_hp_gain":0,"max_hp_loss":0,"event_name":"Winding Halls","floor":36,"gold_loss":0,"cards_obtained":["Madness","Madness"]},{"damage_healed":0,"gold_gain":0,"player_choice":"Ignored","damage_taken":0,"max_hp_gain":0,"max_hp_loss":0,"event_name":"SecretPortal","floor":38,"gold_loss":0},{"damage_healed":0,"gold_gain":0,"player_choice":"Memory 1","damage_taken":0,"max_hp_gain":0,"max_hp_loss":0,"event_name":"SensoryStone","floor":45,"gold_loss":0},{"damage_healed":0,"gold_gain":0,"player_choice":"Fight","damage_taken":0,"max_hp_gain":0,"max_hp_loss":0,"event_name":"MindBloom","floor":47,"gold_loss":0}],"is_beta":false,"boss_relics":[{"not_picked":["Lizard Tail","Black Star"],"picked":"Sozu"},{"not_picked":["Eternal Feather","FrozenCore"],"picked":"Orrery"}],"items_purged_floors":[7,21,46],"is_endless":false,"potions_floor_spawned":[2,10,11,16,19,22,23,33,35,39,44],"ascension_level":4}