{"gold_per_floor":[111,111,111,122,134,164,183,210,210,239,239,250,278,291,291,387,387,402,402,419,379,395,420,435,468,468,568,161,341,371,385,385,490,490,501,501,516,532,546,572,572,605,643,673,685,712,753,20,20,20],"floor_reached":51,"playtime":2588,"items_purged":[],"score":1234,"play_id":"eb898fef-371d-45c6-910e-7005f53e691a","local_time":"20190915010413","daily_mods":["Shiny","Hoarder","Binary"],"is_ascension_mode":true,"campfire_choices":[{"floor":11.0,"key":"REST"},{"data":"Double Tap","floor":15.0,"key":"SMITH"},{"data":"Mayhem","floor":32,"key":"SMITH"},{"data":"Mayhem","floor":41,"key":"SMITH"},{"data":"Mayhem","floor":49,"key":"SMITH"}],"neow_cost":"","seed_source_timestamp":0,"circlet_count":0,"master_deck":["Double Tap+1","Demon Form+1","Bludgeon","Feed","Limit Break","Barricade","Fiend Fire","Dark Embrace","Berserk","Impervious","Juggernaut","Brutality","Reaper","Exhume","Offering","Immolate","Bash","Bash","Bash","Battle Trance","Battle Trance","Battle Trance","Reaper","Reaper","Reaper","Corruption","Corruption","Corruption","Pommel Strike","Pommel Strike","Pommel Strike","Clothesline","Clothesline","Clothesline","True Grit","True Grit","True Grit","Headbutt","Headbutt","Headbutt","Shrug It Off+1","Shrug It Off+1","Shrug It Off+1","Limit Break","Limit Break","Limit Break","Sword Boomerang+1","Sword Boomerang+1","Sword Boomerang+1","Mayhem+1","Mayhem+1","Mayhem+1","Headbutt","Headbutt","Headbutt","Fiend Fire","Fiend Fire","Fiend Fire","Inflame+1","Inflame+1","Inflame+1","Feed","Feed","Feed","Heavy Blade+1","Heavy Blade+1","Heavy Blade+1","Shame","Shame","Shame","Parasite","Parasite","Parasite","Infernal Blade","Infernal Blade","Infernal Blade"],"special_seed":0,"relics":["Burning Blood","Oddly Smooth Stone","Happy Flower","Charon\u0027s Ashes","Unceasing Top","Odd Mushroom","Paper Frog","Sozu","Meat on the Bone","Ancient Tea Set","Gremlin Horn","Calipers","Blue Candle","Self Forming Clay","Incense Burner","Cursed Key","FaceOfCleric","Pen Nib","MawBank","Vajra","Champion Belt","OrangePellets","Shuriken","Magic Flower"],"potions_floor_usage":[50,50],"damage_taken":[{"damage":6.0,"enemies":"Cultist","floor":1.0,"turns":2.0},{"damage":6.0,"enemies":"Small Slimes","floor":4.0,"turns":1.0},{"damage":18.0,"enemies":"2 Louse","floor":5.0,"turns":4.0},{"damage":51.0,"enemies":"3 Sentries","floor":6.0,"turns":5.0},{"damage":19.0,"enemies":"Blue Slaver","floor":7.0,"turns":3.0},{"damage":20.0,"enemies":"Gremlin Nob","floor":8.0,"turns":4.0},{"damage":18.0,"enemies":"The Mushroom Lair","floor":10.0,"turns":3.0},{"damage":13.0,"enemies":"Red Slaver","floor":12.0,"turns":2.0},{"damage":24.0,"enemies":"3 Sentries","floor":13.0,"turns":5.0},{"damage":18.0,"enemies":"Exordium Thugs","floor":14.0,"turns":3.0},{"damage":10.0,"enemies":"Slime Boss","floor":16.0,"turns":4.0},{"damage":21.0,"enemies":"Shell Parasite","floor":18.0,"turns":4.0},{"damage":10.0,"enemies":"Chosen","floor":20.0,"turns":4.0},{"damage":0.0,"enemies":"Snake Plant","floor":22.0,"turns":2.0},{"damage":52.0,"enemies":"Book of Stabbing","floor":23.0,"turns":7.0},{"damage":22.0,"enemies":"Cultist and Chosen","floor":24.0,"turns":7.0},{"damage":37.0,"enemies":"Gremlin Leader","floor":25.0,"turns":6.0},{"damage":22.0,"enemies":"Colosseum Slavers","floor":27.0,"turns":3.0},{"damage":18.0,"enemies":"Colosseum Nobs","floor":27.0,"turns":3.0},{"damage":17,"enemies":"Book of Stabbing","floor":30,"turns":4},{"damage":15,"enemies":"Snecko","floor":31,"turns":3},{"damage":18,"enemies":"Champ","floor":33,"turns":6},{"damage":6,"enemies":"Orb Walker","floor":35,"turns":2},{"damage":8,"enemies":"3 Darklings","floor":37,"turns":3},{"damage":15,"enemies":"Maw","floor":38,"turns":5},{"damage":42,"enemies":"4 Shapes","floor":39,"turns":5},{"damage":28,"enemies":"Reptomancer","floor":40,"turns":3},{"damage":52,"enemies":"Nemesis","floor":42,"turns":7},{"damage":15,"enemies":"Writhing Mass","floor":44,"turns":3},{"damage":2,"enemies":"Transient","floor":46,"turns":5},{"damage":20,"enemies":"Giant Head","floor":47,"turns":4},{"damage":67,"enemies":"Awakened One","floor":50,"turns":8}],"seed_played":"-7687119767275601344","potions_obtained":[{"floor":1.0,"key":"Weak Potion"},{"floor":6.0,"key":"Strength Potion"},{"floor":7.0,"key":"Strength Potion"},{"floor":10.0,"key":"PowerPotion"},{"floor":12.0,"key":"Explosive Potion"},{"floor":16.0,"key":"Fire Potion"}],"is_trial":true,"path_per_floor":["M","?","?","M","M","E","M","E","T","?","R","M","E","M","R","B",null,"M","?","M","?","M","E","M","E","T","?","$","?","E","M","R","B",null,"M","?","M","M","M","E","R","E","T","M","?","M","E","$","R","B",null],"character_chosen":"IRONCLAD","items_purchased":["Mayhem","Self Forming Clay","OrangePellets","Shuriken","Magic Flower"],"campfire_rested":1,"item_purchase_floors":[28,28,48,48,48],"current_hp_per_floor":[80,68,68,68,60,27,28,14,14,36,60,53,62,76,76,72,83,75,75,81,81,87,83,83,61,61,57,57,30,31,45,45,54,98,98,98,97,100,81,76,76,69,69,61,61,66,88,88,88,92],"gold":20,"neow_bonus":"","is_prod":false,"is_daily":false,"chose_seed":false,"campfire_upgraded":4,"win_rate":0,"timestamp":1568534653,"path_taken":["M","?","?","M","M","E","?","E","T","?","R","M","E","M","R","BOSS","M","?","M","?","M","E","?","E","T","?","$","?","E","M","R","BOSS","M","?","?","M","M","E","R","E","T","M","?","M","E","$","R","BOSS"],"build_version":"2019-07-17","purchased_purges":0,"victory":true,"max_hp_per_floor":[80,80,80,80,80,80,80,80,80,80,80,80,83,83,83,83,83,86,86,89,89,89,92,95,95,95,98,98,98,98,98,98,98,98,98,98,99,100,101,102,102,103,103,104,104,105,109,109,109,110],"card_choices":[{"not_picked":["Power Through","Evolve"],"picked":"SKIP","floor":1.0},{"not_picked":["Perfected Strike","Wild Strike"],"picked":"SKIP","floor":4.0},{"not_picked":["Pummel"],"picked":"Battle Trance","floor":5.0},{"not_picked":["Cleave"],"picked":"Reaper","floor":6.0},{"not_picked":["Power Through"],"picked":"Corruption","floor":7.0},{"not_picked":["Clash"],"picked":"Pommel Strike","floor":8.0},{"not_picked":["Thunderclap"],"picked":"Clothesline","floor":10.0},{"not_picked":["True Grit","Armaments"],"picked":"SKIP","floor":12.0},{"not_picked":["Armaments"],"picked":"True Grit","floor":12.0},{"not_picked":["Wild Strike","Rage"],"picked":"SKIP","floor":13.0},{"not_picked":["True Grit","Thunderclap"],"picked":"SKIP","floor":14.0},{"not_picked":["Havoc+1"],"picked":"Headbutt","floor":18.0},{"not_picked":["Pommel Strike"],"picked":"Shrug It Off+1","floor":20.0},{"not_picked":["Iron Wave","Wild Strike"],"picked":"SKIP","floor":22.0},{"not_picked":["True Grit+1"],"picked":"Limit Break","floor":23.0},{"not_picked":["Sword Boomerang","Clash+1"],"picked":"SKIP","floor":24.0},{"not_picked":["Pommel Strike","Bludgeon"],"picked":"SKIP","floor":25.0},{"not_picked":["Perfected Strike"],"picked":"Sword Boomerang+1","floor":27.0},{"not_picked":["Warcry","Clash+1"],"picked":"SKIP","floor":30},{"not_picked":["Twin Strike+1"],"picked":"Headbutt","floor":31},{"not_picked":["Dark Embrace"],"picked":"Fiend Fire","floor":33},{"not_picked":["Headbutt+1"],"picked":"Inflame+1","floor":35},{"not_picked":["Blood for Blood","Pommel Strike"],"picked":"SKIP","floor":37},{"not_picked":["Searing Blow+1","Combust+1"],"picked":"SKIP","floor":38},{"not_picked":["Sever Soul","Anger+1"],"picked":"SKIP","floor":39},{"not_picked":["Clothesline"],"picked":"Feed","floor":40},{"not_picked":["Rampage"],"picked":"Heavy Blade+1","floor":42},{"not_picked":["Body Slam","Entrench+1"],"picked":"SKIP","floor":44},{"not_picked":["Clash","Dual Wield"],"picked":"SKIP","floor":46},{"not_picked":["Hemokinesis"],"picked":"Infernal Blade","floor":47}],"player_experience":1135653,"relics_obtained":[{"floor":6.0,"key":"Happy Flower"},{"floor":8.0,"key":"Charon\u0027s Ashes"},{"floor":9.0,"key":"Unceasing Top"},{"floor":10.0,"key":"Odd Mushroom"},{"floor":13.0,"key":"Paper Frog"},{"floor":23.0,"key":"Meat on the Bone"},{"floor":25.0,"key":"Ancient Tea Set"},{"floor":26.0,"key":"Gremlin Horn"},{"floor":27.0,"key":"Calipers"},{"floor":27.0,"key":"Blue Candle"},{"floor":30,"key":"Incense Burner"},{"floor":40,"key":"Pen Nib"},{"floor":42,"key":"MawBank"},{"floor":43,"key":"Vajra"},{"floor":47,"key":"Champion Belt"}],"event_choices":[{"damage_healed":0.0,"max_hp_gain":0.0,"max_hp_loss":0.0,"gold_gain":0.0,"event_name":"Scrap Ooze","player_choice":"Success","floor":2.0,"gold_loss":0.0,"damage_taken":12.0,"relics_obtained":["Oddly Smooth Stone"]},{"damage_healed":0.0,"max_hp_gain":0.0,"max_hp_loss":0.0,"gold_gain":0.0,"event_name":"Match and Keep!","player_choice":"1 cards matched","floor":3.0,"gold_loss":0.0,"damage_taken":0.0,"cards_obtained":["Bash"]},{"damage_healed":0.0,"max_hp_gain":0.0,"max_hp_loss":0.0,"gold_gain":0.0,"event_name":"Mushrooms","player_choice":"Fought Mushrooms","floor":10.0,"gold_loss":0.0,"damage_taken":0.0},{"damage_healed":0.0,"max_hp_gain":0.0,"max_hp_loss":0.0,"gold_gain":0.0,"event_name":"Beggar","player_choice":"Ignored","floor":19.0,"gold_loss":0.0,"damage_taken":0.0},{"damage_healed":0.0,"max_hp_gain":0.0,"max_hp_loss":0.0,"gold_gain":0.0,"event_name":"Designer","player_choice":"Upgrade","floor":21.0,"gold_loss":40.0,"damage_taken":0.0,"cards_upgraded":["Demon Form"]},{"damage_healed":0.0,"max_hp_gain":0.0,"max_hp_loss":0.0,"gold_gain":0.0,"event_name":"Colosseum","player_choice":"Fight","floor":27.0,"gold_loss":0.0,"damage_taken":0.0},{"damage_healed":0.0,"max_hp_gain":0.0,"max_hp_loss":0.0,"gold_gain":0.0,"event_name":"Colosseum","player_choice":"Fought Nobs","floor":27.0,"gold_loss":0.0,"damage_taken":0.0},{"damage_healed":0.0,"max_hp_gain":0.0,"max_hp_loss":0.0,"gold_gain":180.0,"event_name":"Knowing Skull","player_choice":"GOLD GOLD ","floor":29.0,"potions_obtained":[],"gold_loss":0.0,"damage_taken":27.0,"cards_obtained":[]},{"damage_healed":0,"gold_gain":0,"player_choice":"Trade","damage_taken":0,"relics_obtained":["FaceOfCleric"],"max_hp_gain":0,"max_hp_loss":0,"event_name":"FaceTrader","floor":36,"gold_loss":0},{"damage_healed":0,"gold_gain":0,"player_choice":"Ignored","damage_taken":0,"max_hp_gain":0,"max_hp_loss":0,"event_name":"NoteForYourself","floor":45,"gold_loss":0}],"is_beta":false,"boss_relics":[{"not_picked":["Coffee Dripper","Eternal Feather"],"picked":"Sozu"},{"not_picked":["White Beast Statue","Fusion Hammer"],"picked":"Cursed Key"}],"items_purged_floors":[],"is_endless":false,"potions_floor_spawned":[1,6,7,10,12,16,18,22,25,27,27,30,31,38,42,44],"ascension_level":1}