{"gold_per_floor":[367,367,248,259,275,310,310,339,362,362],"floor_reached":10,"playtime":581,"items_purged":["Strike_R"],"score":137,"play_id":"36fda7a2-3373-423b-b955-af88c908dcd3","local_time":"20190920230245","is_ascension_mode":true,"campfire_choices":[{"data":"Uppercut","floor":7,"key":"SMITH"}],"neow_cost":"PERCENT_DAMAGE","seed_source_timestamp":446855836687900,"circlet_count":0,"master_deck":["AscendersBane","Strike_R","Strike_R","Strike_R","Strike_R","Defend_R","Defend_R","Defend_R","Defend_R","Uppercut+1","Battle Trance","Ghostly Armor","Sword Boomerang"],"relics":["Burning Blood","Centennial Puzzle","PreservedInsect","Potion Belt"],"potions_floor_usage":[8],"damage_taken":[{"damage":4,"enemies":"Jaw Worm","floor":1,"turns":6},{"damage":2,"enemies":"Cultist","floor":4,"turns":5},{"damage":8,"enemies":"Small Slimes","floor":5,"turns":3},{"damage":25,"enemies":"3 Sentries","floor":6,"turns":13},{"damage":31,"enemies":"Gremlin Nob","floor":8,"turns":5},{"damage":15,"enemies":"3 Sentries","floor":10,"turns":3}],"seed_played":"840648633490138289","potions_obtained":[{"floor":1,"key":"PowerPotion"}],"is_trial":false,"path_per_floor":["M","?","$","M","M","E","R","E","T","E"],"character_chosen":"IRONCLAD","items_purchased":["Battle Trance"],"campfire_rested":0,"item_purchase_floors":[3],"current_hp_per_floor":[52,52,52,56,54,35,35,10,10,0],"gold":362,"neow_bonus":"TWO_FIFTY_GOLD","is_prod":false,"is_daily":false,"chose_seed":false,"campfire_upgraded":1,"win_rate":0,"timestamp":1568991765,"path_taken":["M","?","$","M","M","E","R","E","T","E"],"build_version":"2019-07-17","purchased_purges":1,"victory":false,"max_hp_per_floor":[75,75,75,75,75,75,75,75,75,75],"card_choices":[{"not_picked":["Havoc","Headbutt"],"picked":"Uppercut","floor":1},{"not_picked":["Twin Strike","Armaments","True Grit"],"picked":"SKIP","floor":4},{"not_picked":["Intimidate","Cleave"],"picked":"Ghostly Armor","floor":5},{"not_picked":["Havoc","Armaments"],"picked":"Sword Boomerang","floor":6},{"not_picked":["Fire Breathing","Evolve","Searing Blow"],"picked":"SKIP","floor":8}],"player_experience":653360,"relics_obtained":[{"floor":6,"key":"Centennial Puzzle"},{"floor":8,"key":"PreservedInsect"},{"floor":9,"key":"Potion Belt"}],"event_choices":[{"cards_removed":["Bash"],"damage_healed":0,"gold_gain":0,"player_choice":"Purged","damage_taken":0,"max_hp_gain":0,"max_hp_loss":0,"event_name":"Purifier","floor":2,"gold_loss":0}],"is_beta":false,"boss_relics":[],"items_purged_floors":[3],"is_endless":false,"potions_floor_spawned":[1],"killed_by":"3 Sentries","ascension_level":16}