{"gold_per_floor":[109,75,75,75,1,1,14,43,43,43,62,62,92,109,109,109],"floor_reached":16,"playtime":741,"items_purged":[],"score":189,"play_id":"c53120b3-40bd-4f4a-bc32-da1dc97c42c0","local_time":"20190920063015","is_ascension_mode":true,"campfire_choices":[{"data":"Body Slam","floor":6,"key":"SMITH"},{"data":"Shrug It Off","floor":10,"key":"SMITH"},{"data":"Defend_R","floor":12,"key":"SMITH"},{"data":"True Grit","floor":15,"key":"SMITH"}],"neow_cost":"NONE","seed_source_timestamp":387129599145800,"circlet_count":0,"master_deck":["AscendersBane","Strike_R","Strike_R","Strike_R","Strike_R","Strike_R","Defend_R","Defend_R","Defend_R","Defend_R+1","Bash","Body Slam+1","Shockwave+1","Metallicize","Shrug It Off+1","True Grit+1"],"special_seed":0,"relics":["Burning Blood","Happy Flower","Pear","Bottled Flame"],"potions_floor_usage":[16],"damage_taken":[{"damage":1.0,"enemies":"Cultist","floor":1.0,"turns":4.0},{"damage":8,"enemies":"Small Slimes","floor":7,"turns":4},{"damage":30,"enemies":"3 Sentries","floor":8,"turns":10},{"damage":7,"enemies":"2 Louse","floor":11,"turns":3},{"damage":34,"enemies":"Gremlin Nob","floor":13,"turns":6},{"damage":0,"enemies":"Red Slaver","floor":14,"turns":4},{"damage":44,"enemies":"Hexaghost","floor":16,"turns":16}],"seed_played":"6592911588998069164","potions_obtained":[{"floor":13,"key":"GamblersBrew"}],"is_trial":false,"path_per_floor":["M","$","?","?","$","R","M","E","T","R","M","R","E","M","R","B"],"character_chosen":"IRONCLAD","items_purchased":["Shockwave","Metallicize"],"campfire_rested":0,"item_purchase_floors":[2,5],"current_hp_per_floor":[80,80,80,80,80,80,78,54,64,64,63,63,35,41,41,0],"gold":109,"neow_bonus":"TEN_PERCENT_HP_BONUS","is_prod":false,"is_daily":false,"chose_seed":false,"campfire_upgraded":4,"win_rate":0,"timestamp":1568932215,"path_taken":["M","?","?","?","$","R","M","E","T","R","?","R","E","M","R","BOSS"],"build_version":"2019-07-17","purchased_purges":0,"victory":false,"max_hp_per_floor":[82,82,82,82,82,82,82,82,92,92,92,92,92,92,92,92],"card_choices":[{"not_picked":["Warcry","Pommel Strike"],"picked":"Body Slam","floor":1.0},{"not_picked":["Dropkick","Corruption","Thunderclap"],"picked":"SKIP","floor":7},{"not_picked":["Warcry","Flex"],"picked":"Shrug It Off","floor":8},{"not_picked":["Sentinel","Blood for Blood","Twin Strike"],"picked":"SKIP","floor":11},{"not_picked":["Reaper","Sever Soul"],"picked":"True Grit","floor":13},{"not_picked":["Clash","Fire Breathing","Pommel Strike"],"picked":"SKIP","floor":14}],"player_experience":646201,"relics_obtained":[{"floor":8,"key":"Happy Flower"},{"floor":9,"key":"Pear"},{"floor":13,"key":"Bottled Flame"}],"event_choices":[{"damage_healed":0,"gold_gain":0,"player_choice":"Leave","damage_taken":0,"max_hp_gain":0,"max_hp_loss":0,"event_name":"The Cleric","floor":3,"gold_loss":0},{"damage_healed":0,"gold_gain":0,"player_choice":"Upgraded","damage_taken":0,"max_hp_gain":0,"max_hp_loss":0,"event_name":"Upgrade Shrine","floor":4,"gold_loss":0,"cards_upgraded":["Shockwave"]}],"is_beta":false,"boss_relics":[],"items_purged_floors":[],"is_endless":false,"potions_floor_spawned":[13],"killed_by":"Hexaghost","ascension_level":15}