{"gold_per_floor":[215,30,105,120,134,134,161,161,161,86,117,117,144,144],"floor_reached":14,"playtime":474,"items_purged":[],"score":229,"play_id":"d616335a-9502-4c67-96f0-96b2bf47e248","local_time":"20190919163931","is_ascension_mode":true,"campfire_choices":[{"data":"Apotheosis","floor":6,"key":"SMITH"},{"floor":8,"key":"RECALL"},{"data":"Offering","floor":12,"key":"SMITH"}],"neow_cost":"NONE","seed_source_timestamp":337567863622100,"circlet_count":0,"master_deck":["AscendersBane","Strike_R","Strike_R","Strike_R","Strike_R","Strike_R","Defend_R","Defend_R","Defend_R","Defend_R","Uppercut","Apotheosis+1","Offering","Offering+1","Shrug It Off"],"relics":["Burning Blood","Smiling Mask","Blue Candle","Sundial"],"potions_floor_usage":[],"damage_taken":[{"damage":5,"enemies":"2 Louse","floor":1,"turns":4},{"damage":4,"enemies":"Jaw Worm","floor":4,"turns":4},{"damage":4,"enemies":"Small Slimes","floor":5,"turns":4},{"damage":22,"enemies":"Gremlin Nob","floor":7,"turns":4},{"damage":26,"enemies":"3 Sentries","floor":11,"turns":9},{"damage":12,"enemies":"Lagavulin","floor":13,"turns":4}],"seed_played":"-5755604382458744856","potions_obtained":[{"floor":4,"key":"PowerPotion"},{"floor":5,"key":"Ancient Potion"},{"floor":7,"key":"Strength Potion"}],"is_trial":false,"path_per_floor":["M","$","?","M","M","R","E","R","T","?","E","R","E","?"],"character_chosen":"IRONCLAD","items_purchased":["Apotheosis"],"campfire_rested":0,"item_purchase_floors":[2],"current_hp_per_floor":[69,69,58,60,62,62,46,46,46,46,26,26,20,0],"gold":144,"neow_bonus":"HUNDRED_GOLD","is_prod":false,"is_daily":false,"chose_seed":false,"campfire_upgraded":2,"win_rate":0,"timestamp":1568882371,"path_taken":["M","$","?","M","M","R","E","R","T","?","E","R","E","?"],"build_version":"2019-07-17","purchased_purges":0,"victory":false,"max_hp_per_floor":[75,75,75,75,75,75,75,75,75,75,75,75,75,75],"card_choices":[{"not_picked":["Sword Boomerang","Second Wind"],"picked":"Uppercut","floor":1},{"not_picked":["Spot Weakness","Anger","Feel No Pain"],"picked":"SKIP","floor":4},{"not_picked":["Sever Soul","Armaments","Wild Strike"],"picked":"SKIP","floor":5},{"not_picked":["Ghostly Armor","Bludgeon"],"picked":"Offering","floor":7},{"not_picked":["Wild Strike","Sword Boomerang"],"picked":"Offering","floor":11},{"not_picked":["Headbutt","Pommel Strike"],"picked":"Shrug It Off","floor":13}],"player_experience":638208,"relics_obtained":[{"floor":7,"key":"Smiling Mask"},{"floor":11,"key":"Blue Candle"},{"floor":13,"key":"Sundial"}],"event_choices":[{"damage_healed":0,"gold_gain":75,"player_choice":"Gather Gold","damage_taken":11,"max_hp_gain":0,"max_hp_loss":0,"event_name":"World of Goop","floor":3,"gold_loss":0},{"cards_removed":["Bash"],"damage_healed":0,"gold_gain":0,"player_choice":"Card Removal","damage_taken":0,"max_hp_gain":0,"max_hp_loss":0,"event_name":"The Cleric","floor":10,"gold_loss":75}],"is_beta":false,"boss_relics":[],"items_purged_floors":[],"is_endless":false,"potions_floor_spawned":[4,5,7],"ascension_level":15}