{"gold_per_floor":[117,117,117,117,134,134,149,180,207,207,237,237,256,320,320,392,392,406,406],"floor_reached":19,"playtime":1491,"items_purged":[],"score":342,"play_id":"7e584348-8cfc-43fc-8563-bd9cd95c57ce","local_time":"20190920021900","is_ascension_mode":true,"campfire_choices":[{"data":"Zap","floor":6,"key":"SMITH"},{"data":"Coolheaded","floor":10,"key":"SMITH"},{"data":"Coolheaded","floor":12,"key":"SMITH"},{"data":"Leap","floor":15,"key":"SMITH"}],"neow_cost":"NONE","seed_source_timestamp":371319874039900,"circlet_count":0,"master_deck":["AscendersBane","Strike_B","Strike_B","Strike_B","Strike_B","Defend_B","Defend_B","Defend_B+1","Defend_B","Zap+1","Dualcast+1","Leap+1","Coolheaded+1","Coolheaded+1","Self Repair+1","Heatsinks+1","Seek","Melter"],"relics":["Cracked Core","Regal Pillow","Frozen Egg 2","Centennial Puzzle","Blood Vial","Tiny Chest","Inserter"],"potions_floor_usage":[8,14,14,16,17,19],"damage_taken":[{"damage":4,"enemies":"Jaw Worm","floor":1,"turns":5},{"damage":4,"enemies":"Small Slimes","floor":5,"turns":2},{"damage":0,"enemies":"Cultist","floor":7,"turns":4},{"damage":6,"enemies":"Gremlin Nob","floor":8,"turns":5},{"damage":14,"enemies":"3 Sentries","floor":11,"turns":9},{"damage":2,"enemies":"Looter","floor":13,"turns":4},{"damage":6,"enemies":"Lagavulin","floor":14,"turns":10},{"damage":20,"enemies":"The Guardian","floor":16,"turns":19},{"damage":39,"enemies":"Chosen","floor":18,"turns":8},{"damage":54,"enemies":"Masked Bandits","floor":19,"turns":3}],"seed_played":"-5708741550135951743","potions_obtained":[{"floor":5,"key":"GamblersBrew"},{"floor":7,"key":"Weak Potion"},{"floor":8,"key":"Poison Potion"},{"floor":14,"key":"Fruit Juice"},{"floor":16,"key":"Fruit Juice"},{"floor":18,"key":"LiquidBronze"}],"is_trial":false,"path_per_floor":["M","?","?","T","M","R","M","E","T","R","E","R","M","E","R","B",null,"M","?"],"character_chosen":"DEFECT","items_purchased":[],"campfire_rested":0,"item_purchase_floors":[],"current_hp_per_floor":[67,56,33,33,29,29,29,23,23,23,9,9,19,30,30,22,73,46,0],"gold":406,"neow_bonus":"TEN_PERCENT_HP_BONUS","is_prod":false,"is_daily":false,"chose_seed":false,"campfire_upgraded":4,"win_rate":0,"timestamp":1568917140,"path_taken":["M","?","?","?","M","R","M","E","T","R","E","R","M","E","R","BOSS","M","?"],"build_version":"2019-07-17","purchased_purges":0,"victory":false,"max_hp_per_floor":[78,78,78,78,78,78,78,78,78,78,78,78,78,83,83,83,88,88,88],"card_choices":[{"not_picked":["Ball Lightning","Skim"],"picked":"Leap","floor":1},{"not_picked":["Auto Shields","Steam"],"picked":"Coolheaded","floor":5},{"not_picked":["Leap","Fusion","Rebound"],"picked":"SKIP","floor":7},{"not_picked":["Reprogram","Ball Lightning"],"picked":"Coolheaded","floor":8},{"not_picked":["Heatsinks+1","Gash"],"picked":"Self Repair+1","floor":11},{"not_picked":["Genetic Algorithm","Stack"],"picked":"Heatsinks+1","floor":13},{"not_picked":["Beam Cell","Rebound","Skim"],"picked":"SKIP","floor":14},{"not_picked":["Fission","Multi-Cast"],"picked":"Seek","floor":16},{"not_picked":["Steam+1","Tempest"],"picked":"Melter","floor":18}],"player_experience":640305,"relics_obtained":[{"floor":4,"key":"Frozen Egg 2"},{"floor":8,"key":"Centennial Puzzle"},{"floor":11,"key":"Blood Vial"},{"floor":14,"key":"Tiny Chest"}],"event_choices":[{"damage_healed":0,"gold_gain":0,"player_choice":"Success","damage_taken":11,"relics_obtained":["Regal Pillow"],"max_hp_gain":0,"max_hp_loss":0,"event_name":"Scrap Ooze","floor":2,"gold_loss":0},{"damage_healed":0,"gold_gain":0,"player_choice":"Entered Light","damage_taken":23,"max_hp_gain":0,"max_hp_loss":0,"event_name":"Shining Light","floor":3,"gold_loss":0,"cards_upgraded":["Defend_B","Dualcast"]},{"damage_healed":0,"gold_gain":0,"player_choice":"Fought Bandits","damage_taken":0,"max_hp_gain":0,"max_hp_loss":0,"event_name":"Masked Bandits","floor":19,"gold_loss":0}],"is_beta":false,"boss_relics":[{"not_picked":["Nuclear Battery","Pandora\u0027s Box"],"picked":"Inserter"}],"items_purged_floors":[],"is_endless":false,"potions_floor_spawned":[5,7,8,14,16,18],"killed_by":"Masked Bandits","ascension_level":17}