{"gold_per_floor":[213,213,230,155,25,55,55,83,135,135,154,154,161,187,187,268,268,294,307,329,351,358,358,358],"floor_reached":24,"playtime":1485,"items_purged":["Strike_R"],"score":412,"play_id":"ef75f95d-421e-41af-b83f-a7e7067a1bed","local_time":"20190922070623","is_ascension_mode":true,"campfire_choices":[{"floor":7.0,"key":"REST"},{"floor":10.0,"key":"REST"},{"data":"Bash","floor":12.0,"key":"SMITH"},{"data":"Inflame","floor":15.0,"key":"SMITH"},{"floor":23.0,"key":"REST"}],"neow_cost":"NONE","seed_source_timestamp":487877044401500,"circlet_count":0,"master_deck":["AscendersBane","Strike_R","Strike_R","Defend_R","Defend_R","Defend_R","Defend_R","Bash+1","Clothesline+1","Cleave","Impervious","Twin Strike","Reckless Charge","Inflame+1","Reaper","Headbutt","Spot Weakness","Carnage","Decay"],"special_seed":0,"relics":["Burning Blood","PreservedInsect","Kunai","CeramicFish","Philosopher\u0027s Stone"],"potions_floor_usage":[],"damage_taken":[{"damage":19.0,"enemies":"Jaw Worm","floor":1.0,"turns":5.0},{"damage":4.0,"enemies":"Small Slimes","floor":3.0,"turns":3.0},{"damage":49.0,"enemies":"Lagavulin","floor":6.0,"turns":9.0},{"damage":26.0,"enemies":"Gremlin Nob","floor":8.0,"turns":4.0},{"damage":4.0,"enemies":"Cultist","floor":11.0,"turns":3.0},{"damage":14.0,"enemies":"Looter","floor":14.0,"turns":3.0},{"damage":28.0,"enemies":"Slime Boss","floor":16.0,"turns":9.0},{"damage":35.0,"enemies":"3 Byrds","floor":18.0,"turns":5.0},{"damage":12.0,"enemies":"Chosen","floor":19.0,"turns":5.0},{"damage":28.0,"enemies":"Shelled Parasite and Fungi","floor":20.0,"turns":4.0},{"damage":21.0,"enemies":"Snecko","floor":21.0,"turns":6.0},{"damage":45,"enemies":"Book of Stabbing","floor":24,"turns":4}],"seed_played":"-8908100882183969565","potions_obtained":[{"floor":6.0,"key":"Explosive Potion"},{"floor":8.0,"key":"Dexterity Potion"},{"floor":11.0,"key":"PowerPotion"},{"floor":16.0,"key":"Energy Potion"},{"floor":19.0,"key":"Ancient Potion"}],"is_trial":false,"path_per_floor":["M","?","M","?","$","E","R","E","T","R","M","R","?","M","R","B",null,"M","M","M","M","?","R","E"],"character_chosen":"IRONCLAD","items_purchased":["Fire Potion"],"campfire_rested":3,"item_purchase_floors":[5],"current_hp_per_floor":[55,55,57,57,57,14,36,16,16,38,40,40,40,32,32,10,59,43,43,21,21,21,43,0],"gold":358,"neow_bonus":"HUNDRED_GOLD","is_prod":false,"is_daily":false,"chose_seed":false,"campfire_upgraded":2,"win_rate":0,"timestamp":1569161183,"path_taken":["M","?","M","?","$","E","R","E","T","R","M","R","?","M","R","BOSS","M","?","M","M","?","R","E"],"build_version":"2019-09-20","purchased_purges":1,"victory":false,"max_hp_per_floor":[75,75,75,75,75,75,75,75,75,75,75,75,75,75,75,75,75,75,75,75,75,75,75,75],"card_choices":[{"not_picked":["Havoc","Heavy Blade"],"picked":"Clothesline","floor":1.0},{"not_picked":["Perfected Strike","Wild Strike"],"picked":"Cleave","floor":3.0},{"not_picked":["Dual Wield","Cleave","Body Slam"],"picked":"SKIP","floor":6.0},{"not_picked":["Carnage","Shockwave"],"picked":"Impervious","floor":8.0},{"not_picked":["Pummel","Hemokinesis"],"picked":"Twin Strike","floor":11.0},{"not_picked":["Havoc","Hemokinesis"],"picked":"Inflame","floor":14.0},{"not_picked":["Immolate","Barricade"],"picked":"Reaper","floor":16.0},{"not_picked":["Rupture","Perfected Strike"],"picked":"Headbutt","floor":18.0},{"not_picked":["Dual Wield","Thunderclap","Bloodletting"],"picked":"SKIP","floor":19.0},{"not_picked":["Infernal Blade+1","Body Slam+1"],"picked":"Spot Weakness","floor":20.0},{"not_picked":["Sword Boomerang","Havoc+1"],"picked":"Carnage","floor":21.0}],"player_experience":1455589,"relics_obtained":[{"floor":6.0,"key":"PreservedInsect"},{"floor":8.0,"key":"Kunai"},{"floor":9.0,"key":"CeramicFish"}],"event_choices":[{"damage_healed":0.0,"max_hp_gain":0.0,"max_hp_loss":0.0,"gold_gain":0.0,"event_name":"Living Wall","player_choice":"Grow","floor":2.0,"gold_loss":0.0,"damage_taken":0.0,"cards_upgraded":["Clothesline"]},{"cards_removed":["Strike_R"],"damage_healed":0.0,"max_hp_gain":0.0,"max_hp_loss":0.0,"gold_gain":0.0,"event_name":"The Cleric","player_choice":"Card Removal","floor":4.0,"gold_loss":75.0,"damage_taken":0.0},{"damage_healed":0.0,"max_hp_gain":0.0,"max_hp_loss":0.0,"gold_gain":0.0,"cards_transformed":["Strike_R"],"event_name":"Transmorgrifier","player_choice":"Transformed","floor":13.0,"gold_loss":0.0,"damage_taken":0.0,"cards_obtained":["Reckless Charge"]},{"damage_healed":0.0,"max_hp_gain":0.0,"max_hp_loss":0.0,"gold_gain":0.0,"event_name":"Forgotten Altar","player_choice":"Smashed Altar","floor":22.0,"gold_loss":0.0,"damage_taken":0.0,"cards_obtained":["Decay"]}],"is_beta":true,"boss_relics":[{"not_picked":["SlaversCollar","Black Blood"],"picked":"Philosopher\u0027s Stone"}],"items_purged_floors":[5],"is_endless":false,"potions_floor_spawned":[6,8,11,16,19],"killed_by":"Book of Stabbing","ascension_level":20}