{"gold_per_floor":[116,41,54,154,169,199,199,230,230,241,10,10,10,22,22,125,125,137,156,156,56,66,93,93,109,109,109,123,155,30,58,58,154,204,224,224,242,259,272,272,299,209,232,63,74,374,385,415,415,415,415,415,33,68,68],"floor_reached":56,"playtime":2774,"items_purged":["Shame","Strike_R","Strike_R","Defend_R"],"score":1302,"play_id":"631a51f6-1d9b-4967-b7ab-cf1a35a3f3a8","local_time":"20190407010340","is_ascension_mode":false,"campfire_choices":[{"data":"Demon Form","floor":7,"key":"SMITH"},{"floor":13,"key":"REST"},{"floor":15,"key":"DIG"},{"data":"Heavy Blade","floor":24,"key":"SMITH"},{"data":"Flame Barrier","floor":32,"key":"SMITH"},{"floor":40,"key":"RECALL"},{"floor":46,"key":"DIG"},{"floor":49,"key":"DIG"},{"floor":52,"key":"DIG"}],"neow_cost":"CURSE","seed_source_timestamp":162333326972111,"circlet_count":0,"master_deck":["Strike_R","Defend_R","Defend_R","Defend_R","Bash","Demon Form+1","Heavy Blade+1","Headbutt","Flame Barrier+1","Impervious","Reaper+1","Clothesline+1","Searing Blow+1","Demon Form","Shrug It Off+1","Clothesline+1","Apotheosis+1","Heavy Blade+1","Shockwave+1","Armaments+1","True Grit+1"],"relics":["Burning Blood","Pantograph","Incense Burner","Shovel","Pocketwatch","Snecko Eye","Potion Belt","Vajra","Bottled Flame","Toxic Egg 2","Tiny House","Ornamental Fan","Pen Nib","Old Coin","Thread and Needle","Centennial Puzzle","Mercury Hourglass","ClockworkSouvenir","Bottled Lightning"],"potions_floor_usage":[8,31,55,55,55,55],"damage_taken":[{"damage":16,"enemies":"Jaw Worm","floor":1,"turns":4},{"damage":5,"enemies":"Cultist","floor":3,"turns":4},{"damage":2,"enemies":"Small Slimes","floor":5,"turns":4},{"damage":44,"enemies":"3 Sentries","floor":6,"turns":7},{"damage":29,"enemies":"Gremlin Nob","floor":8,"turns":5},{"damage":11,"enemies":"Exordium Thugs","floor":10,"turns":3},{"damage":1,"enemies":"Red Slaver","floor":14,"turns":4},{"damage":4,"enemies":"The Guardian","floor":16,"turns":10},{"damage":0,"enemies":"Chosen","floor":18,"turns":3},{"damage":0,"enemies":"Spheric Guardian","floor":19,"turns":3},{"damage":1,"enemies":"3 Cultists","floor":22,"turns":5},{"damage":4,"enemies":"Gremlin Leader","floor":23,"turns":5},{"damage":1,"enemies":"Cultist and Chosen","floor":25,"turns":4},{"damage":0,"enemies":"Centurion and Healer","floor":28,"turns":4},{"damage":13,"enemies":"Slavers","floor":29,"turns":5},{"damage":16,"enemies":"Book of Stabbing","floor":31,"turns":6},{"damage":23,"enemies":"Automaton","floor":33,"turns":6},{"damage":0,"enemies":"Orb Walker","floor":35,"turns":3},{"damage":6,"enemies":"3 Shapes","floor":37,"turns":5},{"damage":39,"enemies":"Writhing Mass","floor":38,"turns":9},{"damage":8,"enemies":"Jaw Worm Horde","floor":39,"turns":4},{"damage":16,"enemies":"Nemesis","floor":41,"turns":7},{"damage":10,"enemies":"Sphere and 2 Shapes","floor":45,"turns":7},{"damage":0,"enemies":"4 Shapes","floor":47,"turns":4},{"damage":17,"enemies":"Reptomancer","floor":48,"turns":4},{"damage":44,"enemies":"Awakened One","floor":50,"turns":11},{"damage":0,"enemies":"Shield and Spear","floor":54,"turns":4},{"damage":60,"enemies":"The Heart","floor":55,"turns":10}],"seed_played":"6841177614783708837","potions_obtained":[{"floor":3,"key":"Swift Potion"},{"floor":10,"key":"LiquidBronze"},{"floor":23,"key":"BloodPotion"},{"floor":25,"key":"SteroidPotion"},{"floor":29,"key":"BloodPotion"},{"floor":31,"key":"Block Potion"},{"floor":33,"key":"Regen Potion"},{"floor":37,"key":"SkillPotion"},{"floor":41,"key":"Energy Potion"}],"is_trial":false,"path_per_floor":["M","$","M","?","M","E","R","E","T","M","$","?","R","M","R","B",null,"M","M","?","$","M","E","R","M","T","?","M","E","$","E","R","B",null,"M","?","M","M","M","R","E","?","T","$","M","R","M","E","R","B",null,"R","$","E","B",null],"character_chosen":"IRONCLAD","items_purchased":["Flame Barrier","Impervious","Armaments+1","Pen Nib","True Grit+1","ClockworkSouvenir"],"campfire_rested":1,"item_purchase_floors":[11,11,44,44,53,53],"current_hp_per_floor":[70,70,71,71,75,37,37,14,14,9,9,9,33,38,38,65,80,80,80,80,80,80,80,80,80,80,80,80,80,80,80,80,63,85,85,85,85,85,85,85,75,75,75,75,84,84,85,85,85,47,85,85,85,85,39],"gold":68,"neow_bonus":"THREE_RARE_CARDS","is_prod":false,"is_daily":false,"chose_seed":false,"campfire_upgraded":3,"win_rate":0,"timestamp":1554624220,"path_taken":["M","$","M","?","?","E","R","E","T","M","$","?","R","M","R","BOSS","M","M","?","$","M","E","R","?","T","?","?","E","?","E","R","BOSS","M","?","M","M","M","R","E","?","T","$","M","R","?","E","R","BOSS","R","$","E","BOSS"],"build_version":"2019-01-23","purchased_purges":4,"victory":true,"max_hp_per_floor":[80,80,80,80,80,80,80,80,80,80,80,80,80,80,80,80,80,80,80,80,80,80,80,80,80,80,80,80,80,80,80,80,80,85,85,85,85,85,85,85,85,85,85,85,85,85,85,85,85,85,85,85,85,85,85],"card_choices":[{"not_picked":["Brutality","Berserk"],"picked":"Demon Form","floor":0},{"not_picked":["Seeing Red","Iron Wave","Wild Strike"],"picked":"SKIP","floor":1},{"not_picked":["Cleave","Sever Soul"],"picked":"Heavy Blade","floor":3},{"not_picked":["Havoc","Perfected Strike","Warcry"],"picked":"SKIP","floor":5},{"not_picked":["Infernal Blade","Carnage"],"picked":"Headbutt","floor":6},{"not_picked":["Havoc","Body Slam","Intimidate"],"picked":"SKIP","floor":8},{"not_picked":["Entrench","Sentinel","Warcry"],"picked":"SKIP","floor":10},{"not_picked":["Brutality","Heavy Blade","Clothesline"],"picked":"SKIP","floor":14},{"not_picked":["Double Tap","Fiend Fire"],"picked":"Reaper","floor":16},{"not_picked":["Clash+1","Battle Trance"],"picked":"Clothesline","floor":18},{"not_picked":["Intimidate","Perfected Strike+1","Cleave"],"picked":"SKIP","floor":19},{"not_picked":["Twin Strike","Rage","Havoc"],"picked":"SKIP","floor":22},{"not_picked":["Offering","Warcry+1"],"picked":"Searing Blow+1","floor":23},{"not_picked":["Havoc","Rampage","Pummel"],"picked":"SKIP","floor":25},{"not_picked":["Wild Strike","Warcry","Anger"],"picked":"SKIP","floor":28},{"not_picked":["Anger","Hemokinesis"],"picked":"Demon Form","floor":29},{"not_picked":["Flex","Wild Strike","Iron Wave"],"picked":"SKIP","floor":31},{"not_picked":["True Grit+1","Twin Strike+1"],"picked":"Shrug It Off+1","floor":34},{"not_picked":["Rupture","Iron Wave"],"picked":"Clothesline+1","floor":35},{"not_picked":["Forethought+1","Panacea+1"],"picked":"Apotheosis+1","floor":36},{"not_picked":["Sword Boomerang","Headbutt+1"],"picked":"Heavy Blade","floor":37},{"not_picked":["Cleave+1","Hemokinesis","Shrug It Off+1"],"picked":"SKIP","floor":38},{"not_picked":["Warcry+1","Infernal Blade+1","Flex+1"],"picked":"SKIP","floor":39},{"not_picked":["Thunderclap","Heavy Blade"],"picked":"Shockwave+1","floor":41},{"not_picked":["Whirlwind+1","Ghostly Armor+1","Anger+1"],"picked":"SKIP","floor":45},{"not_picked":["Combust","Heavy Blade+1","Wild Strike"],"picked":"SKIP","floor":47},{"not_picked":["Havoc+1","Shockwave+1","Bloodletting+1"],"picked":"SKIP","floor":48},{"not_picked":["Shrug It Off+1","Havoc+1","Anger"],"picked":"SKIP","floor":54}],"player_experience":969241,"relics_obtained":[{"floor":6,"key":"Pantograph"},{"floor":8,"key":"Incense Burner"},{"floor":9,"key":"Shovel"},{"floor":15,"key":"Pocketwatch"},{"floor":23,"key":"Potion Belt"},{"floor":26,"key":"Vajra"},{"floor":29,"key":"Bottled Flame"},{"floor":31,"key":"Toxic Egg 2"},{"floor":41,"key":"Ornamental Fan"},{"floor":46,"key":"Old Coin"},{"floor":48,"key":"Thread and Needle"},{"floor":49,"key":"Centennial Puzzle"},{"floor":52,"key":"Mercury Hourglass"},{"floor":54,"key":"Bottled Lightning"}],"event_choices":[{"damage_healed":0,"gold_gain":100,"player_choice":"Pray","damage_taken":0,"max_hp_gain":0,"max_hp_loss":0,"event_name":"Golden Shrine","floor":4,"gold_loss":0},{"cards_removed":["Strike_R"],"damage_healed":0,"gold_gain":0,"player_choice":"Offered Basic","damage_taken":0,"max_hp_gain":0,"max_hp_loss":0,"event_name":"Bonfire Elementals","floor":12,"gold_loss":0},{"damage_healed":0,"gold_gain":0,"player_choice":"Ignored","damage_taken":0,"max_hp_gain":0,"max_hp_loss":0,"event_name":"NoteForYourself","floor":20,"gold_loss":0},{"damage_healed":0,"gold_gain":0,"player_choice":"Upgraded","damage_taken":0,"max_hp_gain":0,"max_hp_loss":0,"event_name":"Upgrade Shrine","floor":27,"gold_loss":0,"cards_upgraded":["Clothesline"]},{"damage_healed":0,"gold_gain":0,"player_choice":"Memory 1","damage_taken":0,"max_hp_gain":0,"max_hp_loss":0,"event_name":"SensoryStone","floor":36,"gold_loss":0},{"cards_removed":["Strike_R"],"damage_healed":0,"gold_gain":0,"player_choice":"Upgrade and Remove","damage_taken":0,"max_hp_gain":0,"max_hp_loss":0,"event_name":"Designer","floor":42,"gold_loss":90,"cards_upgraded":["Heavy Blade"]}],"is_beta":false,"boss_relics":[{"not_picked":["Empty Cage","Pandora\u0027s Box"],"picked":"Snecko Eye"},{"not_picked":["Eternal Feather","Black Star"],"picked":"Tiny House"}],"items_purged_floors":[2,21,30,53],"is_endless":false,"potions_floor_spawned":[3,10,23,25,29,31,33,37,41,47,48],"ascension_level":0}