{"gold_per_floor":[114,127,127,144,155,155,155,155,155,155,169,196,196,196],"floor_reached":14,"playtime":425,"items_purged":[],"score":171,"play_id":"8dfa5644-8af3-474b-b848-bd55e43903b1","local_time":"20190923145914","is_ascension_mode":true,"campfire_choices":[{"data":"Flex","floor":6,"key":"SMITH"},{"data":"Bash","floor":8,"key":"SMITH"},{"data":"Shrug It Off","floor":13,"key":"SMITH"}],"neow_cost":"NONE","seed_source_timestamp":677197770730500,"circlet_count":0,"master_deck":["AscendersBane","Strike_R","Strike_R","Strike_R","Strike_R+1","Defend_R+1","Defend_R","Defend_R","Defend_R","Bash+1","Thunderclap","Cleave","Flex+1","Shrug It Off+1","Evolve","Dropkick"],"relics":["Burning Blood","Dodecahedron","Bag of Marbles","Happy Flower"],"potions_floor_usage":[12],"damage_taken":[{"damage":10,"enemies":"2 Louse","floor":1,"turns":3},{"damage":9,"enemies":"Jaw Worm","floor":2,"turns":5},{"damage":4,"enemies":"Small Slimes","floor":4,"turns":3},{"damage":10,"enemies":"2 Fungi Beasts","floor":5,"turns":3},{"damage":4,"enemies":"Lots of Slimes","floor":11,"turns":2},{"damage":27,"enemies":"Lagavulin","floor":12,"turns":8},{"damage":22,"enemies":"3 Sentries","floor":14,"turns":3}],"seed_played":"1899157905107434675","potions_obtained":[{"floor":2,"key":"SpeedPotion"},{"floor":4,"key":"FairyPotion"},{"floor":5,"key":"Weak Potion"}],"is_trial":false,"path_per_floor":["M","M","?","M","M","R","?","R","T","?","M","E","R","E"],"character_chosen":"IRONCLAD","items_purchased":[],"campfire_rested":0,"item_purchase_floors":[],"current_hp_per_floor":[71,68,61,63,59,59,48,48,48,23,25,14,14,0],"gold":196,"neow_bonus":"TEN_PERCENT_HP_BONUS","is_prod":false,"is_daily":false,"chose_seed":false,"campfire_upgraded":3,"win_rate":0,"timestamp":1569221954,"path_taken":["M","M","?","M","M","R","?","R","T","?","M","E","R","E"],"build_version":"2019-07-17","purchased_purges":0,"victory":false,"max_hp_per_floor":[82,82,82,82,82,82,82,82,82,82,82,82,82,82],"card_choices":[{"not_picked":["Clash","Feel No Pain"],"picked":"Thunderclap","floor":1},{"not_picked":["Warcry","Clash"],"picked":"Cleave","floor":2},{"not_picked":["Body Slam","Havoc"],"picked":"Flex","floor":4},{"not_picked":["Headbutt","Rampage"],"picked":"Shrug It Off","floor":5},{"not_picked":["Sever Soul","Feel No Pain"],"picked":"Evolve","floor":11},{"not_picked":["Clothesline","Flex"],"picked":"Dropkick","floor":12}],"player_experience":678097,"relics_obtained":[{"floor":9,"key":"Bag of Marbles"},{"floor":12,"key":"Happy Flower"}],"event_choices":[{"cards_removed":["Strike_R"],"damage_healed":0,"gold_gain":0,"player_choice":"Card Removal","damage_taken":7,"max_hp_gain":0,"max_hp_loss":0,"event_name":"Golden Wing","floor":3,"gold_loss":0},{"damage_healed":0,"gold_gain":0,"player_choice":"Success","damage_taken":11,"relics_obtained":["Dodecahedron"],"max_hp_gain":0,"max_hp_loss":0,"event_name":"Scrap Ooze","floor":7,"gold_loss":0},{"damage_healed":0,"gold_gain":0,"player_choice":"Entered Light","damage_taken":25,"max_hp_gain":0,"max_hp_loss":0,"event_name":"Shining Light","floor":10,"gold_loss":0,"cards_upgraded":["Defend_R","Strike_R"]}],"is_beta":false,"boss_relics":[],"items_purged_floors":[],"is_endless":false,"potions_floor_spawned":[2,4,5],"killed_by":"3 Sentries","ascension_level":18}