{"gold_per_floor":[117,21,21,21,21,21,21,21,46,63,79,59,78,92,92,171,171,191,111,111],"floor_reached":20,"playtime":553,"items_purged":[],"score":324,"play_id":"c1e1f705-178b-40da-8a80-c15d55d4096a","local_time":"20190920225224","is_ascension_mode":true,"campfire_choices":[{"data":"Conserve Battery","floor":6.0,"key":"SMITH"},{"data":"Glacier","floor":15.0,"key":"SMITH"}],"neow_cost":"NONE","seed_source_timestamp":287389229467126,"circlet_count":0,"master_deck":["AscendersBane","Strike_B","Strike_B","Strike_B","Strike_B","Defend_B","Defend_B","Defend_B","Defend_B","Zap+1","Dualcast+1","Conserve Battery+1","Gash","Auto Shields","Gash","Glacier+1","Echo Form","Self Repair","Coolheaded"],"special_seed":0,"relics":["Cracked Core","Turnip","Lantern","Sozu"],"potions_floor_usage":[],"damage_taken":[{"damage":12.0,"enemies":"Jaw Worm","floor":1.0,"turns":2.0},{"damage":0.0,"enemies":"Small Slimes","floor":10.0,"turns":3.0},{"damage":0.0,"enemies":"2 Louse","floor":11.0,"turns":3.0},{"damage":0.0,"enemies":"Blue Slaver","floor":13.0,"turns":2.0},{"damage":8.0,"enemies":"Exordium Wildlife","floor":14.0,"turns":5.0},{"damage":32.0,"enemies":"The Guardian","floor":16.0,"turns":14.0},{"damage":37.0,"enemies":"Chosen","floor":18.0,"turns":6.0},{"damage":8,"enemies":"2 Thieves","floor":19,"turns":4},{"damage":24,"enemies":"Snake Plant","floor":20,"turns":1}],"seed_played":"7930841575605845401","potions_obtained":[{"floor":10.0,"key":"Fruit Juice"},{"floor":12.0,"key":"SneckoOil"},{"floor":13.0,"key":"SteroidPotion"},{"floor":14.0,"key":"SteroidPotion"}],"is_trial":false,"path_per_floor":["M","$","?","?","$","R","?","$","T","M","M","?","M","M","R","B",null,"M","M","M"],"character_chosen":"DEFECT","items_purchased":["Gash","Auto Shields"],"campfire_rested":0,"item_purchase_floors":[2,2],"current_hp_per_floor":[52,52,52,47,47,47,47,47,47,52,52,52,52,44,44,12,60,23,22,0],"gold":111,"neow_bonus":"UPGRADE_CARD","is_prod":false,"is_daily":false,"chose_seed":false,"campfire_upgraded":2,"win_rate":0,"timestamp":1569045144,"path_taken":["M","$","?","?","$","R","?","?","T","?","M","?","M","M","R","BOSS","M","?","M"],"build_version":"2019-07-17","purchased_purges":0,"victory":false,"max_hp_per_floor":[71,71,71,71,71,71,71,71,71,76,76,76,76,76,76,76,76,76,76,76],"card_choices":[{"not_picked":["Leap","Sweeping Beam"],"picked":"Conserve Battery","floor":1.0},{"not_picked":["Barrage","Heatsinks"],"picked":"Gash","floor":10.0},{"not_picked":["Scrape","Compile Driver","Recycle"],"picked":"SKIP","floor":11.0},{"not_picked":["Redo","Cold Snap"],"picked":"Glacier","floor":13.0},{"not_picked":["Sweeping Beam","Streamline","Consume"],"picked":"SKIP","floor":14.0},{"not_picked":["Sweeping Beam","Streamline","Consume"],"picked":"SKIP","floor":14.0},{"not_picked":["Electrodynamics","Multi-Cast"],"picked":"Echo Form","floor":16.0},{"not_picked":["Conserve Battery","BootSequence"],"picked":"Self Repair","floor":18.0},{"not_picked":["Conserve Battery","Ball Lightning"],"picked":"Coolheaded","floor":19}],"player_experience":1198636,"relics_obtained":[{"floor":9.0,"key":"Lantern"}],"event_choices":[{"damage_healed":0.0,"max_hp_gain":0.0,"max_hp_loss":0.0,"gold_gain":0.0,"event_name":"Living Wall","player_choice":"Grow","floor":3.0,"gold_loss":0.0,"damage_taken":0.0,"cards_upgraded":["Dualcast"]},{"damage_healed":0.0,"max_hp_gain":0.0,"max_hp_loss":0.0,"gold_gain":0.0,"event_name":"Scrap Ooze","player_choice":"Success","floor":4.0,"gold_loss":0.0,"damage_taken":5.0,"relics_obtained":["Turnip"]},{"damage_healed":0.0,"max_hp_gain":0.0,"max_hp_loss":0.0,"gold_gain":0.0,"event_name":"Shining Light","player_choice":"Ignored","floor":7.0,"gold_loss":0.0,"damage_taken":0.0},{"damage_healed":0.0,"max_hp_gain":0.0,"max_hp_loss":0.0,"gold_gain":0.0,"event_name":"The Woman in Blue","player_choice":"Bought 1 Potion","floor":12.0,"gold_loss":0.0,"damage_taken":0.0}],"is_beta":false,"boss_relics":[{"not_picked":["Coffee Dripper","Astrolabe"],"picked":"Sozu"}],"items_purged_floors":[],"is_endless":false,"potions_floor_spawned":[10,13,14],"killed_by":"Snake Plant","ascension_level":20}