{"gold_per_floor":[110,51,62,72,44,72,72,122,122,122,47,63,81,96,96,96],"floor_reached":16,"playtime":383,"items_purged":[],"score":204,"play_id":"f93a4154-ac2b-4293-8868-e69bd03854cc","local_time":"20190915223543","is_ascension_mode":true,"campfire_choices":[{"data":"Feed","floor":7,"key":"SMITH"},{"data":"Shockwave","floor":10,"key":"SMITH"},{"data":"Flame Barrier","floor":15,"key":"SMITH"}],"neow_cost":"NONE","seed_source_timestamp":415100545467010,"circlet_count":0,"master_deck":["AscendersBane","Strike_R","Strike_R","Strike_R","Strike_R","Strike_R","Defend_R","Defend_R","Defend_R","Defend_R","Bash","Shockwave+1","Shrug It Off","Shrug It Off","Headbutt","Feed+1","Flame Barrier+1","Pommel Strike","Metallicize"],"relics":["Burning Blood","NeowsBlessing","Darkstone Periapt","Bottled Flame"],"potions_floor_usage":[16,16],"damage_taken":[{"damage":0,"enemies":"Cultist","floor":1,"turns":1},{"damage":0,"enemies":"Jaw Worm","floor":3,"turns":1},{"damage":0,"enemies":"Small Slimes","floor":4,"turns":1},{"damage":47,"enemies":"Gremlin Nob","floor":6,"turns":5},{"damage":0,"enemies":"2 Fungi Beasts","floor":12,"turns":4},{"damage":6,"enemies":"Red Slaver","floor":13,"turns":4},{"damage":25,"enemies":"Lots of Slimes","floor":14,"turns":5},{"damage":38,"enemies":"Slime Boss","floor":16,"turns":10}],"seed_played":"-5974673988489382768","potions_obtained":[{"floor":1,"key":"Swift Potion"},{"floor":4,"key":"Swift Potion"}],"is_trial":false,"path_per_floor":["M","$","M","M","$","E","R","?","T","R","$","M","M","M","R","B"],"character_chosen":"IRONCLAD","items_purchased":["Shrug It Off","Headbutt","Flame Barrier"],"campfire_rested":0,"item_purchase_floors":[2,5,11],"current_hp_per_floor":[74,74,75,75,75,34,34,34,34,34,34,44,44,29,29,0],"gold":96,"neow_bonus":"THREE_ENEMY_KILL","is_prod":false,"is_daily":false,"chose_seed":false,"campfire_upgraded":3,"win_rate":0,"timestamp":1568612143,"path_taken":["M","$","?","M","$","E","R","?","T","R","$","M","M","?","R","BOSS"],"build_version":"2019-07-17","purchased_purges":0,"victory":false,"max_hp_per_floor":[75,75,75,75,75,75,75,75,75,75,75,79,79,83,83,83],"card_choices":[{"not_picked":["Fire Breathing","Anger"],"picked":"Shockwave","floor":1},{"not_picked":["Clash","Rupture"],"picked":"Shrug It Off","floor":3},{"not_picked":["Searing Blow","Flex","Armaments"],"picked":"SKIP","floor":4},{"not_picked":["Uppercut","Sever Soul"],"picked":"Feed","floor":6},{"not_picked":["Pummel","Headbutt","Anger"],"picked":"SKIP","floor":12},{"not_picked":["Cleave","Flex"],"picked":"Pommel Strike","floor":13},{"not_picked":["Anger","Iron Wave"],"picked":"Metallicize","floor":14}],"player_experience":1145602,"relics_obtained":[{"floor":6,"key":"Darkstone Periapt"},{"floor":9,"key":"Bottled Flame"}],"event_choices":[{"damage_healed":0,"gold_gain":50,"player_choice":"Pray","damage_taken":0,"max_hp_gain":0,"max_hp_loss":0,"event_name":"Golden Shrine","floor":8,"gold_loss":0}],"is_beta":false,"boss_relics":[],"items_purged_floors":[],"is_endless":false,"potions_floor_spawned":[1,4,14],"killed_by":"Slime Boss","ascension_level":20}