{"gold_per_floor":[111,131,148,9,26,60,70,70,70,70,31,94,94,120,120,199,199,215,230,230,64,64,64,83,83,83,83,118,137,167,181,181,257,257,273,292,514,514,527,527,317,317,317,317,330,341,1,20,20,20,20],"floor_reached":51,"playtime":2500,"items_purged":["Sword Boomerang","Strike_R+1","Decay"],"score":1254,"play_id":"7d4536d0-baa0-425e-8814-1023ac68dc24","local_time":"20190918175815","is_ascension_mode":true,"campfire_choices":[{"data":"Perfected Strike","floor":8.0,"key":"SMITH"},{"data":"Bash","floor":10.0,"key":"SMITH"},{"floor":15.0,"key":"REST"},{"data":"Demon Form","floor":23.0,"key":"SMITH"},{"data":"Flame Barrier","floor":25.0,"key":"SMITH"},{"data":"Perfected Strike","floor":27.0,"key":"SMITH"},{"floor":32.0,"key":"REST"},{"data":"Shrug It Off","floor":40.0,"key":"SMITH"},{"data":"Shrug It Off","floor":44.0,"key":"SMITH"},{"floor":49.0,"key":"REST"}],"neow_cost":"NONE","seed_source_timestamp":0,"circlet_count":0,"master_deck":["AscendersBane","Strike_R+1","Strike_R+1","Strike_R+1","Defend_R+1","Defend_R+1","Defend_R+1","Defend_R+1","Bash+1","Twin Strike","Ghostly Armor","Shrug It Off+1","Perfected Strike+1","Flame Barrier+1","Iron Wave","Perfected Strike+1","Headbutt","Demon Form+1","Pommel Strike","Evolve","Pommel Strike","Shrug It Off+1","Perfected Strike+1","Clothesline+1","Twin Strike+1","Writhe","Cleave+1","Fire Breathing+1","Clothesline+1","Demon Form"],"special_seed":0,"relics":["Burning Blood","Regal Pillow","Shuriken","Eternal Feather","Bag of Preparation","Mark of Pain","The Courier","Red Mask","Molten Egg 2","Cursed Key","Lizard Tail","Toy Ornithopter","Bottled Tornado"],"potions_floor_usage":[51],"damage_taken":[{"damage":7.0,"enemies":"Cultist","floor":1.0,"turns":4.0},{"damage":3.0,"enemies":"Small Slimes","floor":2.0,"turns":4.0},{"damage":7.0,"enemies":"Jaw Worm","floor":3.0,"turns":3.0},{"damage":12.0,"enemies":"Exordium Thugs","floor":5.0,"turns":5.0},{"damage":39.0,"enemies":"Gremlin Nob","floor":6.0,"turns":5.0},{"damage":0.0,"enemies":"Large Slime","floor":7.0,"turns":4.0},{"damage":25.0,"enemies":"3 Sentries","floor":14.0,"turns":5.0},{"damage":61.0,"enemies":"The Guardian","floor":16.0,"turns":11.0},{"damage":28.0,"enemies":"Shell Parasite","floor":18.0,"turns":4.0},{"damage":11.0,"enemies":"2 Thieves","floor":19.0,"turns":2.0},{"damage":31.0,"enemies":"Chosen and Byrds","floor":24.0,"turns":4.0},{"damage":37.0,"enemies":"Masked Bandits","floor":28.0,"turns":5.0},{"damage":12.0,"enemies":"Shelled Parasite and Fungi","floor":29.0,"turns":5.0},{"damage":15.0,"enemies":"Slavers","floor":30.0,"turns":5.0},{"damage":0.0,"enemies":"Centurion and Healer","floor":31.0,"turns":7.0},{"damage":68.0,"enemies":"Champ","floor":33.0,"turns":12.0},{"damage":1.0,"enemies":"3 Shapes","floor":35.0,"turns":7.0},{"damage":0.0,"enemies":"Orb Walker","floor":36.0,"turns":2.0},{"damage":33.0,"enemies":"Maw","floor":39.0,"turns":7.0},{"damage":34.0,"enemies":"Writhing Mass","floor":45.0,"turns":7.0},{"damage":4.0,"enemies":"Jaw Worm Horde","floor":46.0,"turns":4.0},{"damage":46.0,"enemies":"Spire Growth","floor":48.0,"turns":5.0},{"damage":110.0,"enemies":"Awakened One","floor":50.0,"turns":10.0},{"damage":32,"enemies":"Time Eater","floor":51,"turns":6}],"seed_played":"-3462081611415022185","potions_obtained":[{"floor":2.0,"key":"Block Potion"},{"floor":7.0,"key":"Poison Potion"},{"floor":14.0,"key":"Energy Potion"},{"floor":16.0,"key":"Explosive Potion"},{"floor":29.0,"key":"Explosive Potion"},{"floor":31.0,"key":"SpeedPotion"},{"floor":33.0,"key":"SteroidPotion"},{"floor":36.0,"key":"Fruit Juice"},{"floor":46.0,"key":"Ancient Potion"}],"is_trial":false,"path_per_floor":["M","M","M","$","M","E","M","R","T","R","$","?","?","E","R","B",null,"M","M","?","$","?","R","M","R","T","R","?","M","E","M","R","B",null,"M","M","?","?","M","R","$","T","T","R","M","M","$","M","R","B","B"],"character_chosen":"IRONCLAD","items_purchased":["Perfected Strike","Flame Barrier","Inflame","Evolve","Pommel Strike","Twin Strike+1","Fruit Juice","Bottled Tornado","Clothesline+1"],"campfire_rested":3,"item_purchase_floors":[4,4,11,21,21,41,41,47,47],"current_hp_per_floor":[67,70,69,69,63,30,36,36,36,45,45,45,45,26,75,20,61,39,34,75,75,75,75,50,62,62,74,43,37,28,34,75,13,60,65,71,71,71,44,59,64,64,64,79,51,63,63,23,81,24,0],"gold":20,"neow_bonus":"RANDOM_COMMON_RELIC","is_prod":false,"is_daily":false,"chose_seed":false,"campfire_upgraded":7,"win_rate":0,"timestamp":1568854695,"path_taken":["M","?","M","$","?","E","M","R","T","R","$","?","?","E","R","BOSS","M","M","?","?","?","R","M","R","T","R","?","M","E","?","R","BOSS","M","M","?","?","M","R","$","?","T","R","M","M","$","?","R","BOSS","BOSS"],"build_version":"2019-09-18","purchased_purges":3,"victory":false,"max_hp_per_floor":[75,75,75,75,75,75,75,75,75,75,75,75,75,75,75,75,75,75,75,75,75,75,75,75,75,75,75,75,75,75,75,75,75,75,75,75,75,75,75,75,80,80,80,80,80,85,85,85,85,85,85],"card_choices":[{"not_picked":["Wild Strike","Armaments"],"picked":"Twin Strike","floor":1.0},{"not_picked":["Anger","True Grit"],"picked":"Ghostly Armor","floor":2.0},{"not_picked":["Thunderclap","Second Wind"],"picked":"Shrug It Off","floor":3.0},{"not_picked":["Sever Soul","Ghostly Armor"],"picked":"Iron Wave","floor":5.0},{"not_picked":["Rage","Flex"],"picked":"Perfected Strike","floor":6.0},{"not_picked":["Anger","Berserk"],"picked":"Headbutt","floor":7.0},{"not_picked":["Feel No Pain","True Grit","Bloodletting"],"picked":"SKIP","floor":14.0},{"not_picked":["Double Tap","Immolate"],"picked":"Demon Form","floor":16.0},{"not_picked":["Reckless Charge","Twin Strike"],"picked":"Pommel Strike","floor":18.0},{"not_picked":["Clothesline","Havoc"],"picked":"Sword Boomerang","floor":19.0},{"not_picked":["Seeing Red","Anger","Clash"],"picked":"SKIP","floor":24.0},{"not_picked":["Heavy Blade","Juggernaut"],"picked":"Shrug It Off","floor":28.0},{"not_picked":["Thunderclap","Sword Boomerang","Havoc+1"],"picked":"SKIP","floor":29.0},{"not_picked":["Clash+1","Body Slam","Combust"],"picked":"SKIP","floor":30.0},{"not_picked":["Sentinel","Body Slam+1","Rampage+1"],"picked":"SKIP","floor":31.0},{"not_picked":["Armaments","Warcry"],"picked":"Perfected Strike+1","floor":35.0},{"not_picked":["Cleave+1","Flex"],"picked":"Clothesline+1","floor":36.0},{"not_picked":["True Grit","Seeing Red+1","Sword Boomerang+1"],"picked":"SKIP","floor":39.0},{"not_picked":["Flex","Carnage+1"],"picked":"Cleave+1","floor":45.0},{"not_picked":["Perfected Strike+1","Shrug It Off"],"picked":"Fire Breathing+1","floor":46.0},{"not_picked":["Iron Wave+1","Pummel+1"],"picked":"Demon Form","floor":48.0}],"player_experience":1446573,"relics_obtained":[{"floor":6.0,"key":"Shuriken"},{"floor":9.0,"key":"Eternal Feather"},{"floor":14.0,"key":"Bag of Preparation"},{"floor":26.0,"key":"The Courier"},{"floor":28.0,"key":"Red Mask"},{"floor":30.0,"key":"Molten Egg 2"},{"floor":42.0,"key":"Lizard Tail"},{"floor":43.0,"key":"Toy Ornithopter"}],"event_choices":[{"damage_healed":0.0,"max_hp_gain":0.0,"max_hp_loss":0.0,"gold_gain":63.0,"event_name":"Golden Wing","player_choice":"Gained Gold","floor":12.0,"gold_loss":0.0,"damage_taken":0.0},{"damage_healed":0.0,"max_hp_gain":0.0,"max_hp_loss":0.0,"gold_gain":0.0,"event_name":"Golden Idol","player_choice":"Ignored","floor":13.0,"gold_loss":0.0,"damage_taken":0.0},{"cards_removed":["Inflame"],"damage_healed":41.0,"max_hp_gain":0.0,"max_hp_loss":0.0,"gold_gain":0.0,"event_name":"Bonfire Elementals","player_choice":"Offered Uncommon","floor":20.0,"gold_loss":0.0,"damage_taken":0.0},{"damage_healed":0.0,"max_hp_gain":0.0,"max_hp_loss":0.0,"gold_gain":0.0,"event_name":"Back to Basics","player_choice":"Simplicity","floor":22.0,"gold_loss":0.0,"damage_taken":0.0,"cards_upgraded":["Strike_R","Strike_R","Strike_R","Strike_R","Strike_R","Defend_R","Defend_R","Defend_R","Defend_R"]},{"damage_healed":0.0,"max_hp_gain":0.0,"max_hp_loss":0.0,"gold_gain":0.0,"event_name":"Masked Bandits","player_choice":"Fought Bandits","floor":28.0,"gold_loss":0.0,"damage_taken":0.0},{"damage_healed":0.0,"max_hp_gain":0.0,"max_hp_loss":0.0,"gold_gain":222.0,"event_name":"Tomb of Lord Red Mask","player_choice":"Wore Mask","floor":37.0,"gold_loss":0.0,"damage_taken":0.0},{"cards_removed":["Strike_R"],"damage_healed":0.0,"max_hp_gain":0.0,"max_hp_loss":0.0,"gold_gain":0.0,"event_name":"Falling","player_choice":"Removed Attack","floor":38.0,"gold_loss":0.0,"damage_taken":0.0}],"is_beta":true,"boss_relics":[{"not_picked":["Coffee Dripper","Runic Pyramid"],"picked":"Mark of Pain"},{"not_picked":["Runic Cube","SlaversCollar"],"picked":"Cursed Key"}],"items_purged_floors":[21,41,47],"is_endless":false,"potions_floor_spawned":[2,7,14,16,29,31,33,36,46],"killed_by":"Time Eater","ascension_level":20}