{"gold_per_floor":[17,17,17,31,49,49,79,79,79,112,123,140,140,59,59,59],"floor_reached":16,"playtime":1019,"items_purged":[],"score":193,"play_id":"4b4c89aa-3518-4856-be12-7ab6c36cb009","local_time":"20190919033646","is_ascension_mode":true,"campfire_choices":[{"floor":6,"key":"RECALL"},{"data":"Bash","floor":8,"key":"SMITH"},{"data":"Dropkick","floor":13,"key":"SMITH"},{"data":"Flame Barrier","floor":15,"key":"SMITH"}],"neow_cost":"NO_GOLD","seed_source_timestamp":290058484539400,"circlet_count":0,"master_deck":["AscendersBane","Strike_R","Strike_R","Defend_R","Defend_R","Defend_R","Defend_R","Bash+1","Dropkick+1","Dropkick","Flame Barrier+1","Metallicize","Metallicize"],"relics":["Burning Blood","Gambling Chip","Dream Catcher","Bag of Marbles"],"potions_floor_usage":[7,16],"damage_taken":[{"damage":5,"enemies":"2 Louse","floor":1,"turns":5},{"damage":13,"enemies":"Jaw Worm","floor":4,"turns":5},{"damage":1,"enemies":"Cultist","floor":5,"turns":3},{"damage":35,"enemies":"3 Sentries","floor":7,"turns":16},{"damage":24,"enemies":"Lagavulin","floor":10,"turns":8},{"damage":0,"enemies":"2 Fungi Beasts","floor":11,"turns":2},{"damage":1,"enemies":"Blue Slaver","floor":12,"turns":3},{"damage":47,"enemies":"The Guardian","floor":16,"turns":12}],"seed_played":"1181877103224038255","potions_obtained":[{"floor":4,"key":"Dexterity Potion"},{"floor":5,"key":"SneckoOil"},{"floor":11,"key":"Strength Potion"}],"is_trial":false,"path_per_floor":["M","?","?","M","M","R","E","R","T","E","M","M","R","$","R","B"],"character_chosen":"IRONCLAD","items_purchased":["Metallicize"],"campfire_rested":0,"item_purchase_floors":[14],"current_hp_per_floor":[69,69,58,51,56,56,27,27,27,9,15,20,20,20,20,0],"gold":59,"neow_bonus":"REMOVE_TWO","is_prod":false,"is_daily":false,"chose_seed":false,"campfire_upgraded":3,"win_rate":0,"timestamp":1568835406,"path_taken":["M","?","?","M","M","R","E","R","T","E","M","M","R","$","R","BOSS"],"build_version":"2019-07-17","purchased_purges":0,"victory":false,"max_hp_per_floor":[75,75,75,75,75,75,75,75,75,75,75,75,75,75,75,75],"card_choices":[{"not_picked":["Iron Wave","Wild Strike"],"picked":"Dropkick","floor":1},{"not_picked":["Anger","Iron Wave"],"picked":"Dropkick","floor":4},{"not_picked":["Cleave","Ghostly Armor"],"picked":"Flame Barrier","floor":5},{"not_picked":["Thunderclap","Armaments"],"picked":"Metallicize","floor":7},{"not_picked":["Anger","Exhume","Havoc"],"picked":"SKIP","floor":10},{"not_picked":["Pommel Strike","Blood for Blood","True Grit"],"picked":"SKIP","floor":11},{"not_picked":["Blood for Blood","Clash","Wild Strike"],"picked":"SKIP","floor":12}],"player_experience":637189,"relics_obtained":[{"floor":7,"key":"Dream Catcher"},{"floor":10,"key":"Bag of Marbles"}],"event_choices":[{"cards_removed":["Strike_R"],"damage_healed":0,"gold_gain":0,"player_choice":"Forget","damage_taken":0,"max_hp_gain":0,"max_hp_loss":0,"event_name":"Living Wall","floor":2,"gold_loss":0},{"damage_healed":0,"gold_gain":0,"player_choice":"Success","damage_taken":11,"relics_obtained":["Gambling Chip"],"max_hp_gain":0,"max_hp_loss":0,"event_name":"Scrap Ooze","floor":3,"gold_loss":0}],"is_beta":false,"boss_relics":[],"items_purged_floors":[],"is_endless":false,"potions_floor_spawned":[4,5,11],"killed_by":"The Guardian","ascension_level":15}