{"gold_per_floor":[117,134,134,152,165,165,494,494,542,569,569,569,581,600,600,674,674,693,472,491,504,520,520,552,552,625,652,678,725,754,798,810,894,906,933,945,469,479,358,358,384,396,396,424,424,452,96,113,113,113,113,113,113,8,36,36],"floor_reached":57,"playtime":2841,"items_purged":[],"score":3789,"play_id":"e3b837fa-815b-417b-981a-6dfdc123401b","local_time":"20190920050333","daily_mods":["SealedDeck","Vintage","Allstar","Colorless Cards","Heirloom","Time Dilation"],"is_ascension_mode":true,"campfire_choices":[{"data":"Hologram","floor":6,"key":"SMITH"},{"data":"Capacitor","floor":8,"key":"SMITH"},{"data":"Coolheaded","floor":11,"key":"SMITH"},{"data":"Go for the Eyes","floor":15,"key":"SMITH"},{"data":"Sadistic Nature","floor":23,"key":"SMITH"},{"data":"Chill","floor":25,"key":"SMITH"},{"data":"Madness","floor":32,"key":"SMITH"},{"data":"Defragment","floor":40,"key":"SMITH"},{"floor":49,"key":"RECALL"},{"data":"Panache","floor":53,"key":"SMITH"}],"neow_cost":"","seed_source_timestamp":219422826242402,"circlet_count":0,"master_deck":["AscendersBane","Conserve Battery+1","Flash of Steel","Ball Lightning","Coolheaded+1","Cold Snap","Capacitor+1","Go for the Eyes+1","Gash","Hologram+1","Chill+1","Coolheaded+1","Madness+1","Sadistic Nature+1","Ball Lightning+1","Beam Cell+1","Compile Driver+1","Hologram+1","All For One+1","Ball Lightning+1","Panache+1","Defragment+1","Go for the Eyes+1","Gash+1","Coolheaded+1","Conserve Battery+1"],"relics":["Cracked Core","FossilizedHelix","Cables","Ancient Tea Set","Kunai","Molten Egg 2","Old Coin","Pen Nib","Orichalcum","Letter Opener","Bag of Preparation","Coffee Dripper","Blue Candle","PreservedInsect","Toxic Egg 2","Boot","Gambling Chip","Vajra","MawBank","Regal Pillow","Mango","Incense Burner","Torii","Busted Crown","Anchor","HandDrill","Pear","Sundial","Bottled Tornado","Oddly Smooth Stone","Singing Bowl","Smiling Mask","Mummified Hand","Frozen Egg 2","Happy Flower","Bag of Marbles","Bottled Flame","War Paint"],"potions_floor_usage":[56],"damage_taken":[{"damage":0,"enemies":"2 Louse","floor":1,"turns":3},{"damage":0,"enemies":"Jaw Worm","floor":2,"turns":2},{"damage":0,"enemies":"Cultist","floor":4,"turns":2},{"damage":0,"enemies":"Looter","floor":5,"turns":2},{"damage":0,"enemies":"Lagavulin","floor":7,"turns":4},{"damage":0,"enemies":"Gremlin Nob","floor":10,"turns":3},{"damage":0,"enemies":"Gremlin Gang","floor":13,"turns":3},{"damage":0,"enemies":"Blue Slaver","floor":14,"turns":2},{"damage":0,"enemies":"Slime Boss","floor":16,"turns":4},{"damage":0,"enemies":"3 Byrds","floor":18,"turns":3},{"damage":0,"enemies":"Shell Parasite","floor":20,"turns":2},{"damage":0,"enemies":"Cultist and Chosen","floor":21,"turns":5},{"damage":0,"enemies":"3 Cultists","floor":22,"turns":3},{"damage":0,"enemies":"Book of Stabbing","floor":24,"turns":2},{"damage":0,"enemies":"Gremlin Leader","floor":27,"turns":2},{"damage":0,"enemies":"Snake Plant","floor":28,"turns":2},{"damage":0,"enemies":"Book of Stabbing","floor":29,"turns":2},{"damage":0,"enemies":"Sentry and Sphere","floor":30,"turns":3},{"damage":0,"enemies":"Gremlin Leader","floor":31,"turns":2},{"damage":0,"enemies":"Collector","floor":33,"turns":4},{"damage":0,"enemies":"Orb Walker","floor":35,"turns":2},{"damage":0,"enemies":"3 Shapes","floor":38,"turns":4},{"damage":0,"enemies":"Nemesis","floor":41,"turns":2},{"damage":0,"enemies":"Transient","floor":42,"turns":6},{"damage":0,"enemies":"Giant Head","floor":44,"turns":3},{"damage":0,"enemies":"Nemesis","floor":46,"turns":1},{"damage":0,"enemies":"Sphere and 2 Shapes","floor":48,"turns":4},{"damage":0,"enemies":"Donu and Deca","floor":50,"turns":4},{"damage":0,"enemies":"Time Eater","floor":51,"turns":6},{"damage":0,"enemies":"Shield and Spear","floor":55,"turns":2},{"damage":82,"enemies":"The Heart","floor":56,"turns":8}],"seed_played":"-9033080700061508586","potions_obtained":[{"floor":5,"key":"SpeedPotion"},{"floor":7,"key":"SpeedPotion"},{"floor":13,"key":"Energy Potion"}],"is_trial":true,"path_per_floor":["M","M","?","M","M","R","E","R","T","E","R","?","M","M","R","B",null,"M","$","M","M","M","R","E","R","T","E","M","E","M","E","R","B",null,"M","?","$","M","?","R","E","M","T","E","T","E","$","M","R","B","B",null,"R","$","E","B",null],"character_chosen":"DEFECT","items_purchased":["PreservedInsect","Ball Lightning+1","HandDrill","Panache","Defragment","Happy Flower","Bag of Marbles","Go for the Eyes+1","Gash+1","Coolheaded+1"],"campfire_rested":0,"item_purchase_floors":[19,19,37,37,37,47,47,47,54,54],"current_hp_per_floor":[64,64,64,64,64,64,64,64,64,64,64,64,64,64,64,64,69,69,69,69,69,69,69,69,69,69,69,69,83,83,83,83,83,85,85,85,85,95,95,95,95,95,95,97,97,99,99,99,99,99,99,99,99,99,99,17],"gold":36,"neow_bonus":"","is_prod":false,"is_daily":false,"chose_seed":false,"campfire_upgraded":9,"win_rate":0,"timestamp":1568981013,"path_taken":["M","M","?","M","M","R","E","R","T","E","R","?","?","M","R","BOSS","M","$","M","M","M","R","E","R","T","E","M","E","M","E","R","BOSS","M","?","$","?","?","R","E","?","T","E","?","E","?","?","R","BOSS","BOSS","R","$","E","BOSS"],"build_version":"2019-07-17","purchased_purges":0,"victory":true,"max_hp_per_floor":[71,71,71,71,71,71,71,71,71,71,71,71,71,71,71,71,71,71,71,71,71,71,71,71,71,71,71,71,85,85,85,85,85,85,85,85,85,95,95,95,95,95,95,97,97,99,99,99,99,99,99,99,99,99,99,99],"card_choices":[{"not_picked":["Streamline+1","Redo"],"picked":"Coolheaded","floor":7},{"not_picked":["Leap","Enlightenment"],"picked":"Madness","floor":10},{"not_picked":["Transmutation","Rainbow"],"picked":"Sadistic Nature","floor":16},{"not_picked":["Dramatic Entrance+1","Tempest+1"],"picked":"Beam Cell+1","floor":24},{"not_picked":["Steam+1","Redo+1","Steam Power+1"],"picked":"SKIP","floor":27},{"not_picked":["Dramatic Entrance+1","PanicButton+1"],"picked":"Compile Driver+1","floor":29},{"not_picked":["Ball Lightning+1","Streamline+1"],"picked":"Hologram+1","floor":31},{"not_picked":["Thunder Strike+1","Transmutation+1"],"picked":"All For One+1","floor":33},{"not_picked":["Impatience+1"],"picked":"SKIP","floor":41},{"not_picked":["Turbo+1"],"picked":"Singing Bowl","floor":44},{"not_picked":["Ball Lightning+1"],"picked":"Singing Bowl","floor":46},{"not_picked":[],"picked":"Conserve Battery+1","floor":55}],"player_experience":1191227,"relics_obtained":[{"floor":1,"key":"Cables"},{"floor":2,"key":"Ancient Tea Set"},{"floor":4,"key":"Kunai"},{"floor":5,"key":"Molten Egg 2"},{"floor":7,"key":"Old Coin"},{"floor":9,"key":"Pen Nib"},{"floor":10,"key":"Orichalcum"},{"floor":13,"key":"Letter Opener"},{"floor":14,"key":"Bag of Preparation"},{"floor":18,"key":"Blue Candle"},{"floor":20,"key":"Toxic Egg 2"},{"floor":21,"key":"Boot"},{"floor":22,"key":"Gambling Chip"},{"floor":24,"key":"Vajra"},{"floor":27,"key":"MawBank"},{"floor":28,"key":"Regal Pillow"},{"floor":29,"key":"Mango"},{"floor":30,"key":"Incense Burner"},{"floor":31,"key":"Torii"},{"floor":35,"key":"Anchor"},{"floor":38,"key":"Pear"},{"floor":41,"key":"Bottled Tornado"},{"floor":42,"key":"Oddly Smooth Stone"},{"floor":43,"key":"Singing Bowl"},{"floor":44,"key":"Smiling Mask"},{"floor":45,"key":"Mummified Hand"},{"floor":46,"key":"Frozen Egg 2"},{"floor":48,"key":"Bottled Flame"},{"floor":55,"key":"War Paint"}],"event_choices":[{"damage_healed":0,"gold_gain":0,"player_choice":"Leave","damage_taken":0,"max_hp_gain":0,"max_hp_loss":0,"event_name":"The Cleric","floor":3,"gold_loss":0},{"damage_healed":0,"gold_gain":0,"player_choice":"Upgraded","damage_taken":0,"max_hp_gain":0,"max_hp_loss":0,"event_name":"Upgrade Shrine","floor":12,"gold_loss":0,"cards_upgraded":["Coolheaded"]},{"damage_healed":0,"gold_gain":0,"player_choice":"1 cards matched","damage_taken":0,"max_hp_gain":0,"max_hp_loss":0,"event_name":"Match and Keep!","floor":36,"gold_loss":0,"cards_obtained":["Ball Lightning"]},{"damage_healed":0,"gold_gain":0,"player_choice":"Paid Gold","damage_taken":0,"relics_obtained":["Sundial"],"max_hp_gain":0,"max_hp_loss":0,"event_name":"WeMeetAgain","floor":39,"gold_loss":121}],"is_beta":false,"boss_relics":[{"not_picked":["Orrery","Astrolabe"],"picked":"Coffee Dripper"},{"not_picked":["Velvet Choker","Empty Cage"],"picked":"Busted Crown"}],"items_purged_floors":[],"is_endless":false,"potions_floor_spawned":[5,7,13,18,21,22,24,28,44,46,48],"ascension_level":20}