{"gold_per_floor":[112,37,37,37,37,37,53,53,53,53,69,69,98,113,113,113],"floor_reached":16,"playtime":532,"items_purged":[],"score":181,"play_id":"f8866768-f24a-4938-9c44-17897ca9bf74","local_time":"20190923022346","is_ascension_mode":true,"campfire_choices":[{"data":"Uppercut","floor":6.0,"key":"SMITH"},{"data":"Flame Barrier","floor":8.0,"key":"SMITH"},{"data":"Defend_R","floor":10.0,"key":"SMITH"},{"data":"Entrench","floor":15.0,"key":"SMITH"}],"neow_cost":"NONE","seed_source_timestamp":0,"circlet_count":0,"master_deck":["AscendersBane","Strike_R","Strike_R","Strike_R","Strike_R","Strike_R","Defend_R","Defend_R","Defend_R","Defend_R+1","Uppercut+1","Flame Barrier+1","Shrug It Off","Entrench+1","Cleave"],"special_seed":0,"relics":["Burning Blood","Sundial","The Courier","Calipers","Mummified Hand"],"potions_floor_usage":[],"damage_taken":[{"damage":15.0,"enemies":"Jaw Worm","floor":1.0,"turns":8.0},{"damage":3.0,"enemies":"2 Louse","floor":7.0,"turns":3.0},{"damage":4.0,"enemies":"Cultist","floor":11.0,"turns":3.0},{"damage":25.0,"enemies":"3 Sentries","floor":13.0,"turns":10.0},{"damage":0.0,"enemies":"2 Fungi Beasts","floor":14.0,"turns":4.0},{"damage":50,"enemies":"Hexaghost","floor":16,"turns":11}],"seed_played":"-5344629985308423824","potions_obtained":[{"floor":1.0,"key":"FearPotion"},{"floor":14.0,"key":"AttackPotion"}],"is_trial":false,"path_per_floor":["M","?","T","?","$","R","M","R","T","R","M","?","E","M","R","B"],"character_chosen":"IRONCLAD","items_purchased":[],"campfire_rested":0,"item_purchase_floors":[],"current_hp_per_floor":[66,66,66,71,71,71,74,74,74,74,76,58,39,45,45,0],"gold":113,"neow_bonus":"TEN_PERCENT_HP_BONUS","is_prod":false,"is_daily":false,"chose_seed":false,"campfire_upgraded":4,"win_rate":0,"timestamp":1569176626,"path_taken":["M","?","?","?","$","R","M","R","T","R","M","?","E","?","R","BOSS"],"build_version":"2019-07-17","purchased_purges":0,"victory":false,"max_hp_per_floor":[82,82,82,87,87,87,87,87,87,87,87,87,87,87,87,87],"card_choices":[{"not_picked":["Rage","Heavy Blade"],"picked":"Uppercut","floor":1.0},{"not_picked":["Searing Blow","Perfected Strike"],"picked":"Flame Barrier","floor":7.0},{"not_picked":["Sever Soul","Reckless Charge"],"picked":"Shrug It Off","floor":11.0},{"not_picked":["Iron Wave","Rage"],"picked":"Entrench","floor":13.0},{"not_picked":["Clash","Havoc"],"picked":"Cleave","floor":14.0}],"player_experience":666879,"relics_obtained":[{"floor":3.0,"key":"Sundial"},{"floor":9.0,"key":"The Courier"},{"floor":13.0,"key":"Mummified Hand"}],"event_choices":[{"cards_removed":["Bash"],"damage_healed":0.0,"max_hp_gain":0.0,"max_hp_loss":0.0,"gold_gain":0.0,"event_name":"The Cleric","player_choice":"Card Removal","floor":2.0,"gold_loss":75.0,"damage_taken":0.0},{"damage_healed":0.0,"max_hp_gain":5.0,"max_hp_loss":0.0,"gold_gain":0.0,"event_name":"Big Fish","player_choice":"Donut","floor":4.0,"gold_loss":0.0,"damage_taken":0.0},{"damage_healed":0.0,"max_hp_gain":0.0,"max_hp_loss":0.0,"gold_gain":0.0,"event_name":"Scrap Ooze","player_choice":"Success","floor":12.0,"gold_loss":0.0,"damage_taken":18.0,"relics_obtained":["Calipers"]}],"is_beta":false,"boss_relics":[],"items_purged_floors":[],"is_endless":false,"potions_floor_spawned":[1,14],"killed_by":"Hexaghost","ascension_level":17}