{"gold_per_floor":[113,188,73,85,135,135,154,154,154,173,190,216,216,228,228,303,303,322,322,336,336,336,336,536,549,549,569,597,597,326,336,336,336],"floor_reached":33,"playtime":1326,"items_purged":["Strike_R"],"score":584,"play_id":"3a824096-e333-49b8-86ca-b9b3c7743f38","local_time":"20190915222024","is_ascension_mode":true,"campfire_choices":[{"data":"Feed","floor":6.0,"key":"SMITH"},{"data":"Spot Weakness","floor":13.0,"key":"SMITH"},{"data":"Sword Boomerang","floor":15.0,"key":"SMITH"},{"data":"Bash","floor":23.0,"key":"SMITH"},{"floor":32.0,"key":"REST"}],"neow_cost":"NONE","seed_source_timestamp":412623302701932,"circlet_count":0,"master_deck":["AscendersBane","Strike_R+1","Strike_R+1","Strike_R+1","Strike_R+1","Defend_R+1","Defend_R+1","Defend_R+1","Defend_R+1","Bash+1","Feed+1","Spot Weakness+1","Sword Boomerang+1","Shrug It Off","Pommel Strike","Evolve","Offering","Clothesline","Clothesline+1","Shrug It Off","True Grit+1"],"special_seed":0,"relics":["Burning Blood","FossilizedHelix","Bottled Flame","Philosopher\u0027s Stone","Blue Candle","Toxic Egg 2","Potion Belt"],"potions_floor_usage":[33,33],"damage_taken":[{"damage":12.0,"enemies":"Jaw Worm","floor":1.0,"turns":4.0},{"damage":2.0,"enemies":"Cultist","floor":4.0,"turns":4.0},{"damage":0.0,"enemies":"Small Slimes","floor":7.0,"turns":2.0},{"damage":0.0,"enemies":"2 Fungi Beasts","floor":10.0,"turns":3.0},{"damage":0.0,"enemies":"Looter","floor":11.0,"turns":3.0},{"damage":49.0,"enemies":"Gremlin Nob","floor":12.0,"turns":6.0},{"damage":1.0,"enemies":"Exordium Thugs","floor":14.0,"turns":5.0},{"damage":22.0,"enemies":"Slime Boss","floor":16.0,"turns":8.0},{"damage":14.0,"enemies":"Spheric Guardian","floor":18.0,"turns":4.0},{"damage":36.0,"enemies":"2 Thieves","floor":20.0,"turns":5.0},{"damage":0.0,"enemies":"Centurion and Healer","floor":25.0,"turns":5.0},{"damage":35.0,"enemies":"3 Cultists","floor":27.0,"turns":5.0},{"damage":20.0,"enemies":"Book of Stabbing","floor":28.0,"turns":4.0},{"damage":11.0,"enemies":"Snecko","floor":31.0,"turns":6.0},{"damage":79,"enemies":"Collector","floor":33,"turns":8}],"seed_played":"46545390993666444","potions_obtained":[{"floor":1.0,"key":"Strength Potion"},{"floor":4.0,"key":"BloodPotion"},{"floor":12.0,"key":"AttackPotion"},{"floor":27.0,"key":"Energy Potion"},{"floor":29.0,"key":"PowerPotion"}],"is_trial":false,"path_per_floor":["M","?","$","M","?","R","M","?","T","M","M","E","R","M","R","B",null,"M","?","M","?","?","R","?","M","T","M","E","?","$","M","R","B"],"character_chosen":"IRONCLAD","items_purchased":["Spot Weakness","Potion Belt","True Grit+1","Fire Potion"],"campfire_rested":1,"item_purchase_floors":[3,30,30,30],"current_hp_per_floor":[65,54,54,61,53,53,63,68,68,78,88,73,73,82,82,70,100,92,92,66,66,66,66,66,76,76,51,41,41,41,40,79,0],"gold":336,"neow_bonus":"ONE_RANDOM_RARE_CARD","is_prod":false,"is_daily":false,"chose_seed":false,"campfire_upgraded":4,"win_rate":0,"timestamp":1568611224,"path_taken":["M","?","$","M","?","R","?","?","T","M","M","E","R","M","R","BOSS","M","?","M","?","?","R","?","?","T","M","E","?","$","?","R","BOSS"],"build_version":"2019-07-17","purchased_purges":1,"victory":false,"max_hp_per_floor":[78,78,78,81,81,81,85,90,90,94,98,102,102,106,106,110,110,110,110,114,114,114,114,114,118,118,122,126,126,126,130,130,130],"card_choices":[{"not_picked":["Infernal Blade","Anger","Perfected Strike"],"picked":"SKIP","floor":1.0},{"not_picked":["Anger","Second Wind"],"picked":"Sword Boomerang","floor":4.0},{"not_picked":["Armaments","Twin Strike","Thunderclap"],"picked":"SKIP","floor":7.0},{"not_picked":["Armaments","Impervious"],"picked":"Shrug It Off","floor":10.0},{"not_picked":["Warcry","Havoc","Iron Wave"],"picked":"SKIP","floor":11.0},{"not_picked":["Seeing Red","Flex"],"picked":"Pommel Strike","floor":12.0},{"not_picked":["Blood for Blood","Dual Wield"],"picked":"Evolve","floor":14.0},{"not_picked":["Exhume","Dark Embrace"],"picked":"Offering","floor":16.0},{"not_picked":["Sword Boomerang","Warcry"],"picked":"Clothesline","floor":18.0},{"not_picked":["Sword Boomerang","Pommel Strike"],"picked":"Clothesline+1","floor":20.0},{"not_picked":["Clothesline","Havoc","Iron Wave"],"picked":"SKIP","floor":25.0},{"not_picked":["Clothesline","Uppercut"],"picked":"Shrug It Off","floor":27.0},{"not_picked":["Perfected Strike+1","Fiend Fire","Anger"],"picked":"SKIP","floor":28.0},{"not_picked":["Pummel","Perfected Strike","Clothesline"],"picked":"SKIP","floor":31.0}],"player_experience":1143887,"relics_obtained":[{"floor":9.0,"key":"FossilizedHelix"},{"floor":12.0,"key":"Bottled Flame"},{"floor":26.0,"key":"Blue Candle"},{"floor":28.0,"key":"Toxic Egg 2"}],"event_choices":[{"damage_healed":0.0,"max_hp_gain":0.0,"max_hp_loss":0.0,"gold_gain":75.0,"event_name":"World of Goop","player_choice":"Gather Gold","floor":2.0,"gold_loss":0.0,"damage_taken":11.0},{"damage_healed":0.0,"max_hp_gain":0.0,"max_hp_loss":0.0,"gold_gain":50.0,"event_name":"FaceTrader","player_choice":"Touch","floor":5.0,"gold_loss":0.0,"damage_taken":8.0},{"damage_healed":0.0,"max_hp_gain":5.0,"max_hp_loss":0.0,"gold_gain":0.0,"event_name":"Big Fish","player_choice":"Donut","floor":8.0,"gold_loss":0.0,"damage_taken":0.0},{"damage_healed":0.0,"max_hp_gain":0.0,"max_hp_loss":0.0,"gold_gain":0.0,"event_name":"Ghosts","player_choice":"Ignored","floor":19.0,"gold_loss":0.0,"damage_taken":0.0},{"damage_healed":0.0,"max_hp_gain":0.0,"max_hp_loss":0.0,"gold_gain":0.0,"event_name":"Back to Basics","player_choice":"Simplicity","floor":21.0,"gold_loss":0.0,"damage_taken":0.0,"cards_upgraded":["Strike_R","Strike_R","Strike_R","Strike_R","Defend_R","Defend_R","Defend_R","Defend_R"]},{"damage_healed":0.0,"max_hp_gain":0.0,"max_hp_loss":0.0,"gold_gain":0.0,"event_name":"Vampires","player_choice":"Ignored","floor":22.0,"gold_loss":0.0,"damage_taken":0.0},{"damage_healed":0.0,"max_hp_gain":0.0,"max_hp_loss":0.0,"gold_gain":200.0,"event_name":"Wheel of Change","player_choice":"Gold","floor":24.0,"gold_loss":0.0,"damage_taken":0.0},{"damage_healed":0.0,"max_hp_gain":0.0,"max_hp_loss":0.0,"gold_gain":0.0,"event_name":"Lab","player_choice":"Got Potions","floor":29.0,"gold_loss":0.0,"damage_taken":0.0}],"is_beta":false,"boss_relics":[{"not_picked":["Tiny House","Cursed Key"],"picked":"Philosopher\u0027s Stone"}],"items_purged_floors":[3],"is_endless":false,"potions_floor_spawned":[1,4,10,12,25,27],"killed_by":"Collector","ascension_level":20}