{"gold_per_floor":[212,11,30,30,48,80,92,112,112,112,140,159,173,193,193,288,288,301,316,97,110,129,129,129,175,175,175,189,189,199,216,216,316,316,335,335,97,108,0,0,0,0,23,23,23,23,35,48,48,48,48,48,26,56,56],"floor_reached":56,"playtime":3503,"items_purged":["Strike_R","Strike_R"],"score":1193,"play_id":"6fc0f17d-18a4-4bb4-b067-e87d33c92b3e","local_time":"20181216180225","is_ascension_mode":false,"campfire_choices":[{"data":"Bash","floor":10.0,"key":"SMITH"},{"data":"Whirlwind","floor":15.0,"key":"SMITH"},{"data":"Limit Break","floor":23.0,"key":"SMITH"},{"floor":29.0,"key":"RECALL"},{"floor":32.0,"key":"REST"},{"data":"Brutality","floor":40.0,"key":"SMITH"},{"data":"Spot Weakness","floor":46.0,"key":"SMITH"},{"floor":49.0,"key":"REST"},{"data":"Heavy Blade","floor":52.0,"key":"SMITH"}],"neow_cost":"NONE","seed_source_timestamp":0,"circlet_count":0,"master_deck":["Strike_R","Strike_R","Strike_R","Defend_R+1","Defend_R","Defend_R","Bash+1","Twin Strike","Iron Wave","Cleave","Reaper","Sword Boomerang","Feed","Whirlwind+1","Limit Break+1","Shockwave","Spot Weakness+1","Heavy Blade+1","Battle Trance","Headbutt+1","Iron Wave+1","Brutality+1","Immolate","Ghostly Armor+1","Madness+1","Madness","Apotheosis","Mayhem","Thunderclap+1","Sword Boomerang","Limit Break"],"special_seed":0,"relics":["Burning Blood","Bag of Preparation","NlothsMask","PreservedInsect","Self Forming Clay","Snecko Eye","Vajra","Darkstone Periapt","Velvet Choker","Red Mask","Dream Catcher","War Paint"],"potions_floor_usage":[55,55,55],"damage_taken":[{"damage":4.0,"enemies":"Small Slimes","floor":1.0,"turns":4.0},{"damage":1.0,"enemies":"Cultist","floor":3.0,"turns":3.0},{"damage":3.0,"enemies":"Jaw Worm","floor":5.0,"turns":4.0},{"damage":10.0,"enemies":"Gremlin Nob","floor":6.0,"turns":4.0},{"damage":15.0,"enemies":"Looter","floor":7.0,"turns":3.0},{"damage":8.0,"enemies":"Blue Slaver","floor":8.0,"turns":5.0},{"damage":18.0,"enemies":"3 Sentries","floor":11.0,"turns":4.0},{"damage":17.0,"enemies":"Gremlin Gang","floor":12.0,"turns":4.0},{"damage":0.0,"enemies":"2 Fungi Beasts","floor":13.0,"turns":2.0},{"damage":19.0,"enemies":"Large Slime","floor":14.0,"turns":6.0},{"damage":48.0,"enemies":"Slime Boss","floor":16.0,"turns":8.0},{"damage":1.0,"enemies":"3 Byrds","floor":18.0,"turns":3.0},{"damage":14.0,"enemies":"Spheric Guardian","floor":19.0,"turns":4.0},{"damage":32.0,"enemies":"Snake Plant","floor":21.0,"turns":4.0},{"damage":17.0,"enemies":"Centurion and Healer","floor":22.0,"turns":3.0},{"damage":9.0,"enemies":"Colosseum Slavers","floor":27.0,"turns":3.0},{"damage":10.0,"enemies":"Sentry and Sphere","floor":28.0,"turns":3.0},{"damage":16.0,"enemies":"Snake Plant","floor":30.0,"turns":2.0},{"damage":0.0,"enemies":"Snecko","floor":31.0,"turns":3.0},{"damage":84.0,"enemies":"Automaton","floor":33.0,"turns":8.0},{"damage":0.0,"enemies":"3 Shapes","floor":35.0,"turns":1.0},{"damage":12.0,"enemies":"3 Darklings","floor":38.0,"turns":3.0},{"damage":15.0,"enemies":"Writhing Mass","floor":47.0,"turns":4.0},{"damage":4.0,"enemies":"Transient","floor":48.0,"turns":5.0},{"damage":96.0,"enemies":"Awakened One","floor":50.0,"turns":10.0},{"damage":33.0,"enemies":"Shield and Spear","floor":54.0,"turns":4.0},{"damage":68,"enemies":"The Heart","floor":55,"turns":6}],"seed_played":"6424716320921757218","potions_obtained":[{"floor":5.0,"key":"Fire Potion"},{"floor":6.0,"key":"AttackPotion"},{"floor":7.0,"key":"SkillPotion"},{"floor":8.0,"key":"AttackPotion"},{"floor":19.0,"key":"SteroidPotion"},{"floor":21.0,"key":"FearPotion"},{"floor":28.0,"key":"Fire Potion"},{"floor":38.0,"key":"LiquidBronze"},{"floor":47.0,"key":"Regen Potion"}],"is_trial":false,"path_per_floor":["M","$","M","?","M","E","M","M","T","R","E","M","M","M","R","B",null,"M","M","$","M","M","R","?","T","T","?","M","R","M","M","R","B",null,"M","?","$","M","?","R","?","?","T","?","$","R","M","M","R","B",null,"R","$","E","B",null],"character_chosen":"IRONCLAD","items_purchased":["Bag of Preparation","Twin Strike","Vajra","Immolate","Sword Boomerang"],"campfire_rested":2,"item_purchase_floors":[2,2,20,37,53],"current_hp_per_floor":[80,80,80,80,80,76,67,69,69,69,68,66,75,69,69,34,89,89,81,81,55,62,62,45,45,45,49,49,49,42,48,77,19,97,97,97,97,91,91,91,79,69,69,69,69,69,60,69,97,7,97,97,97,70,35],"gold":56,"neow_bonus":"HUNDRED_GOLD","is_prod":false,"is_daily":false,"chose_seed":false,"campfire_upgraded":6,"win_rate":0,"timestamp":1545012145,"path_taken":["M","$","M","?","M","E","M","M","T","R","E","M","M","M","R","BOSS","M","M","$","?","M","R","?","?","T","?","M","R","M","M","R","BOSS","M","?","$","?","?","R","?","?","T","?","?","R","M","M","R","BOSS","R","$","E","BOSS"],"build_version":"2018-12-13","purchased_purges":2,"victory":true,"max_hp_per_floor":[80,80,80,80,80,80,80,80,80,80,80,83,86,89,89,89,89,89,89,89,89,89,89,94,94,94,94,94,94,97,97,97,97,97,97,97,97,97,97,97,97,97,97,97,97,97,97,97,97,97,97,97,97,97,97],"card_choices":[{"not_picked":["Thunderclap","Corruption","Bloodletting"],"picked":"SKIP","floor":1.0},{"not_picked":["Evolve","Body Slam"],"picked":"Iron Wave","floor":3.0},{"not_picked":["Feel No Pain","Iron Wave"],"picked":"Cleave","floor":5.0},{"not_picked":["Perfected Strike","Power Through","Seeing Red"],"picked":"SKIP","floor":6.0},{"not_picked":["Clothesline","Cleave"],"picked":"Reaper","floor":7.0},{"not_picked":["Reckless Charge","Evolve"],"picked":"Sword Boomerang","floor":8.0},{"not_picked":["Clothesline","Thunderclap"],"picked":"Feed","floor":11.0},{"not_picked":["Flex","Body Slam","Dual Wield"],"picked":"SKIP","floor":12.0},{"not_picked":["Hemokinesis","Combust"],"picked":"Whirlwind","floor":13.0},{"not_picked":["Flex","Body Slam","Fire Breathing"],"picked":"SKIP","floor":14.0},{"not_picked":["Double Tap","Offering"],"picked":"Limit Break","floor":16.0},{"not_picked":["Sword Boomerang","Cleave+1"],"picked":"Shockwave","floor":18.0},{"not_picked":["Searing Blow","Thunderclap"],"picked":"Spot Weakness","floor":19.0},{"not_picked":["Metallicize","Body Slam+1","Shockwave"],"picked":"SKIP","floor":21.0},{"not_picked":["Pommel Strike","Shockwave+1"],"picked":"Heavy Blade","floor":22.0},{"not_picked":["Fire Breathing","Corruption+1"],"picked":"Battle Trance","floor":28.0},{"not_picked":["True Grit+1","Reaper"],"picked":"Headbutt+1","floor":30.0},{"not_picked":["Pummel","Flex"],"picked":"Iron Wave+1","floor":31.0},{"not_picked":["Exhume","Berserk"],"picked":"Brutality","floor":33.0},{"not_picked":["Wild Strike","Searing Blow+1","Havoc+1"],"picked":"SKIP","floor":35.0},{"not_picked":["Twin Strike+1","Havoc+1"],"picked":"Ghostly Armor+1","floor":38.0},{"not_picked":["Madness","Mind Blast"],"picked":"Apotheosis","floor":42.0},{"not_picked":["Thinking Ahead","Swift Strike"],"picked":"Mayhem","floor":42.0},{"not_picked":["Iron Wave","Entrench","Rage"],"picked":"SKIP","floor":47.0},{"not_picked":["Thunderclap+1","Body Slam+1","Wild Strike+1"],"picked":"SKIP","floor":48.0},{"not_picked":["Body Slam","Havoc+1"],"picked":"Thunderclap+1","floor":49.0},{"not_picked":["Searing Blow+1","Thunderclap"],"picked":"Limit Break","floor":54.0}],"player_experience":754273,"relics_obtained":[{"floor":6.0,"key":"PreservedInsect"},{"floor":11.0,"key":"Self Forming Clay"},{"floor":26.0,"key":"Darkstone Periapt"},{"floor":43.0,"key":"Dream Catcher"},{"floor":54.0,"key":"War Paint"}],"event_choices":[{"damage_healed":0.0,"max_hp_gain":0.0,"max_hp_loss":0.0,"gold_gain":0.0,"event_name":"FaceTrader","player_choice":"Trade","floor":4.0,"gold_loss":0.0,"damage_taken":0.0,"relics_obtained":["NlothsMask"]},{"damage_healed":0.0,"max_hp_gain":5.0,"max_hp_loss":0.0,"gold_gain":0.0,"event_name":"Forgotten Altar","player_choice":"Shed Blood","floor":24.0,"gold_loss":0.0,"damage_taken":22.0},{"damage_healed":0.0,"max_hp_gain":0.0,"max_hp_loss":0.0,"gold_gain":0.0,"event_name":"Colosseum","player_choice":"Fight","floor":27.0,"gold_loss":0.0,"damage_taken":0.0},{"damage_healed":0.0,"max_hp_gain":0.0,"max_hp_loss":0.0,"gold_gain":0.0,"event_name":"Colosseum","player_choice":"Fled From Nobs","floor":27.0,"gold_loss":0.0,"damage_taken":0.0},{"damage_healed":0.0,"max_hp_gain":0.0,"max_hp_loss":0.0,"gold_gain":0.0,"event_name":"Wheel of Change","player_choice":"Full Heal","floor":36.0,"gold_loss":0.0,"damage_taken":0.0},{"damage_healed":0.0,"max_hp_gain":0.0,"max_hp_loss":0.0,"gold_gain":0.0,"event_name":"Tomb of Lord Red Mask","player_choice":"Paid","floor":39.0,"gold_loss":108.0,"damage_taken":0.0,"relics_obtained":["Red Mask"]},{"damage_healed":0.0,"max_hp_gain":0.0,"max_hp_loss":0.0,"gold_gain":0.0,"event_name":"Winding Halls","player_choice":"Embrace Madness","floor":41.0,"gold_loss":0.0,"damage_taken":12.0,"cards_obtained":["Madness","Madness"]},{"damage_healed":0.0,"max_hp_gain":0.0,"max_hp_loss":0.0,"gold_gain":0.0,"event_name":"SensoryStone","player_choice":"Memory 3","floor":42.0,"gold_loss":0.0,"damage_taken":10.0},{"cards_removed":["Defend_R"],"damage_healed":0.0,"max_hp_gain":0.0,"max_hp_loss":0.0,"gold_gain":0.0,"event_name":"Falling","player_choice":"Removed Skill","floor":44.0,"gold_loss":0.0,"damage_taken":0.0}],"is_beta":false,"boss_relics":[{"not_picked":["Runic Dome","Ectoplasm"],"picked":"Snecko Eye"},{"not_picked":["Black Star","Lizard Tail"],"picked":"Velvet Choker"}],"items_purged_floors":[20,37],"is_endless":false,"potions_floor_spawned":[5,6,7,8,12,14,19,21,28,30,38,47,54],"ascension_level":0}