{"gold_per_floor":[118,68,68,68,99,99,131,147,173,221,235,160,175,191,191,289,289,305,317,232,250,250,250,280,280,280,311,331,349,300,317,317,438,438,458,474,488,335,335,367,367,383,432,447,495,513,543,560,560,560,560,560,8,33,33],"floor_reached":56,"playtime":2630,"items_purged":["Strike_R"],"score":1335,"play_id":"2a93c2d1-b38d-4172-b612-d901065bf2b0","local_time":"20190915015423","daily_mods":["Allstar","Uncertain Future","DeadlyEvents"],"is_ascension_mode":true,"campfire_choices":[{"data":"Magnetism","floor":6.0,"key":"SMITH"},{"data":"Disarm","floor":15.0,"key":"SMITH"},{"data":"Flame Barrier","floor":23.0,"key":"SMITH"},{"data":"Shockwave","floor":25.0,"key":"SMITH"},{"floor":32.0,"key":"RECALL"},{"data":"Panache","floor":41.0,"key":"SMITH"},{"floor":49,"key":"REST"},{"data":"Double Tap","floor":52,"key":"SMITH"}],"neow_cost":"","seed_source_timestamp":0,"circlet_count":0,"master_deck":["Strike_R","Strike_R","Strike_R","Defend_R","Defend_R","Defend_R","Defend_R","Bash","Magnetism+1","Purity","Panache+1","Trip","Trip+1","Whirlwind+1","Shockwave+1","Shrug It Off","Dropkick","Disarm+1","Offering","Flame Barrier+1","Writhe","Clothesline+1","Shrug It Off","Feed+1","Pommel Strike+1","True Grit+1","Regret","Uppercut+1","Double Tap+1","Battle Trance+1","Flame Barrier+1","Whirlwind+1"],"special_seed":0,"relics":["Burning Blood","Happy Flower","Anchor","Strawberry","Oddly Smooth Stone","Philosopher\u0027s Stone","Molten Egg 2","Du-Vu Doll","Darkstone Periapt","Blue Candle","Cursed Key","Bronze Scales","Matryoshka","Potion Belt","Dream Catcher","Red Skull","Turnip","Pear","Incense Burner","DollysMirror","Lantern"],"potions_floor_usage":[45,55,55,55,55,55],"damage_taken":[{"damage":8.0,"enemies":"Small Slimes","floor":1.0,"turns":3.0},{"damage":11.0,"enemies":"Jaw Worm","floor":5.0,"turns":2.0},{"damage":13.0,"enemies":"Lagavulin","floor":7.0,"turns":6.0},{"damage":2.0,"enemies":"2 Louse","floor":8.0,"turns":3.0},{"damage":27.0,"enemies":"3 Sentries","floor":10.0,"turns":10.0},{"damage":0.0,"enemies":"2 Fungi Beasts","floor":11.0,"turns":2.0},{"damage":0.0,"enemies":"Exordium Wildlife","floor":13.0,"turns":2.0},{"damage":0.0,"enemies":"Lots of Slimes","floor":14.0,"turns":2.0},{"damage":12.0,"enemies":"Hexaghost","floor":16.0,"turns":11.0},{"damage":6.0,"enemies":"Chosen","floor":18.0,"turns":5.0},{"damage":11.0,"enemies":"Spheric Guardian","floor":19.0,"turns":3.0},{"damage":10.0,"enemies":"3 Cultists","floor":21.0,"turns":3.0},{"damage":23.0,"enemies":"Slavers","floor":24.0,"turns":3.0},{"damage":24.0,"enemies":"Gremlin Leader","floor":27.0,"turns":8.0},{"damage":6.0,"enemies":"Centurion and Healer","floor":28.0,"turns":6.0},{"damage":10.0,"enemies":"Shelled Parasite and Fungi","floor":29.0,"turns":5.0},{"damage":11.0,"enemies":"Snake Plant","floor":31.0,"turns":3.0},{"damage":18.0,"enemies":"Collector","floor":33.0,"turns":8.0},{"damage":4.0,"enemies":"3 Shapes","floor":35.0,"turns":5.0},{"damage":5.0,"enemies":"Orb Walker","floor":36.0,"turns":4.0},{"damage":6.0,"enemies":"Jaw Worm Horde","floor":37.0,"turns":1.0},{"damage":37.0,"enemies":"Reptomancer","floor":40.0,"turns":7.0},{"damage":0.0,"enemies":"3 Darklings","floor":42.0,"turns":3.0},{"damage":29.0,"enemies":"Writhing Mass","floor":44.0,"turns":4.0},{"damage":9,"enemies":"2 Orb Walkers","floor":45,"turns":3},{"damage":20,"enemies":"4 Shapes","floor":46,"turns":7},{"damage":16,"enemies":"Giant Head","floor":47,"turns":7},{"damage":1,"enemies":"Jaw Worm Horde","floor":48,"turns":3},{"damage":52,"enemies":"Awakened One","floor":50,"turns":12},{"damage":26,"enemies":"Shield and Spear","floor":54,"turns":5},{"damage":71,"enemies":"The Heart","floor":55,"turns":8}],"seed_played":"9141220376553425109","potions_obtained":[{"floor":1.0,"key":"Strength Potion"},{"floor":7.0,"key":"Weak Potion"},{"floor":13.0,"key":"Energy Potion"},{"floor":16.0,"key":"Weak Potion"},{"floor":36.0,"key":"Strength Potion"},{"floor":42.0,"key":"Dexterity Potion"},{"floor":44.0,"key":"GamblersBrew"},{"floor":47,"key":"Swift Potion"},{"floor":54,"key":"LiquidBronze"}],"is_trial":true,"path_per_floor":["M","?","?","?","M","R","E","M","T","E","M","$","M","M","R","B",null,"M","M","?","M","?","R","E","R","T","E","M","M","$","M","R","B",null,"M","M","M","$","?","E","R","M","T","M","?","M","E","M","R","B",null,"R","$","E","B",null],"character_chosen":"IRONCLAD","items_purchased":["Shrug It Off","Bronze Scales","Incense Burner","DollysMirror","Dexterity Potion"],"campfire_rested":1,"item_purchase_floors":[30,38,53,53,53],"current_hp_per_floor":[78,78,71,55,50,50,43,47,54,33,39,39,45,51,51,45,87,87,82,82,78,78,78,61,61,61,43,43,39,39,34,34,22,87,91,91,91,91,91,60,60,66,72,49,46,36,36,41,74,32,115,115,115,95,30],"gold":33,"neow_bonus":"","is_prod":false,"is_daily":false,"chose_seed":false,"campfire_upgraded":6,"win_rate":0,"timestamp":1568537663,"path_taken":["M","?","?","?","M","R","E","M","T","E","M","$","M","M","R","BOSS","M","M","?","?","?","R","E","R","T","E","M","M","$","M","R","BOSS","M","M","M","$","?","E","R","M","T","?","?","M","E","M","R","BOSS","R","$","E","BOSS"],"build_version":"2019-07-17","purchased_purges":1,"victory":true,"max_hp_per_floor":[80,80,80,80,80,80,80,80,87,87,87,87,87,87,87,87,87,87,87,87,87,87,87,87,87,87,87,87,87,87,87,87,87,87,91,91,91,91,91,91,91,91,97,97,97,101,111,111,111,115,115,115,115,115,115],"card_choices":[{"not_picked":["Havoc","Body Slam"],"picked":"Whirlwind","floor":1.0},{"not_picked":["Twin Strike","Iron Wave"],"picked":"Shockwave","floor":5.0},{"not_picked":["Hemokinesis","Clash","Corruption"],"picked":"SKIP","floor":7.0},{"not_picked":["True Grit","Iron Wave"],"picked":"Shrug It Off","floor":8.0},{"not_picked":["Shockwave","Clash","Brutality"],"picked":"SKIP","floor":10.0},{"not_picked":["Havoc","Iron Wave"],"picked":"Dropkick","floor":11.0},{"not_picked":["Cleave","Perfected Strike"],"picked":"Disarm","floor":13.0},{"not_picked":["Warcry","Sword Boomerang","Fiend Fire"],"picked":"SKIP","floor":14.0},{"not_picked":["Double Tap","Feed"],"picked":"Offering","floor":16.0},{"not_picked":["Armaments","Carnage+1","Second Wind"],"picked":"SKIP","floor":18.0},{"not_picked":["Havoc+1","Seeing Red"],"picked":"Flame Barrier","floor":19.0},{"not_picked":["Combust","Armaments","Twin Strike+1"],"picked":"SKIP","floor":21.0},{"not_picked":["Clash+1","Body Slam+1","Ghostly Armor"],"picked":"SKIP","floor":24.0},{"not_picked":["Double Tap","Power Through"],"picked":"Clothesline+1","floor":27.0},{"not_picked":["Clash+1","Armaments","Thunderclap+1"],"picked":"SKIP","floor":28.0},{"not_picked":["Armaments+1","Rupture+1","Rage"],"picked":"SKIP","floor":29.0},{"not_picked":["Bloodletting+1","Clash+1","Clothesline+1"],"picked":"SKIP","floor":31.0},{"not_picked":["Barricade","Juggernaut"],"picked":"Feed+1","floor":33.0},{"not_picked":["Power Through+1","Iron Wave+1"],"picked":"Pommel Strike+1","floor":35.0},{"not_picked":["Combust+1","Armaments+1","Cleave+1"],"picked":"SKIP","floor":36.0},{"not_picked":["Armaments","Infernal Blade+1","Thunderclap+1"],"picked":"SKIP","floor":37.0},{"not_picked":["Wild Strike+1","Hemokinesis+1","Havoc+1"],"picked":"SKIP","floor":40.0},{"not_picked":["Disarm","Clash+1"],"picked":"True Grit+1","floor":42.0},{"not_picked":["Anger+1","Perfected Strike+1"],"picked":"Uppercut+1","floor":44.0},{"not_picked":["Carnage+1","Dual Wield+1"],"picked":"Double Tap","floor":45},{"not_picked":["Cleave+1","Wild Strike+1","Iron Wave+1"],"picked":"SKIP","floor":46},{"not_picked":["Wild Strike+1","Cleave+1","Blood for Blood+1"],"picked":"SKIP","floor":47},{"not_picked":["Perfected Strike+1","Twin Strike+1","Metallicize+1"],"picked":"SKIP","floor":48},{"not_picked":["Intimidate","Metallicize+1"],"picked":"Battle Trance+1","floor":49},{"not_picked":["Burning Pact","Twin Strike+1"],"picked":"Whirlwind+1","floor":54}],"player_experience":1138241,"relics_obtained":[{"floor":7.0,"key":"Anchor"},{"floor":9.0,"key":"Strawberry"},{"floor":10.0,"key":"Oddly Smooth Stone"},{"floor":24.0,"key":"Darkstone Periapt"},{"floor":27.0,"key":"Blue Candle"},{"floor":39.0,"key":"Matryoshka"},{"floor":40.0,"key":"Potion Belt"},{"floor":43.0,"key":"Dream Catcher"},{"floor":43.0,"key":"Red Skull"},{"floor":45,"key":"Turnip"},{"floor":47,"key":"Pear"},{"floor":54,"key":"Lantern"}],"event_choices":[{"cards_removed":["Strike_R"],"damage_healed":0.0,"max_hp_gain":0.0,"max_hp_loss":0.0,"gold_gain":0.0,"event_name":"The Cleric","player_choice":"Card Removal","floor":2.0,"gold_loss":50.0,"damage_taken":0.0},{"damage_healed":0.0,"max_hp_gain":0.0,"max_hp_loss":0.0,"gold_gain":0.0,"event_name":"Scrap Ooze","player_choice":"Success","floor":3.0,"gold_loss":0.0,"damage_taken":7.0,"relics_obtained":["Happy Flower"]},{"damage_healed":0.0,"max_hp_gain":0.0,"max_hp_loss":0.0,"gold_gain":0.0,"event_name":"Shining Light","player_choice":"Entered Light","floor":4.0,"gold_loss":0.0,"damage_taken":16.0,"cards_upgraded":["Trip","Whirlwind"]},{"damage_healed":0.0,"max_hp_gain":0.0,"max_hp_loss":0.0,"gold_gain":0.0,"event_name":"Addict","player_choice":"Obtained Relic","floor":20.0,"gold_loss":85.0,"damage_taken":0.0,"relics_obtained":["Molten Egg 2"]},{"damage_healed":0.0,"max_hp_gain":0.0,"max_hp_loss":0.0,"gold_gain":0.0,"event_name":"The Mausoleum","player_choice":"Opened","floor":22.0,"gold_loss":0.0,"damage_taken":0.0,"relics_obtained":["Du-Vu Doll"],"cards_obtained":["Writhe"]},{"damage_healed":0.0,"max_hp_gain":0.0,"max_hp_loss":0.0,"gold_gain":0.0,"event_name":"Wheel of Change","player_choice":"Relic","floor":39.0,"gold_loss":0.0,"damage_taken":0.0},{"damage_healed":0,"gold_gain":0,"player_choice":"Fight","damage_taken":0,"max_hp_gain":0,"max_hp_loss":0,"event_name":"Mysterious Sphere","floor":45,"gold_loss":0}],"is_beta":false,"boss_relics":[{"not_picked":["Pandora\u0027s Box","Fusion Hammer"],"picked":"Philosopher\u0027s Stone"},{"not_picked":["Velvet Choker","Calling Bell"],"picked":"Cursed Key"}],"items_purged_floors":[12],"is_endless":false,"potions_floor_spawned":[1,7,13,14,16,24,27,28,29,36,42,44,47,54],"ascension_level":1}