{"gold_per_floor":[111,122,142,142,54,81,81,107,130,159,159,191,191,224,224,324,324,339,356,116,134,147,178,178,211,258,290,306,337,337,354,354,451,451,470,470,470,470,481,481,514,514,540,566,27,59,69,79,79,79],"floor_reached":51,"playtime":3410,"items_purged":[],"score":1101,"play_id":"e49ed24f-c381-48dc-ad41-6ab050542871","local_time":"20190909224203","daily_mods":["Allstar","Time Dilation","Elite Swarm"],"is_ascension_mode":false,"campfire_choices":[{"data":"Discovery","floor":7,"key":"SMITH"},{"data":"Chrysalis","floor":11,"key":"SMITH"},{"data":"Limit Break","floor":13,"key":"SMITH"},{"data":"Secret Technique","floor":15,"key":"SMITH"},{"data":"Inflame","floor":24,"key":"SMITH"},{"data":"Heavy Blade","floor":30,"key":"SMITH"},{"data":"Dark Shackles","floor":32,"key":"SMITH"},{"data":"Apotheosis","floor":40,"key":"SMITH"},{"data":"Discovery","floor":42,"key":"SMITH"},{"data":"Barricade","floor":49,"key":"SMITH"}],"neow_cost":"","seed_source_timestamp":0,"circlet_count":0,"master_deck":["Strike_R","Strike_R","Strike_R","Strike_R","Strike_R","Defend_R","Defend_R","Defend_R","Defend_R+1","Bash","Dark Shackles+1","Chrysalis+1","Flash of Steel","Secret Technique+1","Master of Strategy","Thunderclap","Shrug It Off","Discovery+1","Limit Break+1","Impervious","Offering+1","Limit Break","Armaments+1","Inflame+1","Impervious","Demon Form","Reaper","Heavy Blade+1","Shrug It Off","Limit Break","Heavy Blade+1","Apotheosis+1","Discovery+1","Reaper","Exhume","Secret Weapon","Barricade+1","Headbutt+1","Ghostly Armor+1"],"relics":["Burning Blood","Pantograph","Oddly Smooth Stone","Dream Catcher","Ancient Tea Set","Champion Belt","Potion Belt","Black Star","Self Forming Clay","Boot","Bottled Tornado","The Courier","Bottled Lightning","Blood Vial","StoneCalendar","War Paint","Orichalcum","Question Card","Runic Dome","FaceOfCleric","Art of War","Smiling Mask","Bag of Marbles","Molten Egg 2","MawBank","OrangePellets","FossilizedHelix","Pen Nib","Bottled Flame"],"potions_floor_usage":[28,29,50,50,50,50],"damage_taken":[{"damage":0,"enemies":"Cultist","floor":1,"turns":4},{"damage":0,"enemies":"2 Louse","floor":2,"turns":2},{"damage":0,"enemies":"Jaw Worm","floor":3,"turns":3},{"damage":19,"enemies":"Gremlin Nob","floor":6,"turns":4},{"damage":29,"enemies":"3 Sentries","floor":8,"turns":10},{"damage":6,"enemies":"Lagavulin","floor":10,"turns":4},{"damage":6,"enemies":"Gremlin Nob","floor":12,"turns":3},{"damage":7,"enemies":"Lagavulin","floor":14,"turns":7},{"damage":18,"enemies":"The Guardian","floor":16,"turns":8},{"damage":13,"enemies":"2 Thieves","floor":18,"turns":5},{"damage":13,"enemies":"3 Byrds","floor":19,"turns":4},{"damage":19,"enemies":"Centurion and Healer","floor":21,"turns":10},{"damage":18,"enemies":"3 Cultists","floor":22,"turns":4},{"damage":12,"enemies":"Gremlin Leader","floor":23,"turns":5},{"damage":6,"enemies":"Book of Stabbing","floor":25,"turns":4},{"damage":9,"enemies":"Gremlin Leader","floor":27,"turns":6},{"damage":8,"enemies":"Chosen and Byrds","floor":28,"turns":7},{"damage":18,"enemies":"Book of Stabbing","floor":29,"turns":7},{"damage":6,"enemies":"Snake Plant","floor":31,"turns":3},{"damage":11,"enemies":"Champ","floor":33,"turns":8},{"damage":22,"enemies":"3 Darklings","floor":35,"turns":3},{"damage":4,"enemies":"Orb Walker","floor":39,"turns":2},{"damage":13,"enemies":"Giant Head","floor":41,"turns":6},{"damage":33,"enemies":"Nemesis","floor":44,"turns":7},{"damage":6,"enemies":"Giant Head","floor":46,"turns":4},{"damage":18,"enemies":"Jaw Worm Horde","floor":47,"turns":3},{"damage":7,"enemies":"Maw","floor":48,"turns":7},{"damage":0,"enemies":"Time Eater","floor":50,"turns":7}],"seed_played":"8081267424855990035","potions_obtained":[{"floor":1,"key":"SkillPotion"},{"floor":4,"key":"Strength Potion"},{"floor":4,"key":"Regen Potion"},{"floor":8,"key":"AttackPotion"},{"floor":16,"key":"Weak Potion"},{"floor":18,"key":"GamblersBrew"},{"floor":23,"key":"Dexterity Potion"},{"floor":29,"key":"SpeedPotion"},{"floor":33,"key":"Block Potion"},{"floor":39,"key":"FearPotion"},{"floor":47,"key":"PowerPotion"}],"is_trial":true,"path_per_floor":["M","M","M","?","$","E","R","E","T","E","R","E","R","E","R","B",null,"M","M","$","M","M","E","R","E","T","E","M","E","R","M","R","B",null,"M","?","?","?","M","R","E","R","T","E","$","E","M","M","R","B",null],"character_chosen":"IRONCLAD","items_purchased":["Discovery","Self Forming Clay","OrangePellets","FossilizedHelix","Secret Weapon"],"campfire_rested":0,"item_purchase_floors":[5,20,45,45,45],"current_hp_per_floor":[80,80,80,80,80,67,67,44,44,44,44,44,44,43,43,56,80,73,66,66,53,41,35,35,35,35,34,34,39,39,41,41,63,80,80,80,70,70,75,75,71,71,71,83,83,84,85,86,86,87],"gold":79,"neow_bonus":"","is_prod":false,"is_daily":false,"chose_seed":false,"campfire_upgraded":10,"win_rate":0,"timestamp":1568094123,"path_taken":["M","M","?","?","$","E","R","E","T","E","R","E","R","E","R","BOSS","M","M","$","M","?","E","R","E","T","E","M","E","R","M","R","BOSS","M","?","?","?","M","R","E","R","T","E","$","E","?","M","R","BOSS"],"build_version":"2019-07-17","purchased_purges":0,"victory":true,"max_hp_per_floor":[80,80,80,80,80,80,80,80,80,80,80,80,80,80,80,80,80,80,80,80,80,80,80,80,80,80,80,80,80,80,80,80,80,80,80,80,80,80,81,81,82,82,82,83,83,84,85,86,86,87],"card_choices":[{"not_picked":["Wild Strike","Warcry"],"picked":"Thunderclap","floor":1},{"not_picked":["Rupture","Dark Embrace"],"picked":"Shrug It Off","floor":2},{"not_picked":["Ghostly Armor","Armaments","Combust"],"picked":"SKIP","floor":3},{"not_picked":["Double Tap","Barricade"],"picked":"Limit Break","floor":6},{"not_picked":["Barricade","Juggernaut"],"picked":"Impervious","floor":8},{"not_picked":["Fiend Fire","Bludgeon"],"picked":"Offering","floor":10},{"not_picked":["Berserk","Barricade","Fiend Fire"],"picked":"SKIP","floor":12},{"not_picked":["Dark Embrace","Immolate"],"picked":"Limit Break","floor":14},{"not_picked":["Twin Strike","Rupture"],"picked":"Armaments+1","floor":18},{"not_picked":["Cleave","Thunderclap+1","Anger+1"],"picked":"SKIP","floor":19},{"not_picked":["Havoc","Power Through","Sword Boomerang"],"picked":"SKIP","floor":21},{"not_picked":["Shockwave","Hemokinesis"],"picked":"Inflame","floor":22},{"not_picked":["Brutality","Dark Embrace"],"picked":"Impervious","floor":23},{"not_picked":["Immolate","Berserk"],"picked":"Demon Form","floor":25},{"not_picked":["Fiend Fire","Exhume"],"picked":"Reaper","floor":27},{"not_picked":["Anger+1","Sever Soul+1"],"picked":"Heavy Blade","floor":28},{"not_picked":["Juggernaut","Brutality","Impervious"],"picked":"SKIP","floor":29},{"not_picked":["Wild Strike+1","Rage+1","Dual Wield"],"picked":"Shrug It Off","floor":31},{"not_picked":["Bludgeon","Brutality","Impervious"],"picked":"Limit Break","floor":33},{"not_picked":["Anger","Havoc","Warcry+1"],"picked":"Heavy Blade+1","floor":35},{"not_picked":["Forethought","PanicButton","Bandage Up"],"picked":"Apotheosis","floor":37},{"not_picked":["Sadistic Nature","Bandage Up","Dramatic Entrance"],"picked":"Discovery","floor":37},{"not_picked":["True Grit","Cleave","Rupture+1","Spot Weakness"],"picked":"SKIP","floor":39},{"not_picked":["Offering","Bludgeon","Dark Embrace"],"picked":"Reaper","floor":41},{"not_picked":["Juggernaut","Demon Form","Berserk"],"picked":"Exhume","floor":44},{"not_picked":["Juggernaut","Bludgeon+1","Fiend Fire+1"],"picked":"Barricade","floor":46},{"not_picked":["Havoc","Twin Strike+1","Anger+1"],"picked":"Headbutt+1","floor":47},{"not_picked":["Twin Strike+1","Feel No Pain+1","Havoc"],"picked":"Ghostly Armor+1","floor":48}],"player_experience":1086818,"relics_obtained":[{"floor":6,"key":"Pantograph"},{"floor":8,"key":"Oddly Smooth Stone"},{"floor":9,"key":"Dream Catcher"},{"floor":10,"key":"Ancient Tea Set"},{"floor":12,"key":"Champion Belt"},{"floor":14,"key":"Potion Belt"},{"floor":23,"key":"Boot"},{"floor":23,"key":"Bottled Tornado"},{"floor":25,"key":"The Courier"},{"floor":25,"key":"Bottled Lightning"},{"floor":26,"key":"Blood Vial"},{"floor":27,"key":"StoneCalendar"},{"floor":27,"key":"War Paint"},{"floor":29,"key":"Orichalcum"},{"floor":29,"key":"Question Card"},{"floor":41,"key":"Art of War"},{"floor":41,"key":"Smiling Mask"},{"floor":43,"key":"Bag of Marbles"},{"floor":44,"key":"Molten Egg 2"},{"floor":44,"key":"MawBank"},{"floor":46,"key":"Pen Nib"},{"floor":46,"key":"Bottled Flame"}],"event_choices":[{"damage_healed":0,"gold_gain":0,"player_choice":"Got Potions","damage_taken":0,"max_hp_gain":0,"max_hp_loss":0,"event_name":"Lab","floor":4,"gold_loss":0},{"damage_healed":0,"gold_gain":0,"player_choice":"Ignored","damage_taken":0,"max_hp_gain":0,"max_hp_loss":0,"event_name":"Tomb of Lord Red Mask","floor":36,"gold_loss":0},{"damage_healed":0,"gold_gain":0,"player_choice":"Memory 3","damage_taken":10,"max_hp_gain":0,"max_hp_loss":0,"event_name":"SensoryStone","floor":37,"gold_loss":0},{"damage_healed":0,"gold_gain":0,"player_choice":"Trade","damage_taken":0,"relics_obtained":["FaceOfCleric"],"max_hp_gain":0,"max_hp_loss":0,"event_name":"FaceTrader","floor":38,"gold_loss":0}],"is_beta":false,"boss_relics":[{"not_picked":["Astrolabe","Cursed Key"],"picked":"Black Star"},{"not_picked":["Runic Pyramid","Calling Bell"],"picked":"Runic Dome"}],"items_purged_floors":[],"is_endless":false,"potions_floor_spawned":[1,8,10,16,18,23,25,29,33,35,39,47,48],"ascension_level":0}