{"gold_per_floor":[119,119,119,33,33,74,74,74,120,140,140,140,160,179,179,179],"floor_reached":16,"playtime":614,"items_purged":[],"score":196,"play_id":"34ed6f64-f84d-4433-b353-38597cc5e7ff","local_time":"20190920031019","is_ascension_mode":true,"campfire_choices":[{"floor":7,"key":"REST"},{"data":"Rupture","floor":12,"key":"SMITH"},{"data":"Bash","floor":15,"key":"SMITH"}],"neow_cost":"NONE","seed_source_timestamp":216408715864849,"circlet_count":0,"master_deck":["AscendersBane","Strike_R","Strike_R","Strike_R","Defend_R","Defend_R","Defend_R","Defend_R","Bash+1","Seeing Red","Corruption","Regret","Offering","Cleave","Rupture+1","Metallicize","Shrug It Off","Feel No Pain"],"special_seed":0,"relics":["Burning Blood","Question Card","Golden Idol","PreservedInsect","Bag of Preparation"],"potions_floor_usage":[6,14,16],"damage_taken":[{"damage":4.0,"enemies":"Jaw Worm","floor":1.0,"turns":4.0},{"damage":63,"enemies":"Gremlin Nob","floor":6,"turns":6},{"damage":6,"enemies":"2 Louse","floor":10,"turns":3},{"damage":17,"enemies":"Small Slimes","floor":13,"turns":4},{"damage":0,"enemies":"3 Louse","floor":14,"turns":1},{"damage":27,"enemies":"The Guardian","floor":16,"turns":3}],"seed_played":"4132249431098548977","potions_obtained":[{"floor":1.0,"key":"LiquidBronze"},{"floor":6,"key":"SkillPotion"},{"floor":10,"key":"Explosive Potion"}],"is_trial":false,"path_per_floor":["M","?","?","$","?","E","R","?","T","M","$","R","M","M","R","B"],"character_chosen":"IRONCLAD","items_purchased":["Offering"],"campfire_rested":1,"item_purchase_floors":[4],"current_hp_per_floor":[70,70,70,70,68,11,31,31,31,31,31,31,20,26,26,0],"gold":179,"neow_bonus":"TRANSFORM_CARD","is_prod":false,"is_daily":false,"chose_seed":false,"campfire_upgraded":2,"win_rate":0,"timestamp":1568974219,"path_taken":["M","?","?","$","?","E","R","?","T","?","$","R","M","M","R","BOSS"],"build_version":"2019-07-17","purchased_purges":0,"victory":false,"max_hp_per_floor":[75,75,75,75,68,68,68,68,68,68,68,68,68,68,68,68],"card_choices":[{"not_picked":["Corruption","Anger","Heavy Blade"],"picked":"SKIP","floor":1.0},{"not_picked":["Anger","Heavy Blade"],"picked":"Corruption","floor":1.0},{"not_picked":["Flex","Twin Strike","Reckless Charge"],"picked":"Cleave","floor":6},{"not_picked":["Wild Strike","Ghostly Armor","Warcry"],"picked":"Metallicize","floor":10},{"not_picked":["Pommel Strike","Iron Wave","Armaments"],"picked":"Shrug It Off","floor":13},{"not_picked":["Wild Strike","Evolve","Corruption"],"picked":"Feel No Pain","floor":14}],"player_experience":1187377,"relics_obtained":[{"floor":6,"key":"PreservedInsect"},{"floor":9,"key":"Bag of Preparation"}],"event_choices":[{"damage_healed":0.0,"max_hp_gain":0.0,"max_hp_loss":0.0,"gold_gain":0.0,"event_name":"Big Fish","player_choice":"Box","floor":2.0,"gold_loss":0.0,"damage_taken":0.0,"relics_obtained":["Question Card"],"cards_obtained":["Regret"]},{"damage_healed":0.0,"max_hp_gain":0.0,"max_hp_loss":0.0,"gold_gain":0.0,"event_name":"Liars Game","player_choice":"Ignored","floor":3.0,"gold_loss":0.0,"damage_taken":0.0},{"damage_healed":0.0,"max_hp_gain":0.0,"max_hp_loss":7.0,"gold_gain":0.0,"event_name":"Golden Idol","player_choice":"Lose Max HP","floor":5.0,"gold_loss":0.0,"damage_taken":0.0,"relics_obtained":["Golden Idol"]},{"damage_healed":0,"gold_gain":0,"cards_transformed":["Strike_R"],"player_choice":"Transformed","damage_taken":0,"max_hp_gain":0,"max_hp_loss":0,"event_name":"Transmorgrifier","floor":8,"gold_loss":0,"cards_obtained":["Rupture"]}],"is_beta":false,"boss_relics":[],"items_purged_floors":[],"is_endless":false,"potions_floor_spawned":[1,6,10],"killed_by":"The Guardian","ascension_level":20}