{"gold_per_floor":[212,227,177,102,102,102,136,136,166,184,184,200,100,100,100,100],"floor_reached":16,"playtime":466,"items_purged":["Strike_R","Strike_R"],"score":98,"play_id":"3cb8c1f9-81de-4910-a3a5-57591aa7a4cd","local_time":"20190410214804","is_ascension_mode":false,"campfire_choices":[{"data":"Uppercut","floor":6,"key":"SMITH"},{"data":"Clothesline","floor":8,"key":"SMITH"},{"data":"Bash","floor":11,"key":"SMITH"},{"data":"Defend_R","floor":15,"key":"SMITH"}],"neow_cost":"NONE","seed_source_timestamp":136959435786042,"circlet_count":0,"master_deck":["Strike_R","Strike_R","Defend_R+1","Defend_R","Defend_R","Defend_R","Bash+1","Uppercut+1","Clothesline+1"],"relics":["Burning Blood","Tiny Chest","Happy Flower"],"potions_floor_usage":[7],"damage_taken":[{"damage":5,"enemies":"Jaw Worm","floor":1,"turns":5},{"damage":3,"enemies":"Small Slimes","floor":2,"turns":3},{"damage":26,"enemies":"Lagavulin","floor":7,"turns":5},{"damage":4,"enemies":"Cultist","floor":10,"turns":3},{"damage":9,"enemies":"Large Slime","floor":12,"turns":5},{"damage":48,"enemies":"The Guardian","floor":16,"turns":14}],"seed_played":"7296706976571298269","potions_obtained":[{"floor":1,"key":"LiquidBronze"},{"floor":10,"key":"Regen Potion"}],"is_trial":false,"path_per_floor":["M","M","?","$","?","R","E","R","T","M","R","M","$","?","R","B"],"character_chosen":"IRONCLAD","items_purchased":[],"campfire_rested":0,"item_purchase_floors":[],"current_hp_per_floor":[80,80,80,80,85,85,65,65,65,67,67,64,64,46,46,0],"gold":100,"neow_bonus":"HUNDRED_GOLD","is_prod":false,"is_daily":false,"chose_seed":false,"campfire_upgraded":4,"win_rate":0,"timestamp":1554958084,"path_taken":["M","M","?","$","?","R","E","R","T","?","R","?","$","?","R","BOSS"],"build_version":"2019-01-23","purchased_purges":2,"victory":false,"max_hp_per_floor":[80,80,80,80,85,85,85,85,85,85,85,85,85,85,85,85],"card_choices":[{"not_picked":["Clash","Flex"],"picked":"Uppercut","floor":1},{"not_picked":["True Grit","Thunderclap"],"picked":"Clothesline","floor":2},{"not_picked":["Clash","Entrench","Cleave"],"picked":"SKIP","floor":10},{"not_picked":["Havoc","Dual Wield","Perfected Strike"],"picked":"SKIP","floor":12}],"player_experience":1014024,"relics_obtained":[{"floor":9,"key":"Tiny Chest"}],"event_choices":[{"cards_removed":["Strike_R"],"damage_healed":0,"gold_gain":0,"player_choice":"Card Removal","damage_taken":0,"max_hp_gain":0,"max_hp_loss":0,"event_name":"The Cleric","floor":3,"gold_loss":50},{"damage_healed":0,"gold_gain":0,"player_choice":"Donut","damage_taken":0,"max_hp_gain":5,"max_hp_loss":0,"event_name":"Big Fish","floor":5,"gold_loss":0},{"damage_healed":0,"gold_gain":0,"player_choice":"Success","damage_taken":18,"relics_obtained":["Happy Flower"],"max_hp_gain":0,"max_hp_loss":0,"event_name":"Scrap Ooze","floor":14,"gold_loss":0}],"is_beta":false,"boss_relics":[],"items_purged_floors":[4,13],"is_endless":false,"potions_floor_spawned":[1,10],"killed_by":"The Guardian","ascension_level":0}