{"gold_per_floor":[115,115,290,300,300,332,332,364,364,397,29,42,42,110,110,205,205,224,235,235,128,142,169,34,34,64,98,113,146,146,179,179,278,278,290,290,300,316,274,308,322,322,322,353,34,59,78,128,128,128,128,128,65,94,94],"floor_reached":56,"playtime":2289,"items_purged":["Doubt"],"score":1797,"play_id":"302b7fdd-6843-41c1-a6c9-ffe055357c8d","local_time":"20190910023132","daily_mods":["Cursed Run","Colorless Cards","Elite Swarm"],"is_ascension_mode":true,"campfire_choices":[{"data":"Metamorphosis","floor":7,"key":"SMITH"},{"floor":15,"key":"DIG"},{"floor":25,"key":"DIG"},{"floor":32,"key":"DIG"},{"floor":42,"key":"DIG"},{"floor":49,"key":"RECALL"},{"floor":52,"key":"DIG"}],"neow_cost":"","seed_source_timestamp":0,"circlet_count":0,"master_deck":["Strike_R","Defend_R","Defend_R+1","Defend_R","Defend_R","Bash+1","Shrug It Off","Metamorphosis+1","Reaper","Writhe","Master of Strategy+1","Headbutt","Apotheosis+1","Offering+1","Heavy Blade+1","Corruption+1","Shrug It Off+1","Feel No Pain+1","Purity+1","Shrug It Off+1","Panacea+1","Havoc+1","Fiend Fire","Chrysalis+1","Metamorphosis+1","Feel No Pain","Fiend Fire","Decay","Offering+1","Parasite","Juggernaut","Dropkick+1","Flame Barrier+1","Panacea+1","Madness+1","True Grit+1","Metamorphosis+1","Headbutt+1","Shame","Exhume+1","Feel No Pain","Disarm+1","Master of Strategy+1","Parasite","Ghostly Armor+1","Chrysalis+1","Pain"],"relics":["Cursed Key","Darkstone Periapt","Du-Vu Doll","Shovel","Pear","Matryoshka","The Courier","Champion Belt","Omamori","Toxic Egg 2","Bag of Marbles","Paper Frog","Astrolabe","Blue Candle","Kunai","Tiny Chest","Bottled Flame","Red Skull","Bottled Lightning","Mummified Hand","Unceasing Top","Molten Egg 2","Black Star","Girya","Meat on the Bone","Anchor","Bag of Preparation","Happy Flower","Letter Opener","Ginger","Ornamental Fan","PreservedInsect","FossilizedHelix","Self Forming Clay","Mercury Hourglass","Magic Flower"],"potions_floor_usage":[8,16,16,29,55,55,55],"damage_taken":[{"damage":0,"enemies":"Cultist","floor":1,"turns":3},{"damage":0,"enemies":"Small Slimes","floor":4,"turns":3},{"damage":17,"enemies":"Lagavulin","floor":6,"turns":6},{"damage":18,"enemies":"Gremlin Nob","floor":8,"turns":4},{"damage":39,"enemies":"Lagavulin","floor":10,"turns":4},{"damage":8,"enemies":"Jaw Worm","floor":12,"turns":2},{"damage":20,"enemies":"3 Sentries","floor":14,"turns":6},{"damage":25,"enemies":"The Guardian","floor":16,"turns":8},{"damage":11,"enemies":"Chosen","floor":18,"turns":2},{"damage":9,"enemies":"2 Thieves","floor":19,"turns":3},{"damage":6,"enemies":"Chosen and Byrds","floor":22,"turns":3},{"damage":22,"enemies":"Slavers","floor":23,"turns":4},{"damage":40,"enemies":"Gremlin Leader","floor":27,"turns":3},{"damage":25,"enemies":"Cultist and Chosen","floor":28,"turns":5},{"damage":19,"enemies":"Slavers","floor":29,"turns":5},{"damage":7,"enemies":"Gremlin Leader","floor":31,"turns":4},{"damage":36,"enemies":"Automaton","floor":33,"turns":8},{"damage":14,"enemies":"3 Darklings","floor":35,"turns":3},{"damage":6,"enemies":"Orb Walker","floor":37,"turns":1},{"damage":14,"enemies":"Sphere and 2 Shapes","floor":38,"turns":1},{"damage":13,"enemies":"Giant Head","floor":40,"turns":4},{"damage":16,"enemies":"3 Darklings","floor":41,"turns":2},{"damage":12,"enemies":"Nemesis","floor":44,"turns":1},{"damage":12,"enemies":"Reptomancer","floor":46,"turns":1},{"damage":6,"enemies":"Spire Growth","floor":47,"turns":1},{"damage":12,"enemies":"2 Orb Walkers","floor":48,"turns":2},{"damage":1,"enemies":"Time Eater","floor":50,"turns":6},{"damage":6,"enemies":"Shield and Spear","floor":54,"turns":2},{"damage":10,"enemies":"The Heart","floor":55,"turns":6}],"seed_played":"4448902440762318286","potions_obtained":[{"floor":4,"key":"Swift Potion"},{"floor":6,"key":"BloodPotion"},{"floor":8,"key":"EssenceOfSteel"},{"floor":14,"key":"SkillPotion"},{"floor":16,"key":"BloodPotion"},{"floor":19,"key":"Energy Potion"},{"floor":31,"key":"LiquidBronze"}],"is_trial":true,"path_per_floor":["M","?","?","M","?","E","R","E","T","E","$","M","?","E","R","B",null,"M","M","?","$","M","E","$","R","T","E","M","E","T","E","R","B",null,"M","?","M","M","$","E","M","R","T","E","$","E","M","?","R","B",null,"R","$","E","B",null],"character_chosen":"IRONCLAD","items_purchased":["Omamori","Toxic Egg 2","Shrug It Off+1","Panacea+1","Chrysalis+1","True Grit+1","Feel No Pain","Disarm+1","Ginger","Ghostly Armor+1"],"campfire_rested":0,"item_purchase_floors":[11,11,21,21,24,39,45,45,45,53],"current_hp_per_floor":[80,64,70,70,76,69,69,76,82,43,43,35,35,33,33,15,108,97,95,95,95,89,82,82,82,82,66,41,67,73,82,82,66,120,120,120,114,100,100,109,93,93,99,87,87,75,69,95,95,100,132,132,132,126,122],"gold":94,"neow_bonus":"","is_prod":false,"is_daily":false,"chose_seed":false,"campfire_upgraded":1,"win_rate":0,"timestamp":1568107892,"path_taken":["M","?","?","M","?","E","R","E","T","E","?","M","?","E","R","BOSS","M","?","?","?","?","E","$","R","T","E","M","E","?","E","R","BOSS","M","?","M","?","$","E","?","R","T","E","$","E","?","?","R","BOSS","R","$","E","BOSS"],"build_version":"2019-07-17","purchased_purges":1,"victory":true,"max_hp_per_floor":[80,80,86,86,92,102,102,102,108,108,108,108,108,108,108,108,108,108,108,108,108,108,108,108,108,108,108,108,108,114,114,114,120,120,120,120,120,120,120,120,120,120,126,126,126,126,126,126,126,132,132,132,132,132,138],"card_choices":[{"not_picked":["Cleave","Purity"],"picked":"Shrug It Off","floor":1},{"not_picked":["Anger","Clash","Havoc"],"picked":"SKIP","floor":4},{"not_picked":["Demon Form","Sadistic Nature"],"picked":"Metamorphosis","floor":6},{"not_picked":["The Bomb","Berserk"],"picked":"Reaper","floor":8},{"not_picked":["Demon Form","Mayhem"],"picked":"Master of Strategy","floor":10},{"not_picked":["Clothesline","Heavy Blade"],"picked":"Headbutt","floor":12},{"not_picked":["Brutality","Impervious+1"],"picked":"Apotheosis+1","floor":14},{"not_picked":["Juggernaut","Secret Technique+1"],"picked":"Offering+1","floor":16},{"not_picked":["Deep Breath+1","Flex+1"],"picked":"Feel No Pain+1","floor":18},{"not_picked":["Rupture","Flex+1"],"picked":"Purity+1","floor":19},{"not_picked":["Perfected Strike+1","Pommel Strike"],"picked":"Havoc+1","floor":22},{"not_picked":["Limit Break+1","Master of Strategy+1"],"picked":"Fiend Fire","floor":23},{"not_picked":["Mayhem","The Bomb+1"],"picked":"Metamorphosis+1","floor":27},{"not_picked":["Iron Wave+1","Flex+1"],"picked":"Feel No Pain","floor":28},{"not_picked":["Barricade","Secret Weapon+1"],"picked":"Fiend Fire","floor":29},{"not_picked":["Impervious+1","Bludgeon"],"picked":"Offering+1","floor":31},{"not_picked":["Fiend Fire+1","Violence+1"],"picked":"Juggernaut","floor":33},{"not_picked":["True Grit+1","Warcry+1"],"picked":"Dropkick+1","floor":35},{"not_picked":["Havoc+1","Dark Shackles+1"],"picked":"Panacea+1","floor":37},{"not_picked":["Body Slam+1","Sword Boomerang+1"],"picked":"Madness+1","floor":38},{"not_picked":["Limit Break+1","Apotheosis+1"],"picked":"Metamorphosis+1","floor":40},{"not_picked":["Anger+1","Wild Strike+1"],"picked":"Headbutt+1","floor":41},{"not_picked":["Thinking Ahead+1","Double Tap+1"],"picked":"Exhume+1","floor":44},{"not_picked":["Berserk","Transmutation+1"],"picked":"Master of Strategy+1","floor":46},{"not_picked":["Wild Strike+1","Headbutt+1","Sever Soul+1"],"picked":"SKIP","floor":47},{"not_picked":["Dark Embrace","Brutality"],"picked":"Chrysalis+1","floor":54}],"player_experience":1100899,"relics_obtained":[{"floor":6,"key":"Pear"},{"floor":8,"key":"Matryoshka"},{"floor":9,"key":"The Courier"},{"floor":10,"key":"Champion Belt"},{"floor":14,"key":"Bag of Marbles"},{"floor":15,"key":"Paper Frog"},{"floor":23,"key":"Blue Candle"},{"floor":25,"key":"Kunai"},{"floor":26,"key":"Tiny Chest"},{"floor":26,"key":"Bottled Flame"},{"floor":27,"key":"Red Skull"},{"floor":29,"key":"Bottled Lightning"},{"floor":30,"key":"Mummified Hand"},{"floor":31,"key":"Unceasing Top"},{"floor":32,"key":"Molten Egg 2"},{"floor":40,"key":"Girya"},{"floor":40,"key":"Meat on the Bone"},{"floor":42,"key":"Anchor"},{"floor":43,"key":"Bag of Preparation"},{"floor":44,"key":"Happy Flower"},{"floor":44,"key":"Letter Opener"},{"floor":46,"key":"Ornamental Fan"},{"floor":46,"key":"PreservedInsect"},{"floor":48,"key":"FossilizedHelix"},{"floor":52,"key":"Self Forming Clay"},{"floor":54,"key":"Mercury Hourglass"},{"floor":54,"key":"Magic Flower"}],"event_choices":[{"damage_healed":0,"gold_gain":0,"player_choice":"Entered Light","damage_taken":16,"max_hp_gain":0,"max_hp_loss":0,"event_name":"Shining Light","floor":2,"gold_loss":0,"cards_upgraded":["Bash","Defend_R"]},{"damage_healed":0,"gold_gain":175,"player_choice":"AGREE","damage_taken":0,"max_hp_gain":0,"max_hp_loss":0,"event_name":"Liars Game","floor":3,"gold_loss":0,"cards_obtained":["Doubt"]},{"damage_healed":0,"gold_gain":0,"player_choice":"Box","damage_taken":0,"relics_obtained":["Shovel"],"max_hp_gain":0,"max_hp_loss":0,"event_name":"Big Fish","floor":5,"gold_loss":0,"cards_obtained":["Regret"]},{"damage_healed":0,"gold_gain":0,"player_choice":"Upgraded","damage_taken":0,"max_hp_gain":0,"max_hp_loss":0,"event_name":"Upgrade Shrine","floor":13,"gold_loss":0,"cards_upgraded":["Master of Strategy"]},{"cards_removed":["Regret"],"damage_healed":0,"gold_gain":0,"player_choice":"Purged","damage_taken":0,"max_hp_gain":0,"max_hp_loss":0,"event_name":"Purifier","floor":20,"gold_loss":0},{"damage_healed":0,"gold_gain":0,"cards_transformed":["Strike_R"],"player_choice":"Transformed","damage_taken":0,"max_hp_gain":0,"max_hp_loss":0,"event_name":"Transmorgrifier","floor":36,"gold_loss":0,"cards_obtained":["Flame Barrier"]},{"damage_healed":0,"gold_gain":0,"player_choice":"Fight","damage_taken":0,"max_hp_gain":0,"max_hp_loss":0,"event_name":"Mysterious Sphere","floor":48,"gold_loss":0}],"is_beta":false,"boss_relics":[{"not_picked":["Lizard Tail","Fusion Hammer"],"picked":"Astrolabe"},{"not_picked":["Runic Cube","Runic Dome"],"picked":"Black Star"}],"items_purged_floors":[11],"is_endless":false,"potions_floor_spawned":[4,6,8,14,16,19,22,28,31,35,44,46,47,48],"ascension_level":1}