{"gold_per_floor":[116,116,41,60,70,102,121,133,133,133,152,178,178,206,206,302,302,315,328,328,328,348,348,248,248,248,248,266,283,298,327,327,428,428,441,441,451,470,490,490,524,540,567,567,583,583,3,19,19,19],"floor_reached":51,"playtime":6051,"items_purged":["Strike_B","Defend_B","Defend_B"],"score":929,"play_id":"208c3720-d1ff-47ab-906a-d7c3af6f6839","local_time":"20190920194207","is_ascension_mode":true,"campfire_choices":[{"data":"Glacier","floor":10.0,"key":"SMITH"},{"data":"Blizzard","floor":15.0,"key":"SMITH"},{"data":"Conserve Battery","floor":23.0,"key":"SMITH"},{"data":"Loop","floor":25.0,"key":"SMITH"},{"data":"Barrage","floor":27.0,"key":"SMITH"},{"data":"Coolheaded","floor":32.0,"key":"SMITH"},{"data":"Cold Snap","floor":40.0,"key":"SMITH"},{"data":"Ghostly","floor":44.0,"key":"SMITH"},{"data":"Ghostly","floor":49,"key":"SMITH"}],"neow_cost":"NONE","seed_source_timestamp":1022538622052708,"circlet_count":0,"master_deck":["Defend_B","Defend_B","Zap","Dualcast+1","Glacier+1","Conserve Battery+1","White Noise","Blizzard+1","Barrage+1","Cold Snap+1","Self Repair","Loop+1","Echo Form","Ghostly+1","Ghostly+1","Ghostly","Ghostly","Ghostly","Coolheaded+1","Chill","Coolheaded+1","Seek","Hologram+1","Parasite"],"special_seed":0,"relics":["Cracked Core","Mango","Ancient Tea Set","Orichalcum","Molten Egg 2","Nuclear Battery","Bag of Marbles","Regal Pillow","Sozu","Calipers","DataDisk","Symbiotic Virus","TheAbacus"],"potions_floor_usage":[],"damage_taken":[{"damage":2.0,"enemies":"Jaw Worm","floor":1.0,"turns":3.0},{"damage":0.0,"enemies":"Cultist","floor":4.0,"turns":4.0},{"damage":0.0,"enemies":"2 Louse","floor":5.0,"turns":2.0},{"damage":0.0,"enemies":"Lagavulin","floor":6.0,"turns":9.0},{"damage":29.0,"enemies":"Gremlin Gang","floor":7.0,"turns":8.0},{"damage":2.0,"enemies":"Blue Slaver","floor":8.0,"turns":4.0},{"damage":0.0,"enemies":"Large Slime","floor":11.0,"turns":5.0},{"damage":32.0,"enemies":"Gremlin Nob","floor":12.0,"turns":6.0},{"damage":8.0,"enemies":"Lagavulin","floor":14.0,"turns":10.0},{"damage":7.0,"enemies":"Slime Boss","floor":16.0,"turns":12.0},{"damage":14.0,"enemies":"2 Thieves","floor":18.0,"turns":5.0},{"damage":2.0,"enemies":"Shell Parasite","floor":19.0,"turns":6.0},{"damage":1.0,"enemies":"Snake Plant","floor":22.0,"turns":7.0},{"damage":16.0,"enemies":"Sentry and Sphere","floor":28.0,"turns":9.0},{"damage":0.0,"enemies":"Shelled Parasite and Fungi","floor":29.0,"turns":9.0},{"damage":13.0,"enemies":"Cultist and Chosen","floor":30.0,"turns":10.0},{"damage":2.0,"enemies":"Book of Stabbing","floor":31.0,"turns":9.0},{"damage":15.0,"enemies":"Automaton","floor":33.0,"turns":12.0},{"damage":3.0,"enemies":"Orb Walker","floor":35.0,"turns":7.0},{"damage":0.0,"enemies":"3 Darklings","floor":37.0,"turns":7.0},{"damage":13.0,"enemies":"4 Shapes","floor":38.0,"turns":3.0},{"damage":0.0,"enemies":"Sphere and 2 Shapes","floor":39.0,"turns":6.0},{"damage":0.0,"enemies":"Nemesis","floor":41.0,"turns":9.0},{"damage":0.0,"enemies":"Transient","floor":42.0,"turns":5.0},{"damage":0.0,"enemies":"Maw","floor":45.0,"turns":9.0},{"damage":3,"enemies":"Writhing Mass","floor":48,"turns":6},{"damage":18,"enemies":"Donu and Deca","floor":50,"turns":11}],"seed_played":"-1143249071253876898","potions_obtained":[{"floor":1.0,"key":"SkillPotion"},{"floor":7.0,"key":"SteroidPotion"},{"floor":8.0,"key":"Block Potion"},{"floor":11.0,"key":"Dexterity Potion"},{"floor":14.0,"key":"Energy Potion"},{"floor":16.0,"key":"EssenceOfSteel"},{"floor":19.0,"key":"Fire Potion"},{"floor":28.0,"key":"Dexterity Potion"},{"floor":31.0,"key":"Energy Potion"}],"is_trial":false,"path_per_floor":["M","?","$","M","M","E","M","M","T","R","M","E","?","E","R","B",null,"M","M","?","?","M","R","$","R","T","R","M","M","M","E","R","B",null,"M","?","M","M","M","R","E","M","T","R","M","?","$","M","R","B",null],"character_chosen":"DEFECT","items_purchased":["Symbiotic Virus","TheAbacus"],"campfire_rested":0,"item_purchase_floors":[47,47],"current_hp_per_floor":[73,73,73,73,73,87,58,56,56,56,56,31,31,30,30,30,74,67,79,44,44,44,44,44,44,44,44,35,44,38,43,43,35,42,44,44,44,38,44,44,44,44,44,44,44,44,44,44,44,33],"gold":19,"neow_bonus":"UPGRADE_CARD","is_prod":false,"is_daily":false,"chose_seed":false,"campfire_upgraded":9,"win_rate":0,"timestamp":1569022927,"path_taken":["M","?","?","M","?","E","M","M","T","R","M","E","?","E","R","BOSS","M","?","?","?","M","R","$","R","T","R","?","M","M","E","R","BOSS","M","?","?","M","M","R","E","M","T","R","M","?","?","M","R","BOSS"],"build_version":"2019-07-17","purchased_purges":3,"victory":true,"max_hp_per_floor":[75,75,75,75,75,89,89,89,89,89,89,89,89,89,89,89,89,89,89,44,44,44,44,44,44,44,44,44,44,44,44,44,44,44,44,44,44,44,44,44,44,44,44,44,44,44,44,44,44,44],"card_choices":[{"not_picked":["Hello World","Redo"],"picked":"Glacier","floor":1.0},{"not_picked":["Redo","Force Field"],"picked":"Conserve Battery","floor":4.0},{"not_picked":["Darkness","Reinforced Body"],"picked":"White Noise","floor":5.0},{"not_picked":["Turbo","Streamline"],"picked":"Blizzard","floor":6.0},{"not_picked":["Rebound","Storm"],"picked":"Barrage","floor":7.0},{"not_picked":["Beam Cell","Steam"],"picked":"Cold Snap","floor":8.0},{"not_picked":["Doom and Gloom","Sweeping Beam"],"picked":"Self Repair","floor":11.0},{"not_picked":["Undo","Storm","Electrodynamics"],"picked":"SKIP","floor":12.0},{"not_picked":["Fission","Blizzard"],"picked":"Loop","floor":14.0},{"not_picked":["Thunder Strike+1","Biased Cognition"],"picked":"Echo Form","floor":16.0},{"not_picked":["Aggregate","Heatsinks","Stack"],"picked":"SKIP","floor":18.0},{"not_picked":["Steam Power","Steam","Leap"],"picked":"SKIP","floor":19.0},{"not_picked":["Rebound+1","Defragment"],"picked":"Coolheaded","floor":22.0},{"not_picked":["Defragment","Fusion"],"picked":"Chill","floor":28.0},{"not_picked":["Stack+1","Streamline+1"],"picked":"Coolheaded+1","floor":29.0},{"not_picked":["Stack","Chill","Buffer"],"picked":"SKIP","floor":30.0},{"not_picked":["FTL+1","Aggregate"],"picked":"Barrage+1","floor":31.0},{"not_picked":["Meteor Strike+1","Creative AI"],"picked":"Seek","floor":33.0},{"not_picked":["Beam Cell+1","Go for the Eyes+1"],"picked":"Hologram+1","floor":35.0},{"not_picked":["Aggregate","Scrape+1","Beam Cell+1"],"picked":"SKIP","floor":37.0},{"not_picked":["Loop","Stack+1","Go for the Eyes+1"],"picked":"SKIP","floor":38.0},{"not_picked":["Leap","Rip and Tear+1","Hologram+1"],"picked":"SKIP","floor":39.0},{"not_picked":["Turbo","Barrage+1","Doom and Gloom+1"],"picked":"SKIP","floor":41.0},{"not_picked":["Multi-Cast","Barrage+1","Skim"],"picked":"SKIP","floor":42.0},{"not_picked":["Conserve Battery","Compile Driver+1","Coolheaded+1"],"picked":"SKIP","floor":45.0},{"not_picked":["Redo","Cold Snap+1","Ball Lightning+1"],"picked":"SKIP","floor":48}],"player_experience":281179,"relics_obtained":[{"floor":6.0,"key":"Mango"},{"floor":9.0,"key":"Ancient Tea Set"},{"floor":12.0,"key":"Orichalcum"},{"floor":14.0,"key":"Molten Egg 2"},{"floor":26.0,"key":"Bag of Marbles"},{"floor":31.0,"key":"Regal Pillow"},{"floor":41.0,"key":"Calipers"},{"floor":43.0,"key":"DataDisk"}],"event_choices":[{"cards_removed":["Strike_B"],"damage_healed":0.0,"max_hp_gain":0.0,"max_hp_loss":0.0,"gold_gain":0.0,"event_name":"Purifier","player_choice":"Purged","floor":2.0,"gold_loss":0.0,"damage_taken":0.0},{"cards_removed":["Strike_B"],"damage_healed":0.0,"max_hp_gain":0.0,"max_hp_loss":0.0,"gold_gain":0.0,"event_name":"Purifier","player_choice":"Purged","floor":13.0,"gold_loss":0.0,"damage_taken":0.0},{"damage_healed":0.0,"max_hp_gain":0.0,"max_hp_loss":45.0,"gold_gain":0.0,"event_name":"Ghosts","player_choice":"Became a Ghost","floor":20.0,"gold_loss":0.0,"damage_taken":0.0,"cards_obtained":["Ghostly","Ghostly","Ghostly","Ghostly","Ghostly"]},{"damage_healed":0.0,"max_hp_gain":0.0,"max_hp_loss":0.0,"gold_gain":0.0,"event_name":"The Mausoleum","player_choice":"Ignored","floor":21.0,"gold_loss":0.0,"damage_taken":0.0},{"cards_removed":["Strike_B"],"damage_healed":0.0,"max_hp_gain":0.0,"max_hp_loss":0.0,"gold_gain":0.0,"event_name":"Wheel of Change","player_choice":"Card Removal","floor":36.0,"gold_loss":0.0,"damage_taken":0.0},{"cards_removed":["Barrage"],"damage_healed":0.0,"max_hp_gain":0.0,"max_hp_loss":0.0,"gold_gain":0.0,"event_name":"Falling","player_choice":"Removed Attack","floor":46.0,"gold_loss":0.0,"damage_taken":0.0}],"is_beta":false,"boss_relics":[{"not_picked":["Runic Pyramid","FrozenCore"],"picked":"Nuclear Battery"},{"not_picked":["Cursed Key","Orrery"],"picked":"Sozu"}],"items_purged_floors":[3,24,47],"is_endless":false,"potions_floor_spawned":[1,7,8,11,14,16,19,28,31,33,35,38,39,42,45,48],"ascension_level":5}