{"gold_per_floor":[116,116,191,211,43,68,68,97,97,97,62,76,110,124,124,201,201,214,214,214,42,38,71,71,71],"floor_reached":25,"playtime":1322,"items_purged":[],"score":438,"play_id":"42a11cf8-281f-4fa7-bee0-ad916959530c","local_time":"20190923034922","is_ascension_mode":true,"campfire_choices":[{"data":"Rupture","floor":7.0,"key":"SMITH"},{"data":"Flame Barrier","floor":10.0,"key":"SMITH"},{"data":"Disarm","floor":15.0,"key":"SMITH"},{"data":"Warcry","floor":24,"key":"SMITH"}],"neow_cost":"NONE","seed_source_timestamp":635946389715100,"circlet_count":0,"master_deck":["AscendersBane","Strike_R","Strike_R","Strike_R","Strike_R","Strike_R","Defend_R","Defend_R","Defend_R","Defend_R","Bash+1","Metallicize","Disarm+1","Rupture+1","Flame Barrier+1","Thunderclap","Bloodletting","Metallicize","Exhume","Metallicize","Body Slam","Warcry+1"],"special_seed":0,"relics":["Burning Blood","Boot","Pen Nib","Mummified Hand","Du-Vu Doll","Sundial","Blue Candle","Velvet Choker","MutagenicStrength","PreservedInsect","Lantern"],"potions_floor_usage":[23,23,25],"damage_taken":[{"damage":7.0,"enemies":"Small Slimes","floor":1.0,"turns":4.0},{"damage":6.0,"enemies":"Jaw Worm","floor":4.0,"turns":5.0},{"damage":27.0,"enemies":"Gremlin Nob","floor":6.0,"turns":5.0},{"damage":30.0,"enemies":"3 Sentries","floor":8.0,"turns":11.0},{"damage":1.0,"enemies":"Cultist","floor":12.0,"turns":3.0},{"damage":6.0,"enemies":"Lagavulin","floor":13.0,"turns":8.0},{"damage":0.0,"enemies":"2 Fungi Beasts","floor":14.0,"turns":2.0},{"damage":17.0,"enemies":"The Guardian","floor":16.0,"turns":16.0},{"damage":13.0,"enemies":"3 Byrds","floor":18.0,"turns":5.0},{"damage":16.0,"enemies":"2 Thieves","floor":22.0,"turns":5.0},{"damage":42,"enemies":"Slavers","floor":23,"turns":8},{"damage":16,"enemies":"Book of Stabbing","floor":25,"turns":1}],"seed_played":"3270400302519050605","potions_obtained":[{"floor":1.0,"key":"EssenceOfSteel"},{"floor":6.0,"key":"Explosive Potion"},{"floor":8.0,"key":"FearPotion"},{"floor":14.0,"key":"Swift Potion"},{"floor":22.0,"key":"BloodPotion"},{"floor":23,"key":"Regen Potion"}],"is_trial":false,"path_per_floor":["M","?","?","M","$","E","R","E","T","R","?","M","E","M","R","B",null,"M","?","?","$","M","E","R","E"],"character_chosen":"IRONCLAD","items_purchased":["Pen Nib","PreservedInsect"],"campfire_rested":0,"item_purchase_floors":[5,21],"current_hp_per_floor":[67,67,56,56,56,35,35,11,11,11,29,34,34,40,40,29,64,57,36,36,36,26,10,10,0],"gold":71,"neow_bonus":"RANDOM_COMMON_RELIC","is_prod":false,"is_daily":false,"chose_seed":false,"campfire_upgraded":4,"win_rate":0,"timestamp":1569181762,"path_taken":["M","?","?","M","$","E","R","E","T","R","?","M","E","M","R","BOSS","M","?","?","$","M","E","R","E"],"build_version":"2019-07-17","purchased_purges":0,"victory":false,"max_hp_per_floor":[75,75,75,75,75,75,75,75,75,75,75,75,75,75,75,75,75,75,80,80,80,80,80,80,80],"card_choices":[{"not_picked":["Blood for Blood","Cleave"],"picked":"Metallicize","floor":1.0},{"not_picked":["Anger","Iron Wave"],"picked":"Disarm","floor":4.0},{"not_picked":["Pommel Strike","Bludgeon"],"picked":"Rupture","floor":6.0},{"not_picked":["True Grit","Shrug It Off"],"picked":"Flame Barrier","floor":8.0},{"not_picked":["Body Slam","Pummel"],"picked":"Thunderclap","floor":12.0},{"not_picked":["Armaments","Immolate"],"picked":"Bloodletting","floor":13.0},{"not_picked":["Feel No Pain","Iron Wave"],"picked":"Metallicize","floor":14.0},{"not_picked":["Juggernaut","Immolate"],"picked":"Exhume","floor":16.0},{"not_picked":["Seeing Red","Flex"],"picked":"Metallicize","floor":18.0},{"not_picked":["Sword Boomerang+1","Rupture"],"picked":"Body Slam","floor":22.0},{"not_picked":["Rage","Infernal Blade"],"picked":"Warcry","floor":23}],"player_experience":669003,"relics_obtained":[{"floor":6.0,"key":"Mummified Hand"},{"floor":8.0,"key":"Du-Vu Doll"},{"floor":9.0,"key":"Sundial"},{"floor":13.0,"key":"Blue Candle"},{"floor":23,"key":"Lantern"}],"event_choices":[{"damage_healed":0.0,"max_hp_gain":0.0,"max_hp_loss":0.0,"gold_gain":0.0,"event_name":"Living Wall","player_choice":"Grow","floor":2.0,"gold_loss":0.0,"damage_taken":0.0,"cards_upgraded":["Bash"]},{"damage_healed":0.0,"max_hp_gain":0.0,"max_hp_loss":0.0,"gold_gain":75.0,"event_name":"World of Goop","player_choice":"Gather Gold","floor":3.0,"gold_loss":0.0,"damage_taken":11.0},{"damage_healed":18.0,"max_hp_gain":0.0,"max_hp_loss":0.0,"gold_gain":0.0,"event_name":"The Cleric","player_choice":"Healed","floor":11.0,"gold_loss":35.0,"damage_taken":0.0},{"damage_healed":0.0,"max_hp_gain":5.0,"max_hp_loss":0.0,"gold_gain":0.0,"event_name":"Forgotten Altar","player_choice":"Shed Blood","floor":19.0,"gold_loss":0.0,"damage_taken":26.0},{"damage_healed":0.0,"max_hp_gain":0.0,"max_hp_loss":0.0,"gold_gain":0.0,"event_name":"Drug Dealer","player_choice":"Inject Mutagens","floor":20.0,"gold_loss":0.0,"damage_taken":0.0,"relics_obtained":["MutagenicStrength"]}],"is_beta":false,"boss_relics":[{"not_picked":["Calling Bell","Astrolabe"],"picked":"Velvet Choker"}],"items_purged_floors":[],"is_endless":false,"potions_floor_spawned":[1,6,8,14,22,23],"killed_by":"Book of Stabbing","ascension_level":17}