{"gold_per_floor":[113,132,17,192,203,234,234,234,310,320,336,336,361,375,375,471,471,481,481,23,39,53,82,82,102,127,127,127,159,170,204,204,302,302,324,346,358,78,97,97,146,181,252,252,252,252,264,56,56,56],"floor_reached":51,"playtime":6362,"items_purged":["Doubt"],"score":780,"play_id":"03767a6e-a82e-4bfb-822e-b30525306557","local_time":"20180813010014","is_ascension_mode":true,"campfire_choices":[{"data":"Neutralize","floor":7,"key":"SMITH"},{"floor":12,"key":"REST"},{"data":"Accuracy","floor":15,"key":"SMITH"},{"data":"Tools of the Trade","floor":24,"key":"SMITH"},{"data":"RitualDagger","floor":27,"key":"SMITH"},{"data":"Infinite Blades","floor":32,"key":"SMITH"},{"data":"Envenom","floor":40,"key":"SMITH"},{"data":"Adrenaline","floor":44,"key":"SMITH"},{"data":"Cloak And Dagger","floor":46,"key":"SMITH"},{"data":"Cloak And Dagger","floor":49,"key":"SMITH"}],"neow_cost":"","seed_source_timestamp":40892852223573,"circlet_count":0,"master_deck":["Defend_G","Defend_G","Defend_G","Strike_G","Strike_G","Strike_G+1","Strike_G","Survivor","Neutralize+1","Accuracy+1","Dodge and Roll","Infinite Blades+1","Cloak And Dagger+1","Finisher+1","Tools of the Trade+1","Cloak And Dagger+1","PiercingWail","Noxious Fumes","Blur","Heel Hook+1","A Thousand Cuts+1","Corpse Explosion+1","Backstab","RitualDagger+1","Well Laid Plans","Sucker Punch","Dagger Throw+1","Dodge and Roll+1","Backflip","Blur","Accuracy","Envenom+1","Prepared","Blade Dance+1","Caltrops","Adrenaline+1","Sadistic Nature"],"relics":["Ring of the Snake","Mummified Hand","Ornamental Fan","Tiny Chest","Matryoshka","Astrolabe","Bird Faced Urn","Ancient Tea Set","Orichalcum","Vajra","Pen Nib","Omamori","Mercury Hourglass","Whetstone","Calling Bell","MawBank","Question Card","Torii","Singing Bowl","Ginger","Dodecahedron","Shuriken","Bottled Flame"],"potions_floor_usage":[6,11,16,18,22,25,31,39,42,50],"damage_taken":[{"damage":0,"enemies":"2 Louse","floor":1,"turns":4},{"damage":2,"enemies":"Small Slimes","floor":2,"turns":4},{"damage":5,"enemies":"Jaw Worm","floor":5,"turns":5},{"damage":13,"enemies":"3 Sentries","floor":6,"turns":7},{"damage":0,"enemies":"Exordium Wildlife","floor":10,"turns":3},{"damage":12,"enemies":"Lots of Slimes","floor":11,"turns":4},{"damage":6,"enemies":"Lagavulin","floor":13,"turns":7},{"damage":0,"enemies":"2 Fungi Beasts","floor":14,"turns":4},{"damage":9,"enemies":"Hexaghost","floor":16,"turns":11},{"damage":0,"enemies":"3 Byrds","floor":18,"turns":3},{"damage":13,"enemies":"2 Thieves","floor":21,"turns":4},{"damage":12,"enemies":"Snake Plant","floor":22,"turns":4},{"damage":14,"enemies":"Slavers","floor":23,"turns":2},{"damage":0,"enemies":"Snecko","floor":25,"turns":5},{"damage":1,"enemies":"Gremlin Leader","floor":29,"turns":4},{"damage":6,"enemies":"Chosen and Byrds","floor":30,"turns":3},{"damage":7,"enemies":"Book of Stabbing","floor":31,"turns":5},{"damage":43,"enemies":"Collector","floor":33,"turns":10},{"damage":22,"enemies":"3 Darklings","floor":35,"turns":4},{"damage":2,"enemies":"3 Shapes","floor":36,"turns":6},{"damage":13,"enemies":"Sphere and 2 Shapes","floor":39,"turns":5},{"damage":10,"floor":41,"turns":3},{"damage":14,"enemies":"2 Orb Walkers","floor":42,"turns":4},{"damage":0,"enemies":"3 Darklings","floor":47,"turns":2},{"damage":68,"enemies":"Awakened One","floor":50,"turns":11}],"seed_played":"1010282056225772902","potions_obtained":[{"floor":2,"key":"PowerPotion"},{"floor":6,"key":"Swift Potion"},{"floor":11,"key":"Block Potion"},{"floor":14,"key":"Fruit Juice"},{"floor":16,"key":"Weak Potion"},{"floor":23,"key":"Swift Potion"},{"floor":25,"key":"PowerPotion"},{"floor":33,"key":"SkillPotion"},{"floor":39,"key":"Explosive Potion"},{"floor":41,"key":"Dexterity Potion"}],"is_trial":false,"path_per_floor":["M","M","$","?","M","E","R","T","T","M","M","R","E","M","R","B",null,"M","?","$","M","M","E","R","M","T","R","T","E","M","E","R","B",null,"M","M","?","$","M","R","?","E","T","R","T","R","M","$","R","B"],"character_chosen":"THE_SILENT","items_purchased":["Infinite Blades","Cloak And Dagger","Bird Faced Urn","Well Laid Plans","Sucker Punch","Singing Bowl","Prepared","Sadistic Nature"],"campfire_rested":1,"item_purchase_floors":[3,3,20,20,20,38,38,48],"current_hp_per_floor":[70,68,68,68,63,50,50,50,50,50,38,59,53,53,53,49,75,75,69,69,64,62,50,50,62,62,62,62,73,71,72,72,32,75,53,63,63,63,62,62,66,65,65,65,65,65,69,69,69,19],"gold":56,"neow_bonus":"","is_prod":false,"is_daily":false,"chose_seed":false,"campfire_upgraded":9,"win_rate":0,"timestamp":1534147214,"path_taken":["M","M","$","?","M","E","R","?","T","M","M","R","E","?","R","BOSS","M","?","$","M","?","E","R","M","T","R","?","E","M","E","R","BOSS","M","M","?","$","M","R","?","E","T","R","?","R","M","$","R","BOSS"],"build_version":"2018-08-09","purchased_purges":1,"victory":true,"max_hp_per_floor":[70,70,70,70,70,70,70,70,70,70,70,70,70,70,70,75,75,75,75,75,75,75,75,75,75,75,75,75,75,75,75,75,75,75,75,75,75,75,75,75,75,75,75,75,75,75,77,77,77,77],"card_choices":[{"not_picked":["Prepared","Flying Knee"],"picked":"Accuracy","floor":1},{"not_picked":["Expertise","Underhanded Strike"],"picked":"Dodge and Roll","floor":2},{"not_picked":["Underhanded Strike","Slice"],"picked":"Finisher","floor":5},{"not_picked":["Prepared","Acrobatics"],"picked":"Tools of the Trade","floor":6},{"not_picked":["Endless Agony","Expertise"],"picked":"Cloak And Dagger","floor":10},{"not_picked":["Eviscerate","Dagger Throw"],"picked":"PiercingWail","floor":11},{"not_picked":["PiercingWail","Dagger Throw"],"picked":"Noxious Fumes","floor":13},{"not_picked":["Masterful Stab","Prepared"],"picked":"Blur","floor":14},{"not_picked":["Expertise","Poisoned Stab"],"picked":"Backstab","floor":18},{"not_picked":["Deadly Poison","All Out Attack"],"picked":"Dagger Throw+1","floor":21},{"not_picked":["Skewer","Deadly Poison"],"picked":"Dodge and Roll+1","floor":22},{"not_picked":["Bane","Skewer+1"],"picked":"Backflip","floor":23},{"not_picked":["Prepared","PiercingWail"],"picked":"Blur","floor":25},{"not_picked":["Flechettes","Underhanded Strike+1","Bane+1"],"picked":"SKIP","floor":29},{"not_picked":["Sucker Punch+1","Blur"],"picked":"Accuracy","floor":30},{"not_picked":["Underhanded Strike","Doppelganger","Wraith Form v2"],"picked":"SKIP","floor":31},{"not_picked":["Malaise","Night Terror"],"picked":"Envenom","floor":33},{"not_picked":["Crippling Poison","Calculated Gamble","Dodge and Roll","Slice+1"],"picked":"SKIP","floor":35},{"not_picked":["Acrobatics","Dodge and Roll","Slice","Leg Sweep"],"picked":"SKIP","floor":36},{"not_picked":["Prepared+1","Well Laid Plans+1","Cloak And Dagger"],"picked":"Blade Dance+1","floor":39},{"not_picked":["Outmaneuver+1","Backflip+1","Backstab"],"picked":"Caltrops","floor":41},{"not_picked":["Blur+1","Acrobatics+1","Choke+1"],"picked":"Adrenaline","floor":42},{"not_picked":["Outmaneuver","Well Laid Plans+1","Poisoned Stab+1","Quick Slash+1"],"picked":"Singing Bowl","floor":47}],"player_experience":193882,"relics_obtained":[{"floor":6,"key":"Mummified Hand"},{"floor":8,"key":"Ornamental Fan"},{"floor":9,"key":"Tiny Chest"},{"floor":13,"key":"Matryoshka"},{"floor":23,"key":"Ancient Tea Set"},{"floor":26,"key":"Orichalcum"},{"floor":26,"key":"Vajra"},{"floor":28,"key":"Pen Nib"},{"floor":28,"key":"Omamori"},{"floor":29,"key":"Mercury Hourglass"},{"floor":31,"key":"Whetstone"},{"floor":34,"key":"MawBank"},{"floor":34,"key":"Question Card"},{"floor":34,"key":"Torii"},{"floor":41,"key":"Ginger"},{"floor":42,"key":"Dodecahedron"},{"floor":43,"key":"Shuriken"},{"floor":45,"key":"Bottled Flame"}],"event_choices":[{"event_name":"Liars Game","player_choice":"agreed","floor":4,"damage_taken":0},{"event_name":"Nest","player_choice":"Joined the Cult","floor":19,"damage_taken":0},{"event_name":"Fountain of Cleansing","player_choice":"Removed Curse","floor":37,"damage_taken":0},{"event_name":"Mysterious Sphere","player_choice":"Fight","floor":41,"damage_taken":0}],"is_beta":false,"boss_relics":[{"not_picked":["Coffee Dripper","Snecko Eye"],"picked":"Astrolabe"},{"not_picked":["Ring of the Serpent","Orrery"],"picked":"Calling Bell"}],"items_purged_floors":[20],"is_endless":false,"potions_floor_spawned":[2,6,11,14,16,23,25,33,39,41],"ascension_level":1}