{"gold_per_floor":[116,41,41,52,52,84,84,97,150,174,206,242,265,277,289,373,385,410,449,461,45,62,62,78,78,101,101],"floor_reached":27,"playtime":993,"items_purged":["Strike_B"],"score":476,"play_id":"1129e031-3c33-42f6-98df-46572d89baef","local_time":"20190920233548","is_ascension_mode":true,"campfire_choices":[{"data":"Zap","floor":7.0,"key":"SMITH"},{"data":"Loop","floor":15.0,"key":"SMITH"},{"floor":23.0,"key":"REST"}],"neow_cost":"NONE","seed_source_timestamp":289645282723504,"circlet_count":0,"master_deck":["AscendersBane","Strike_B","Defend_B+1","Defend_B","Defend_B","Zap+1","Dualcast","Coolheaded+1","FTL","Steam","Beam Cell","Loop+1","Gash","Conserve Battery","Core Surge","Gash","Coolheaded","Defragment","White Noise","Writhe"],"special_seed":0,"relics":["Cracked Core","NeowsBlessing","War Paint","MawBank","Odd Mushroom","Calipers","Empty Cage","Red Mask","Membership Card","Tiny Chest","Bronze Scales","Anchor","PreservedInsect"],"potions_floor_usage":[27],"damage_taken":[{"damage":0.0,"enemies":"2 Louse","floor":1.0,"turns":1.0},{"damage":0.0,"enemies":"Small Slimes","floor":4.0,"turns":1.0},{"damage":0.0,"enemies":"Lagavulin","floor":6.0,"turns":1.0},{"damage":0.0,"enemies":"Cultist","floor":8.0,"turns":3.0},{"damage":8.0,"enemies":"Blue Slaver","floor":10.0,"turns":3.0},{"damage":1.0,"enemies":"Large Slime","floor":11.0,"turns":5.0},{"damage":6.0,"enemies":"The Mushroom Lair","floor":12.0,"turns":3.0},{"damage":2.0,"enemies":"2 Fungi Beasts","floor":13.0,"turns":4.0},{"damage":19.0,"enemies":"The Guardian","floor":16.0,"turns":14.0},{"damage":4.0,"enemies":"Chosen","floor":18.0,"turns":6.0},{"damage":38.0,"enemies":"Masked Bandits","floor":19.0,"turns":5.0},{"damage":12.0,"enemies":"Spheric Guardian","floor":22.0,"turns":4.0},{"damage":14.0,"enemies":"Chosen and Byrds","floor":24.0,"turns":11.0},{"damage":15,"enemies":"3 Cultists","floor":27,"turns":4}],"seed_played":"-7175325098465546945","potions_obtained":[{"floor":8.0,"key":"Strength Potion"},{"floor":11.0,"key":"Explosive Potion"},{"floor":12.0,"key":"Swift Potion"},{"floor":16.0,"key":"Weak Potion"},{"floor":19.0,"key":"SpeedPotion"}],"is_trial":false,"path_per_floor":["M","$","?","M","?","E","R","M","T","M","M","?","M","?","R","B",null,"M","?","?","$","M","R","M","?","T","M"],"character_chosen":"DEFECT","items_purchased":["Membership Card","Defragment","White Noise","Tiny Chest","Bronze Scales"],"campfire_rested":1,"item_purchase_floors":[21,21,21,21,21],"current_hp_per_floor":[64,64,57,57,57,57,57,57,57,49,48,42,40,40,40,21,59,55,17,17,17,5,26,12,12,12,0],"gold":101,"neow_bonus":"THREE_ENEMY_KILL","is_prod":false,"is_daily":false,"chose_seed":false,"campfire_upgraded":2,"win_rate":0,"timestamp":1569047748,"path_taken":["M","$","?","M","?","E","R","M","T","M","?","?","M","?","R","BOSS","M","?","?","?","M","R","?","?","T","M"],"build_version":"2019-07-17","purchased_purges":1,"victory":false,"max_hp_per_floor":[71,71,71,71,71,71,71,71,71,71,71,71,71,71,71,71,71,71,71,71,71,71,71,71,71,71,71],"card_choices":[{"not_picked":["Turbo","Barrage"],"picked":"Coolheaded","floor":1.0},{"not_picked":["Sweeping Beam","Gash"],"picked":"FTL","floor":4.0},{"not_picked":["Sweeping Beam","Coolheaded"],"picked":"Steam","floor":6.0},{"not_picked":["Aggregate","Stack"],"picked":"Beam Cell","floor":8.0},{"not_picked":["Ball Lightning","Go for the Eyes"],"picked":"Loop","floor":10.0},{"not_picked":["Compile Driver","Glacier"],"picked":"Gash","floor":11.0},{"not_picked":["Compile Driver","Leap"],"picked":"Conserve Battery","floor":12.0},{"not_picked":["Scrape","Fusion","Streamline"],"picked":"SKIP","floor":13.0},{"not_picked":["Thunder Strike","Electrodynamics"],"picked":"Core Surge","floor":16.0},{"not_picked":["Go for the Eyes","Compile Driver"],"picked":"Gash","floor":18.0},{"not_picked":["Sweeping Beam","Streamline"],"picked":"Coolheaded","floor":19.0},{"not_picked":["Melter","Reinforced Body","Streamline+1"],"picked":"SKIP","floor":22.0},{"not_picked":["Rebound","Hello World","Beam Cell"],"picked":"SKIP","floor":24.0}],"player_experience":1200467,"relics_obtained":[{"floor":6.0,"key":"War Paint"},{"floor":9.0,"key":"MawBank"},{"floor":12.0,"key":"Odd Mushroom"},{"floor":19.0,"key":"Red Mask"},{"floor":26,"key":"PreservedInsect"}],"event_choices":[{"cards_removed":["Defend_B"],"damage_healed":0.0,"max_hp_gain":0.0,"max_hp_loss":0.0,"gold_gain":0.0,"event_name":"Golden Wing","player_choice":"Card Removal","floor":3.0,"gold_loss":0.0,"damage_taken":7.0},{"cards_removed":["Strike_B"],"damage_healed":0.0,"max_hp_gain":0.0,"max_hp_loss":0.0,"gold_gain":0.0,"event_name":"Purifier","player_choice":"Purged","floor":5.0,"gold_loss":0.0,"damage_taken":0.0},{"damage_healed":0.0,"max_hp_gain":0.0,"max_hp_loss":0.0,"gold_gain":0.0,"event_name":"Mushrooms","player_choice":"Fought Mushrooms","floor":12.0,"gold_loss":0.0,"damage_taken":0.0},{"damage_healed":0.0,"max_hp_gain":0.0,"max_hp_loss":0.0,"gold_gain":0.0,"event_name":"Big Fish","player_choice":"Box","floor":14.0,"gold_loss":0.0,"damage_taken":0.0,"relics_obtained":["Calipers"],"cards_obtained":["Regret"]},{"damage_healed":0.0,"max_hp_gain":0.0,"max_hp_loss":0.0,"gold_gain":0.0,"event_name":"Masked Bandits","player_choice":"Fought Bandits","floor":19.0,"gold_loss":0.0,"damage_taken":0.0},{"damage_healed":0.0,"max_hp_gain":0.0,"max_hp_loss":0.0,"gold_gain":0.0,"event_name":"Vampires","player_choice":"Ignored","floor":20.0,"gold_loss":0.0,"damage_taken":0.0},{"damage_healed":0,"gold_gain":0,"player_choice":"Opened","damage_taken":0,"relics_obtained":["Anchor"],"max_hp_gain":0,"max_hp_loss":0,"event_name":"The Mausoleum","floor":25,"gold_loss":0,"cards_obtained":["Writhe"]}],"is_beta":false,"boss_relics":[{"not_picked":["Philosopher\u0027s Stone","Lizard Tail"],"picked":"Empty Cage"}],"items_purged_floors":[2],"is_endless":false,"potions_floor_spawned":[8,11,12,16,19],"killed_by":"3 Cultists","ascension_level":20}