{"gold_per_floor":[115,135,154,164,178,178,204,204,204,204,231,231,231],"floor_reached":13,"playtime":1145,"items_purged":[],"score":133,"play_id":"1d0ab6cc-e8d2-46af-a15d-25e561e24067","local_time":"20190921183507","is_ascension_mode":true,"campfire_choices":[{"data":"Conserve Battery","floor":6.0,"key":"SMITH"},{"data":"Hologram","floor":12,"key":"SMITH"}],"neow_cost":"NONE","seed_source_timestamp":1111169385796067,"circlet_count":0,"master_deck":["Strike_B","Strike_B","Strike_B","Strike_B+1","Defend_B","Defend_B","Defend_B","Defend_B","Zap","Dualcast","Gash","Go for the Eyes+1","Hologram+1","Self Repair","Steam","Conserve Battery+1","Gash","Decay"],"special_seed":0,"relics":["Orrery","Oddly Smooth Stone","Happy Flower","Whetstone"],"potions_floor_usage":[11],"damage_taken":[{"damage":0.0,"enemies":"Cultist","floor":1.0,"turns":4.0},{"damage":5.0,"enemies":"Jaw Worm","floor":2.0,"turns":5.0},{"damage":8.0,"enemies":"2 Louse","floor":3.0,"turns":2.0},{"damage":7.0,"enemies":"Red Slaver","floor":4.0,"turns":5.0},{"damage":16.0,"enemies":"Exordium Thugs","floor":5.0,"turns":6.0},{"damage":24.0,"enemies":"3 Sentries","floor":7.0,"turns":8.0},{"damage":26,"enemies":"Lagavulin","floor":11,"turns":8},{"damage":25,"enemies":"Gremlin Nob","floor":13,"turns":4}],"seed_played":"-3563765648868092","potions_obtained":[{"floor":2.0,"key":"Fruit Juice"},{"floor":3.0,"key":"SkillPotion"},{"floor":4.0,"key":"Ancient Potion"},{"floor":5.0,"key":"Explosive Potion"}],"is_trial":false,"path_per_floor":["M","M","M","M","M","R","E","?","T","?","E","R","E"],"character_chosen":"DEFECT","items_purchased":[],"campfire_rested":0,"item_purchase_floors":[],"current_hp_per_floor":[68,70,67,60,51,51,34,39,39,39,20,20,0],"gold":231,"neow_bonus":"BOSS_RELIC","is_prod":false,"is_daily":false,"chose_seed":false,"campfire_upgraded":2,"win_rate":0,"timestamp":1569105307,"path_taken":["M","M","?","M","M","R","E","?","T","?","E","R","E"],"build_version":"2019-07-17","purchased_purges":0,"victory":false,"max_hp_per_floor":[75,75,80,80,80,80,80,85,85,85,85,85,85],"card_choices":[{"not_picked":["Streamline","Fusion"],"picked":"Gash","floor":0.0},{"not_picked":["Redo","Barrage"],"picked":"Go for the Eyes","floor":0.0},{"not_picked":["Cold Snap","Recycle"],"picked":"Hologram","floor":0.0},{"not_picked":["Redo","Hologram"],"picked":"Self Repair","floor":0.0},{"not_picked":["Hologram","Undo"],"picked":"Steam","floor":0.0},{"not_picked":["Multi-Cast","Redo","Streamline"],"picked":"SKIP","floor":1.0},{"not_picked":["Stack","Barrage"],"picked":"Conserve Battery","floor":2.0},{"not_picked":["Sweeping Beam","Glacier","Leap"],"picked":"SKIP","floor":3.0},{"not_picked":["Undo","Loop"],"picked":"Gash","floor":4.0},{"not_picked":["Storm","Force Field","Leap"],"picked":"SKIP","floor":5.0},{"not_picked":["Ball Lightning","Core Surge","Steam Power"],"picked":"SKIP","floor":7.0},{"not_picked":["Go for the Eyes","Conserve Battery","Reprogram"],"picked":"SKIP","floor":11}],"player_experience":300836,"relics_obtained":[{"floor":7.0,"key":"Oddly Smooth Stone"},{"floor":9.0,"key":"Happy Flower"},{"floor":11,"key":"Whetstone"}],"event_choices":[{"damage_healed":0.0,"max_hp_gain":5.0,"max_hp_loss":0.0,"gold_gain":0.0,"event_name":"Big Fish","player_choice":"Donut","floor":8.0,"gold_loss":0.0,"damage_taken":0.0},{"damage_healed":0,"gold_gain":0,"player_choice":"Cursed","damage_taken":0,"max_hp_gain":0,"max_hp_loss":0,"event_name":"Wheel of Change","floor":10,"gold_loss":0,"cards_obtained":["Decay"]}],"is_beta":false,"boss_relics":[],"items_purged_floors":[],"is_endless":false,"potions_floor_spawned":[2,3,4,5],"killed_by":"Gremlin Nob","ascension_level":8}