{"gold_per_floor":[209,209,209,222,222,555,555,565,611,611,624,624,643,568,568,671,671,686,705,123,133,143,143,159,159,159,169,181,181,194,69,69,165,165,175,189,203,54,65,65,81,94,94,94,94,94,94,45,45,45],"floor_reached":51,"playtime":1747,"items_purged":["Strike_R","Strike_R","Defend_R"],"score":703,"play_id":"e6bb2529-7ff2-44f6-8f0c-b009c8cc83f5","local_time":"20190504033204","is_ascension_mode":false,"campfire_choices":[{"data":"Spot Weakness","floor":10.0,"key":"SMITH"},{"data":"Dual Wield","floor":12.0,"key":"SMITH"},{"data":"Bash","floor":15.0,"key":"SMITH"},{"data":"Demon Form","floor":23.0,"key":"SMITH"},{"data":"Feed","floor":25.0,"key":"SMITH"},{"data":"Flame Barrier","floor":32.0,"key":"SMITH"},{"data":"Limit Break","floor":40,"key":"SMITH"},{"data":"Whirlwind","floor":46,"key":"SMITH"},{"data":"Shrug It Off","floor":49,"key":"SMITH"}],"neow_cost":"NONE","seed_source_timestamp":639754323814177,"circlet_count":0,"master_deck":["Strike_R","Defend_R+1","Defend_R+1","Defend_R","Bash+1","Spot Weakness+1","Dual Wield+1","Demon Form+1","Whirlwind+1","Feed+1","Shrug It Off+1","Shrug It Off+1","Bludgeon","Flame Barrier+1","Limit Break+1","Pommel Strike+1","Shrug It Off+1","Pommel Strike"],"special_seed":0,"relics":["Burning Blood","Red Skull","Old Coin","Strawberry","Coffee Dripper","Lee\u0027s Waffle","Blood Vial","Blue Candle","Calling Bell","War Paint","Paper Frog","Ice Cream","Art of War","Pantograph","Omamori"],"potions_floor_usage":[33],"damage_taken":[{"damage":6.0,"enemies":"2 Louse","floor":1.0,"turns":3.0},{"damage":10.0,"enemies":"Jaw Worm","floor":4.0,"turns":4.0},{"damage":44.0,"enemies":"3 Sentries","floor":6.0,"turns":10.0},{"damage":5.0,"enemies":"Cultist","floor":8.0,"turns":4.0},{"damage":10.0,"enemies":"Gremlin Gang","floor":11.0,"turns":5.0},{"damage":1.0,"enemies":"3 Louse","floor":13.0,"turns":4.0},{"damage":33.0,"enemies":"The Guardian","floor":16.0,"turns":14.0},{"damage":34.0,"enemies":"Spheric Guardian","floor":18.0,"turns":6.0},{"damage":43.0,"enemies":"3 Byrds","floor":19.0,"turns":6.0},{"damage":39.0,"enemies":"Snake Plant","floor":21.0,"turns":7.0},{"damage":30.0,"enemies":"3 Cultists","floor":22.0,"turns":4.0},{"damage":26.0,"enemies":"Sentry and Sphere","floor":24.0,"turns":4.0},{"damage":23.0,"enemies":"Centurion and Healer","floor":27.0,"turns":5.0},{"damage":11.0,"enemies":"Snake Plant","floor":28.0,"turns":3.0},{"damage":14.0,"enemies":"Cultist and Chosen","floor":30.0,"turns":6.0},{"damage":5,"enemies":"Automaton","floor":33,"turns":6},{"damage":7,"enemies":"3 Shapes","floor":35,"turns":6},{"damage":6,"enemies":"Orb Walker","floor":36,"turns":4},{"damage":26,"enemies":"Sphere and 2 Shapes","floor":37,"turns":7},{"damage":8,"enemies":"Maw","floor":39,"turns":8},{"damage":21,"enemies":"Spire Growth","floor":41,"turns":5},{"damage":22,"enemies":"Transient","floor":42,"turns":5},{"damage":44,"enemies":"Time Eater","floor":50,"turns":9}],"seed_played":"1856593726796407366","potions_obtained":[{"floor":8.0,"key":"PowerPotion"},{"floor":11.0,"key":"PowerPotion"},{"floor":16.0,"key":"Strength Potion"},{"floor":19.0,"key":"Swift Potion"},{"floor":37,"key":"SteroidPotion"},{"floor":42,"key":"EntropicBrew"}],"is_trial":false,"path_per_floor":["M","?","$","M","?","E","?","M","T","R","M","R","M","$","R","B",null,"M","M","$","M","M","R","M","R","T","M","M","?","M","$","R","B",null,"M","M","M","$","M","R","M","M","T","$","?","R","T","$","R","B",null],"character_chosen":"IRONCLAD","items_purchased":["Feed","Lee\u0027s Waffle","Shrug It Off","Blood Vial","Art of War","Pommel Strike"],"campfire_rested":0,"item_purchase_floors":[20,20,20,20,38,48],"current_hp_per_floor":[80,73,73,69,74,36,36,37,44,44,40,40,45,45,45,18,92,64,27,99,69,50,50,35,35,35,20,17,17,15,15,15,18,112,115,120,104,104,108,108,99,85,85,85,85,85,85,85,85,74],"gold":45,"neow_bonus":"HUNDRED_GOLD","is_prod":false,"is_daily":false,"chose_seed":false,"campfire_upgraded":9,"win_rate":0,"timestamp":1556965924,"path_taken":["M","?","$","M","?","E","?","M","T","R","M","R","M","$","R","BOSS","M","?","$","M","?","R","M","R","T","M","M","?","M","$","R","BOSS","M","?","M","?","?","R","M","M","T","$","?","R","?","$","R","BOSS"],"build_version":"2019-01-23","purchased_purges":3,"victory":true,"max_hp_per_floor":[80,80,80,80,85,85,85,85,92,92,92,92,92,92,92,92,92,92,92,99,102,105,105,108,108,108,108,108,108,112,112,112,112,112,116,120,124,124,128,128,132,132,132,132,132,132,132,132,132,132],"card_choices":[{"not_picked":["Thunderclap","Clothesline","Body Slam"],"picked":"SKIP","floor":1.0},{"not_picked":["Shrug It Off","Twin Strike"],"picked":"Spot Weakness","floor":4.0},{"not_picked":["Burning Pact","Rupture","Ghostly Armor"],"picked":"SKIP","floor":6.0},{"not_picked":["Shrug It Off","Anger"],"picked":"Dual Wield","floor":8.0},{"not_picked":["Second Wind","Intimidate","Sword Boomerang"],"picked":"SKIP","floor":11.0},{"not_picked":["Heavy Blade","Clash","Fiend Fire"],"picked":"SKIP","floor":13.0},{"not_picked":["Exhume","Berserk"],"picked":"Demon Form","floor":16.0},{"not_picked":["True Grit","Dual Wield+1","Burning Pact+1"],"picked":"SKIP","floor":18.0},{"not_picked":["Shrug It Off","Sword Boomerang"],"picked":"Whirlwind","floor":19.0},{"not_picked":["Clash","Searing Blow","Iron Wave"],"picked":"SKIP","floor":21.0},{"not_picked":["Barricade","Clothesline","Searing Blow"],"picked":"SKIP","floor":22.0},{"not_picked":["Flex","Fire Breathing","Sword Boomerang+1"],"picked":"SKIP","floor":24.0},{"not_picked":["Blood for Blood+1","Body Slam"],"picked":"Shrug It Off+1","floor":27.0},{"not_picked":["Shockwave+1","Perfected Strike","Anger"],"picked":"SKIP","floor":28.0},{"not_picked":["Sever Soul","Warcry"],"picked":"Flame Barrier","floor":30.0},{"not_picked":["Offering","Impervious"],"picked":"Limit Break","floor":33},{"not_picked":["Sword Boomerang+1","True Grit+1"],"picked":"Pommel Strike+1","floor":35},{"not_picked":["Wild Strike+1","Blood for Blood"],"picked":"Shrug It Off+1","floor":36},{"not_picked":["Feed","Warcry","Wild Strike+1"],"picked":"SKIP","floor":37},{"not_picked":["Anger+1","Hemokinesis+1","Havoc"],"picked":"SKIP","floor":39},{"not_picked":["Anger+1","Armaments+1","Perfected Strike+1"],"picked":"SKIP","floor":41},{"not_picked":["Clothesline+1","Twin Strike","Pummel+1"],"picked":"SKIP","floor":42}],"player_experience":1060856,"relics_obtained":[{"floor":6.0,"key":"Old Coin"},{"floor":9.0,"key":"Strawberry"},{"floor":26.0,"key":"Blue Candle"},{"floor":34,"key":"War Paint"},{"floor":34,"key":"Paper Frog"},{"floor":34,"key":"Ice Cream"},{"floor":43,"key":"Pantograph"},{"floor":47,"key":"Omamori"}],"event_choices":[{"damage_healed":0.0,"max_hp_gain":0.0,"max_hp_loss":0.0,"gold_gain":0.0,"event_name":"Scrap Ooze","player_choice":"Success","floor":2.0,"gold_loss":0.0,"damage_taken":7.0,"relics_obtained":["Red Skull"]},{"damage_healed":0.0,"max_hp_gain":5.0,"max_hp_loss":0.0,"gold_gain":0.0,"event_name":"Big Fish","player_choice":"Donut","floor":5.0,"gold_loss":0.0,"damage_taken":0.0},{"cards_removed":["Strike_R"],"damage_healed":0.0,"max_hp_gain":0.0,"max_hp_loss":0.0,"gold_gain":0.0,"event_name":"Purifier","player_choice":"Purged","floor":7.0,"gold_loss":0.0,"damage_taken":0.0},{"damage_healed":0.0,"max_hp_gain":0.0,"max_hp_loss":0.0,"gold_gain":0.0,"cards_transformed":["Strike_R"],"event_name":"Transmorgrifier","player_choice":"Transformed","floor":29.0,"gold_loss":0.0,"damage_taken":0.0,"cards_obtained":["Bludgeon"]},{"damage_healed":0,"gold_gain":0,"player_choice":"Memory 1","damage_taken":0,"max_hp_gain":0,"max_hp_loss":0,"event_name":"SensoryStone","floor":45,"gold_loss":0}],"is_beta":false,"boss_relics":[{"not_picked":["Black Star","Tiny House"],"picked":"Coffee Dripper"},{"not_picked":["Philosopher\u0027s Stone","Snecko Eye"],"picked":"Calling Bell"}],"items_purged_floors":[14,20,31],"is_endless":false,"potions_floor_spawned":[8,11,16,19,21,24,28,37,42],"ascension_level":0}