{"gold_per_floor":[119,194,194,208,64,64,94,94,167,197,210,223,234,250,250,352,352,366,366,382,408,423,451,451,451,451,478,510,113,130,159,159,159],"floor_reached":33,"playtime":1338,"items_purged":["Decay"],"score":365,"play_id":"847c0474-71f9-4c93-8779-47559ab242b5","local_time":"20190504024620","is_ascension_mode":false,"campfire_choices":[{"data":"Flame Barrier","floor":6.0,"key":"SMITH"},{"data":"Rampage","floor":8.0,"key":"SMITH"},{"data":"Bash","floor":15.0,"key":"SMITH"},{"floor":24.0,"key":"REST"},{"data":"Shrug It Off","floor":32.0,"key":"SMITH"}],"neow_cost":"PERCENT_DAMAGE","seed_source_timestamp":637280321090442,"circlet_count":0,"master_deck":["Strike_R","Strike_R","Strike_R","Defend_R","Defend_R","Defend_R","Bash+1","Thunderclap","Flame Barrier+1","Rampage+1","Feed+1","Shrug It Off+1","Dropkick+1"],"special_seed":0,"relics":["Burning Blood","Meat on the Bone","Molten Egg 2","Bag of Marbles","Sozu","Red Mask","Dodecahedron","Strawberry","Ancient Tea Set","Bird Faced Urn","Red Skull","Toxic Egg 2","Oddly Smooth Stone"],"potions_floor_usage":[],"damage_taken":[{"damage":1.0,"enemies":"Cultist","floor":1.0,"turns":3.0},{"damage":3.0,"enemies":"Small Slimes","floor":4.0,"turns":3.0},{"damage":23.0,"enemies":"3 Sentries","floor":7.0,"turns":10.0},{"damage":22.0,"enemies":"Lagavulin","floor":10.0,"turns":8.0},{"damage":0.0,"enemies":"2 Louse","floor":11.0,"turns":2.0},{"damage":0.0,"enemies":"Gremlin Gang","floor":12.0,"turns":4.0},{"damage":11.0,"enemies":"Exordium Wildlife","floor":13.0,"turns":3.0},{"damage":0.0,"enemies":"2 Fungi Beasts","floor":14.0,"turns":2.0},{"damage":36.0,"enemies":"The Guardian","floor":16.0,"turns":10.0},{"damage":16.0,"enemies":"2 Thieves","floor":18.0,"turns":3.0},{"damage":8.0,"enemies":"Spheric Guardian","floor":20.0,"turns":4.0},{"damage":39.0,"enemies":"Masked Bandits","floor":21.0,"turns":7.0},{"damage":10.0,"enemies":"Snake Plant","floor":22.0,"turns":3.0},{"damage":55.0,"enemies":"Gremlin Leader","floor":23.0,"turns":7.0},{"damage":27.0,"enemies":"Slavers","floor":28.0,"turns":5.0},{"damage":18.0,"enemies":"Snecko","floor":30.0,"turns":5.0},{"damage":12.0,"enemies":"Gremlin Leader","floor":31.0,"turns":5.0},{"damage":78,"enemies":"Automaton","floor":33,"turns":8}],"seed_played":"1726402693182770022","potions_obtained":[{"floor":1.0,"key":"Fire Potion"},{"floor":4.0,"key":"Poison Potion"},{"floor":12.0,"key":"SkillPotion"},{"floor":13.0,"key":"Ancient Potion"}],"is_trial":false,"path_per_floor":["M","?","?","M","$","R","E","R","T","E","M","M","M","M","R","B",null,"M","?","M","?","M","E","R","?","T","T","E","$","M","E","R","B"],"character_chosen":"IRONCLAD","items_purchased":["Flame Barrier","Red Skull","Toxic Egg 2"],"campfire_rested":1,"item_purchase_floors":[5,29,29],"current_hp_per_floor":[61,50,50,53,53,53,36,36,36,32,50,56,55,65,65,51,92,86,86,88,59,71,34,66,66,73,73,68,68,72,70,70,0],"gold":159,"neow_bonus":"REMOVE_TWO","is_prod":false,"is_daily":false,"chose_seed":false,"campfire_upgraded":4,"win_rate":0,"timestamp":1556963180,"path_taken":["M","?","?","M","$","R","E","R","T","E","M","?","M","M","R","BOSS","M","?","?","?","M","E","R","?","T","?","E","$","M","E","R","BOSS"],"build_version":"2019-01-23","purchased_purges":1,"victory":false,"max_hp_per_floor":[80,80,80,80,80,80,80,80,80,80,80,80,84,88,88,92,92,96,96,100,104,108,108,108,108,115,115,119,119,123,127,127,127],"card_choices":[{"not_picked":["Perfected Strike","Corruption","Disarm"],"picked":"SKIP","floor":1.0},{"not_picked":["Havoc","Clothesline"],"picked":"Thunderclap","floor":4.0},{"not_picked":["Offering","Headbutt"],"picked":"Rampage","floor":7.0},{"not_picked":["Clothesline+1","True Grit","Ghostly Armor"],"picked":"SKIP","floor":10.0},{"not_picked":["Disarm","Clash+1","Armaments"],"picked":"SKIP","floor":11.0},{"not_picked":["Feel No Pain","Feed+1","Cleave+1"],"picked":"SKIP","floor":12.0},{"not_picked":["Feel No Pain","Cleave+1"],"picked":"Feed+1","floor":12.0},{"not_picked":["Burning Pact","Body Slam+1","Havoc"],"picked":"SKIP","floor":13.0},{"not_picked":["Wild Strike+1","Evolve"],"picked":"Shrug It Off","floor":14.0},{"not_picked":["Perfected Strike+1","Second Wind","Pummel+1"],"picked":"SKIP","floor":18.0},{"not_picked":["Clash+1","Havoc","Sentinel"],"picked":"SKIP","floor":20.0},{"not_picked":["Anger+1","Perfected Strike+1","Sword Boomerang+1"],"picked":"SKIP","floor":22.0},{"not_picked":["Combust+1","Rampage+1"],"picked":"Dropkick+1","floor":23.0},{"not_picked":["Immolate+1","Shrug It Off","Entrench"],"picked":"SKIP","floor":28.0},{"not_picked":["Warcry+1","Power Through+1","Body Slam+1"],"picked":"SKIP","floor":30.0},{"not_picked":["Searing Blow+1","Spot Weakness+1","Pommel Strike+1"],"picked":"SKIP","floor":31.0}],"player_experience":1059048,"relics_obtained":[{"floor":7.0,"key":"Meat on the Bone"},{"floor":9.0,"key":"Molten Egg 2"},{"floor":10.0,"key":"Bag of Marbles"},{"floor":21.0,"key":"Red Mask"},{"floor":23.0,"key":"Dodecahedron"},{"floor":26.0,"key":"Strawberry"},{"floor":27.0,"key":"Ancient Tea Set"},{"floor":28.0,"key":"Bird Faced Urn"},{"floor":31.0,"key":"Oddly Smooth Stone"}],"event_choices":[{"damage_healed":0.0,"max_hp_gain":0.0,"max_hp_loss":0.0,"gold_gain":75.0,"event_name":"World of Goop","player_choice":"Gather Gold","floor":2.0,"gold_loss":0.0,"damage_taken":11.0},{"damage_healed":0.0,"max_hp_gain":0.0,"max_hp_loss":0.0,"gold_gain":0.0,"event_name":"Wheel of Change","player_choice":"Cursed","floor":3.0,"gold_loss":0.0,"damage_taken":0.0,"cards_obtained":["Decay"]},{"cards_removed":["Strike_R"],"damage_healed":0.0,"max_hp_gain":0.0,"max_hp_loss":0.0,"gold_gain":0.0,"event_name":"Wheel of Change","player_choice":"Card Removal","floor":19.0,"gold_loss":0.0,"damage_taken":0.0},{"damage_healed":0.0,"max_hp_gain":0.0,"max_hp_loss":0.0,"gold_gain":0.0,"event_name":"Masked Bandits","player_choice":"Fought Bandits","floor":21.0,"gold_loss":0.0,"damage_taken":0.0},{"damage_healed":0.0,"max_hp_gain":0.0,"max_hp_loss":0.0,"gold_gain":0.0,"event_name":"Ghosts","player_choice":"Ignored","floor":25.0,"gold_loss":0.0,"damage_taken":0.0}],"is_beta":false,"boss_relics":[{"not_picked":["Orrery","Black Blood"],"picked":"Sozu"}],"items_purged_floors":[5],"is_endless":false,"potions_floor_spawned":[1,4,12,13,14,21,22,23,28],"killed_by":"Automaton","ascension_level":0}