{"gold_per_floor":[113,129,54,73,84,84,98,118,187,214,214,214,228,246,246,345,345,364,390,141,152,67,67,67,67,90,119,119,144,161,178,178,282,282,300,300,210,225,38,65,65,75,156,175,191,211,14,27,27,27],"floor_reached":50,"playtime":1782,"items_purged":["Strike_R","Strike_R"],"score":518,"play_id":"741fe84d-ea8d-40a0-a7f9-fd39ad738098","local_time":"20190406233142","is_ascension_mode":false,"campfire_choices":[{"data":"Flame Barrier","floor":6.0,"key":"SMITH"},{"data":"Bloodletting","floor":11.0,"key":"SMITH"},{"data":"Whirlwind","floor":15.0,"key":"SMITH"},{"data":"Double Tap","floor":23.0,"key":"SMITH"},{"data":"Flex","floor":25.0,"key":"SMITH"},{"data":"Limit Break","floor":28.0,"key":"SMITH"},{"floor":32.0,"key":"REST"},{"data":"Inflame","floor":41.0,"key":"SMITH"},{"data":"Flex","floor":49.0,"key":"SMITH"}],"neow_cost":"NONE","seed_source_timestamp":157706355514282,"circlet_count":0,"master_deck":["Strike_R","Defend_R","Defend_R","Defend_R","Defend_R","Bash+1","Flame Barrier+1","Dropkick","Clothesline","Headbutt+1","Bloodletting+1","Whirlwind+1","Limit Break+1","Double Tap+1","Flex+1","Flex+1","Feed","Pommel Strike+1","Inflame+1","Ghostly Armor+1","Combust+1","Rage"],"special_seed":0,"relics":["Burning Blood","Blue Candle","Unceasing Top","Philosopher\u0027s Stone","Blood Vial","Happy Flower","StoneCalendar","Omamori","PreservedInsect","Self Forming Clay","Sozu","Red Skull","Centennial Puzzle","Darkstone Periapt","Oddly Smooth Stone"],"potions_floor_usage":[],"damage_taken":[{"damage":10.0,"enemies":"Cultist","floor":1.0,"turns":4.0},{"damage":0.0,"enemies":"Small Slimes","floor":2.0,"turns":3.0},{"damage":1.0,"enemies":"Jaw Worm","floor":4.0,"turns":3.0},{"damage":5.0,"enemies":"2 Fungi Beasts","floor":5.0,"turns":4.0},{"damage":10.0,"enemies":"Looter","floor":7.0,"turns":3.0},{"damage":21.0,"enemies":"Exordium Thugs","floor":8.0,"turns":6.0},{"damage":10.0,"enemies":"Gremlin Nob","floor":10.0,"turns":4.0},{"damage":5.0,"enemies":"Lots of Slimes","floor":13.0,"turns":5.0},{"damage":13.0,"enemies":"2 Fungi Beasts","floor":14.0,"turns":5.0},{"damage":41.0,"enemies":"The Guardian","floor":16.0,"turns":16.0},{"damage":0.0,"enemies":"Chosen","floor":18.0,"turns":3.0},{"damage":0.0,"enemies":"3 Byrds","floor":21.0,"turns":3.0},{"damage":24.0,"enemies":"Gremlin Leader","floor":27.0,"turns":5.0},{"damage":25.0,"enemies":"Slavers","floor":29.0,"turns":5.0},{"damage":21.0,"enemies":"Snake Plant","floor":30.0,"turns":3.0},{"damage":7.0,"enemies":"Shelled Parasite and Fungi","floor":31.0,"turns":3.0},{"damage":28.0,"enemies":"Collector","floor":33.0,"turns":6.0},{"damage":39.0,"enemies":"3 Shapes","floor":35.0,"turns":1.0},{"damage":6.0,"enemies":"Orb Walker","floor":38.0,"turns":2.0},{"damage":48.0,"enemies":"Giant Head","floor":40.0,"turns":6.0},{"damage":3.0,"enemies":"Transient","floor":42.0,"turns":5.0},{"damage":1.0,"enemies":"3 Darklings","floor":44.0,"turns":2.0},{"damage":10.0,"enemies":"Jaw Worm Horde","floor":45.0,"turns":2.0},{"damage":19.0,"enemies":"4 Shapes","floor":46.0,"turns":5.0},{"damage":0.0,"enemies":"Transient","floor":48.0,"turns":5.0},{"damage":36,"enemies":"Donu and Deca","floor":50,"turns":5}],"seed_played":"6705362565935285714","potions_obtained":[{"floor":2.0,"key":"Energy Potion"},{"floor":4.0,"key":"Swift Potion"},{"floor":5.0,"key":"LiquidBronze"},{"floor":10.0,"key":"BloodPotion"},{"floor":13.0,"key":"LiquidBronze"},{"floor":18.0,"key":"Energy Potion"},{"floor":29.0,"key":"Poison Potion"}],"is_trial":false,"path_per_floor":["M","M","$","M","M","R","M","M","T","E","R","?","M","M","R","B",null,"M","T","$","M","?","R","?","R","T","E","R","E","M","M","R","B",null,"M","?","?","M","$","E","R","M","T","M","M","M","$","M","R","B"],"character_chosen":"IRONCLAD","items_purchased":["Happy Flower","Inflame","Red Skull","Rage","Oddly Smooth Stone"],"campfire_rested":1,"item_purchase_floors":[20,39,39,47,47],"current_hp_per_floor":[76,80,80,80,80,80,76,61,61,57,57,57,66,59,59,24,80,80,80,80,80,80,80,65,65,65,49,49,32,19,20,45,25,85,52,73,73,75,75,35,35,40,40,47,45,34,34,42,42,8],"gold":27,"neow_bonus":"UPGRADE_CARD","is_prod":false,"is_daily":false,"chose_seed":false,"campfire_upgraded":8,"win_rate":0,"timestamp":1554618702,"path_taken":["M","?","$","M","M","R","M","M","T","E","R","?","M","M","R","BOSS","M","?","$","M","?","R","?","R","T","E","R","E","M","M","R","BOSS","M","?","?","M","$","E","R","?","T","M","M","M","$","?","R","BOSS"],"build_version":"2019-01-23","purchased_purges":2,"victory":false,"max_hp_per_floor":[80,80,80,80,80,80,80,80,80,80,80,80,80,80,80,80,80,80,80,80,80,80,80,85,85,85,85,85,85,85,85,85,85,85,85,85,85,85,85,85,85,85,85,85,85,85,85,85,85,85],"card_choices":[{"not_picked":["Shrug It Off","Evolve"],"picked":"Flame Barrier","floor":1.0},{"not_picked":["Evolve","Disarm"],"picked":"Dropkick","floor":2.0},{"not_picked":["Thunderclap","True Grit"],"picked":"Clothesline","floor":4.0},{"not_picked":["Seeing Red","Heavy Blade"],"picked":"Headbutt","floor":5.0},{"not_picked":["Anger","Warcry","Seeing Red"],"picked":"SKIP","floor":7.0},{"not_picked":["Anger","Intimidate","Hemokinesis"],"picked":"SKIP","floor":8.0},{"not_picked":["Iron Wave","Rage"],"picked":"Bloodletting","floor":10.0},{"not_picked":["Burning Pact","Cleave"],"picked":"Whirlwind","floor":13.0},{"not_picked":["Power Through","Iron Wave"],"picked":"Limit Break","floor":14.0},{"not_picked":["Reaper","Brutality"],"picked":"Double Tap","floor":16.0},{"not_picked":["Armaments","Sword Boomerang","Rage"],"picked":"SKIP","floor":18.0},{"not_picked":["Sentinel+1","Headbutt"],"picked":"Flex","floor":21.0},{"not_picked":["Heavy Blade","Cleave+1","Fire Breathing"],"picked":"SKIP","floor":27.0},{"not_picked":["Sever Soul","Clothesline+1","Evolve"],"picked":"SKIP","floor":29.0},{"not_picked":["Uppercut","Rupture"],"picked":"Flex","floor":30.0},{"not_picked":["Reckless Charge","Battle Trance","Headbutt+1"],"picked":"SKIP","floor":31.0},{"not_picked":["Bludgeon","Fiend Fire"],"picked":"Feed","floor":33.0},{"not_picked":["Entrench","Headbutt","Blood for Blood"],"picked":"SKIP","floor":35.0},{"not_picked":["Searing Blow","Sword Boomerang"],"picked":"Pommel Strike+1","floor":38.0},{"not_picked":["Iron Wave","Body Slam+1"],"picked":"Ghostly Armor+1","floor":40.0},{"not_picked":["Blood for Blood","Infernal Blade","Sword Boomerang"],"picked":"SKIP","floor":42.0},{"not_picked":["Feel No Pain+1","Rampage+1"],"picked":"Combust+1","floor":44.0},{"not_picked":["Clothesline+1","Clash+1","Wild Strike+1"],"picked":"SKIP","floor":45.0},{"not_picked":["Battle Trance+1","Headbutt","Armaments"],"picked":"SKIP","floor":46.0},{"not_picked":["Searing Blow+1","Cleave+1","Dual Wield"],"picked":"SKIP","floor":48.0}],"player_experience":964772,"relics_obtained":[{"floor":9.0,"key":"Blue Candle"},{"floor":10.0,"key":"Unceasing Top"},{"floor":19.0,"key":"Blood Vial"},{"floor":26.0,"key":"Omamori"},{"floor":27.0,"key":"PreservedInsect"},{"floor":29.0,"key":"Self Forming Clay"},{"floor":40.0,"key":"Centennial Puzzle"},{"floor":43.0,"key":"Darkstone Periapt"}],"event_choices":[{"cards_removed":["Strike_R"],"damage_healed":0.0,"max_hp_gain":0.0,"max_hp_loss":0.0,"gold_gain":0.0,"event_name":"Purifier","player_choice":"Purged","floor":12.0,"gold_loss":0.0,"damage_taken":0.0},{"damage_healed":0.0,"max_hp_gain":0.0,"max_hp_loss":0.0,"gold_gain":0.0,"event_name":"Addict","player_choice":"Obtained Relic","floor":22.0,"gold_loss":85.0,"damage_taken":0.0,"relics_obtained":["StoneCalendar"]},{"damage_healed":0.0,"max_hp_gain":5.0,"max_hp_loss":0.0,"gold_gain":0.0,"event_name":"Forgotten Altar","player_choice":"Shed Blood","floor":24.0,"gold_loss":0.0,"damage_taken":20.0},{"damage_healed":21.0,"max_hp_gain":0.0,"max_hp_loss":0.0,"gold_gain":0.0,"event_name":"Winding Halls","player_choice":"Writhe","floor":36.0,"gold_loss":0.0,"damage_taken":0.0,"cards_obtained":["Writhe"]},{"cards_removed":["Strike_R"],"damage_healed":0.0,"max_hp_gain":0.0,"max_hp_loss":0.0,"gold_gain":0.0,"event_name":"Designer","player_choice":"Upgrade and Remove","floor":37.0,"gold_loss":90.0,"damage_taken":0.0,"cards_upgraded":["Headbutt"]}],"is_beta":false,"boss_relics":[{"not_picked":["Calling Bell","Black Star"],"picked":"Philosopher\u0027s Stone"},{"not_picked":["White Beast Statue","Coffee Dripper"],"picked":"Sozu"}],"items_purged_floors":[3,20],"is_endless":false,"potions_floor_spawned":[2,4,5,10,13,16,18,21,29,30,38,40,46,48],"killed_by":"Donu and Deca","ascension_level":0}