{"gold_per_floor":[112,112,112,37,53,84,84,84,84,99,117,130,163,181,181,258,258,273,304,320,520,62,62,76,109,132,159,184,196,208],"floor_reached":30,"playtime":1068,"items_purged":["Strike_R"],"score":574,"play_id":"c4121d52-a093-4c72-8966-0758682fb551","local_time":"20190916010559","is_ascension_mode":true,"campfire_choices":[{"data":"Bash","floor":7.0,"key":"SMITH"},{"data":"Double Tap","floor":15.0,"key":"SMITH"},{"data":"Shockwave","floor":23.0,"key":"SMITH"}],"neow_cost":"NONE","seed_source_timestamp":423084425794603,"circlet_count":0,"master_deck":["AscendersBane","Strike_R","Strike_R","Strike_R","Defend_R","Defend_R","Defend_R","Defend_R","Bash+1","Dropkick","Thunderclap","Rampage+1","Corruption","Flame Barrier","Double Tap+1","Shrug It Off","Offering","Battle Trance","Pommel Strike+1","Inflame","Shockwave+1","Sentinel","Offering"],"special_seed":0,"relics":["Burning Blood","NeowsBlessing","Molten Egg 2","Strawberry","Champion Belt","Paper Frog","White Beast Statue","Red Mask","Lee\u0027s Waffle","Omamori","Darkstone Periapt","MawBank"],"potions_floor_usage":[30],"damage_taken":[{"damage":0.0,"enemies":"Cultist","floor":1.0,"turns":1.0},{"damage":0.0,"enemies":"2 Louse","floor":5.0,"turns":1.0},{"damage":0.0,"enemies":"Lagavulin","floor":6.0,"turns":1.0},{"damage":2.0,"enemies":"Jaw Worm","floor":10.0,"turns":4.0},{"damage":6.0,"enemies":"Exordium Wildlife","floor":11.0,"turns":3.0},{"damage":7.0,"enemies":"2 Fungi Beasts","floor":12.0,"turns":4.0},{"damage":21.0,"enemies":"Gremlin Nob","floor":13.0,"turns":4.0},{"damage":0.0,"enemies":"Red Slaver","floor":14.0,"turns":4.0},{"damage":31.0,"enemies":"Hexaghost","floor":16.0,"turns":7.0},{"damage":25.0,"enemies":"Spheric Guardian","floor":18.0,"turns":5.0},{"damage":37.0,"enemies":"Masked Bandits","floor":19.0,"turns":5.0},{"damage":5.0,"enemies":"3 Byrds","floor":20.0,"turns":5.0},{"damage":43.0,"enemies":"Sentry and Sphere","floor":24.0,"turns":6.0},{"damage":17,"enemies":"Gremlin Leader","floor":25,"turns":5},{"damage":22,"enemies":"Snake Plant","floor":27,"turns":3},{"damage":6,"enemies":"Centurion and Healer","floor":28,"turns":5},{"damage":34,"enemies":"Cultist and Chosen","floor":30,"turns":5}],"seed_played":"-6369577634577002207","potions_obtained":[{"floor":1.0,"key":"Strength Potion"},{"floor":6.0,"key":"SkillPotion"},{"floor":16.0,"key":"Explosive Potion"},{"floor":18.0,"key":"EssenceOfSteel"},{"floor":19.0,"key":"Dexterity Potion"},{"floor":25,"key":"Fire Potion"}],"is_trial":false,"path_per_floor":["M","?","?","$","M","E","R","?","T","M","M","M","E","M","R","B",null,"M","?","M","?","$","R","M","E","T","M","M","?","M"],"character_chosen":"IRONCLAD","items_purchased":["Lee\u0027s Waffle","Shockwave","Omamori"],"campfire_rested":0,"item_purchase_floors":[22,22,22],"current_hp_per_floor":[74,74,79,79,80,80,80,69,69,73,73,72,57,63,63,38,75,56,25,26,26,94,94,57,46,46,30,30,30,0],"gold":208,"neow_bonus":"THREE_ENEMY_KILL","is_prod":false,"is_daily":false,"chose_seed":false,"campfire_upgraded":3,"win_rate":0,"timestamp":1568621159,"path_taken":["M","?","?","$","M","E","R","?","T","?","M","M","E","M","R","BOSS","M","?","M","?","$","R","M","E","T","?","M","?","M"],"build_version":"2019-07-17","purchased_purges":1,"victory":false,"max_hp_per_floor":[75,75,80,80,80,80,80,87,87,87,87,87,87,87,87,87,87,87,87,87,87,94,94,94,94,94,94,94,94,94],"card_choices":[{"not_picked":["Sentinel","Perfected Strike"],"picked":"Dropkick","floor":1.0},{"not_picked":["Evolve","Iron Wave"],"picked":"Thunderclap","floor":5.0},{"not_picked":["Headbutt","Entrench","Iron Wave"],"picked":"SKIP","floor":6.0},{"not_picked":["Havoc","Thunderclap+1"],"picked":"Rampage+1","floor":10.0},{"not_picked":["Evolve","Blood for Blood+1"],"picked":"Corruption","floor":11.0},{"not_picked":["Warcry","Sever Soul+1"],"picked":"Flame Barrier","floor":12.0},{"not_picked":["Pummel+1","Inflame"],"picked":"Double Tap","floor":13.0},{"not_picked":["Pommel Strike+1","Hemokinesis+1"],"picked":"Shrug It Off","floor":14.0},{"not_picked":["Reaper+1","Double Tap"],"picked":"Offering","floor":16.0},{"not_picked":["Armaments","Body Slam+1"],"picked":"Battle Trance","floor":18.0},{"not_picked":["Thunderclap+1","Twin Strike+1"],"picked":"Pommel Strike+1","floor":19.0},{"not_picked":["Blood for Blood+1","True Grit+1"],"picked":"Inflame","floor":20.0},{"not_picked":["Sword Boomerang+1","Corruption","Perfected Strike+1"],"picked":"SKIP","floor":24.0},{"not_picked":["Cleave+1","Clash+1"],"picked":"Sentinel","floor":25},{"not_picked":["Metallicize","Sword Boomerang+1","Burning Pact"],"picked":"SKIP","floor":27},{"not_picked":["Armaments+1","Uppercut+1"],"picked":"Offering","floor":28}],"player_experience":1149945,"relics_obtained":[{"floor":6.0,"key":"Molten Egg 2"},{"floor":9.0,"key":"Champion Belt"},{"floor":13.0,"key":"Paper Frog"},{"floor":19.0,"key":"Red Mask"},{"floor":25,"key":"Darkstone Periapt"},{"floor":26,"key":"MawBank"}],"event_choices":[{"cards_removed":["Strike_R"],"damage_healed":0.0,"max_hp_gain":0.0,"max_hp_loss":0.0,"gold_gain":0.0,"event_name":"Living Wall","player_choice":"Forget","floor":2.0,"gold_loss":0.0,"damage_taken":0.0},{"damage_healed":0.0,"max_hp_gain":5.0,"max_hp_loss":0.0,"gold_gain":0.0,"event_name":"Big Fish","player_choice":"Donut","floor":3.0,"gold_loss":0.0,"damage_taken":0.0},{"damage_healed":0.0,"max_hp_gain":0.0,"max_hp_loss":0.0,"gold_gain":0.0,"event_name":"Scrap Ooze","player_choice":"Success","floor":8.0,"gold_loss":0.0,"damage_taken":18.0,"relics_obtained":["Strawberry"]},{"damage_healed":0.0,"max_hp_gain":0.0,"max_hp_loss":0.0,"gold_gain":0.0,"event_name":"Masked Bandits","player_choice":"Fought Bandits","floor":19.0,"gold_loss":0.0,"damage_taken":0.0},{"damage_healed":0.0,"max_hp_gain":0.0,"max_hp_loss":0.0,"gold_gain":250.0,"event_name":"The Joust","player_choice":"Bet on Owner","floor":21.0,"gold_loss":50.0,"damage_taken":0.0},{"damage_healed":0,"gold_gain":0,"player_choice":"Ignored","damage_taken":0,"max_hp_gain":0,"max_hp_loss":0,"event_name":"Beggar","floor":29,"gold_loss":0}],"is_beta":false,"boss_relics":[{"not_picked":["Black Star","Snecko Eye"],"picked":"White Beast Statue"}],"items_purged_floors":[4],"is_endless":false,"potions_floor_spawned":[1,6,14,16,18,19,20,24,25,27,28],"killed_by":"Cultist and Chosen","ascension_level":20}