{"gold_per_floor":[110,110,124,54,66,66,28,46,70,82,119,56,81,106,118,204,216,245,273,200,212,234,246,258],"floor_reached":24,"playtime":1047,"items_purged":[],"score":329,"play_id":"e0dab8d6-9e94-4af8-827a-2b5793ebe4b4","local_time":"20190822131132","is_ascension_mode":true,"campfire_choices":[{"data":"Inflame","floor":6,"key":"SMITH"},{"data":"Intimidate","floor":10,"key":"SMITH"},{"data":"Heavy Blade","floor":15,"key":"SMITH"},{"data":"Flex","floor":23,"key":"SMITH"}],"neow_cost":"NONE","seed_source_timestamp":139965518725100,"circlet_count":0,"master_deck":["AscendersBane","Strike_R","Strike_R","Defend_R","Defend_R","Defend_R","Defend_R","Bash+1","Sword Boomerang","Inflame+1","Whirlwind","Intimidate+1","Disarm","Flex+1","Heavy Blade+1","Offering","Shrug It Off","Whirlwind"],"relics":["Burning Blood","CultistMask","MawBank","Odd Mushroom","Empty Cage","Blood Vial"],"potions_floor_usage":[13,16,24,24],"damage_taken":[{"damage":4,"enemies":"2 Louse","floor":1,"turns":4},{"damage":6,"enemies":"Cultist","floor":3,"turns":3},{"damage":7,"enemies":"Jaw Worm","floor":5,"turns":3},{"damage":12,"enemies":"Looter","floor":8,"turns":3},{"damage":21,"enemies":"The Mushroom Lair","floor":11,"turns":5},{"damage":18,"enemies":"Exordium Wildlife","floor":13,"turns":4},{"damage":15,"enemies":"Exordium Thugs","floor":14,"turns":4},{"damage":42,"enemies":"Hexaghost","floor":16,"turns":11},{"damage":16,"enemies":"2 Thieves","floor":18,"turns":3},{"damage":6,"enemies":"Chosen","floor":19,"turns":3},{"damage":35,"enemies":"Centurion and Healer","floor":22,"turns":7},{"damage":31,"enemies":"Slavers","floor":24,"turns":3}],"seed_played":"1595446258964918122","potions_obtained":[{"floor":1,"key":"Dexterity Potion"},{"floor":5,"key":"Block Potion"},{"floor":8,"key":"Regen Potion"},{"floor":18,"key":"SkillPotion"},{"floor":22,"key":"Dexterity Potion"}],"is_trial":false,"path_per_floor":["M","?","M","$","M","R","$","M","T","R","?","?","M","M","R","B",null,"M","M","?","?","M","R","E"],"character_chosen":"IRONCLAD","items_purchased":["Whirlwind","Disarm"],"campfire_rested":0,"item_purchase_floors":[4,7],"current_hp_per_floor":[77,77,77,77,76,76,76,70,70,70,55,55,55,46,46,10,64,54,54,54,54,27,27,0],"gold":258,"neow_bonus":"TEN_PERCENT_HP_BONUS","is_prod":false,"is_daily":false,"chose_seed":false,"campfire_upgraded":4,"win_rate":0,"timestamp":1566450692,"path_taken":["M","?","M","$","?","R","?","M","T","R","?","?","?","M","R","BOSS","M","M","?","?","?","R","E"],"build_version":"2019-07-17","purchased_purges":0,"victory":false,"max_hp_per_floor":[82,82,82,82,82,82,82,82,82,82,82,82,82,82,82,82,82,82,82,82,82,82,82,82],"card_choices":[{"not_picked":["Second Wind","Wild Strike"],"picked":"Sword Boomerang","floor":1},{"not_picked":["Heavy Blade","Reckless Charge"],"picked":"Inflame","floor":3},{"not_picked":["Perfected Strike","Corruption"],"picked":"Intimidate","floor":5},{"not_picked":["Havoc","Cleave"],"picked":"Flex","floor":8},{"not_picked":["Cleave","Feel No Pain"],"picked":"Heavy Blade","floor":13},{"not_picked":["Wild Strike","Carnage","Combust"],"picked":"SKIP","floor":14},{"not_picked":["Dark Embrace","Double Tap"],"picked":"Offering","floor":16},{"not_picked":["Rupture","Thunderclap"],"picked":"Shrug It Off","floor":18},{"not_picked":["Havoc+1","Wild Strike","Fire Breathing"],"picked":"SKIP","floor":19},{"not_picked":["Armaments","Body Slam"],"picked":"Whirlwind","floor":22}],"player_experience":612108,"relics_obtained":[{"floor":9,"key":"MawBank"},{"floor":11,"key":"Odd Mushroom"}],"event_choices":[{"damage_healed":0,"gold_gain":0,"player_choice":"Trade","damage_taken":0,"relics_obtained":["CultistMask"],"max_hp_gain":0,"max_hp_loss":0,"event_name":"FaceTrader","floor":2,"gold_loss":0},{"damage_healed":0,"gold_gain":0,"player_choice":"Fought Mushrooms","damage_taken":0,"max_hp_gain":0,"max_hp_loss":0,"event_name":"Mushrooms","floor":11,"gold_loss":0},{"cards_removed":["Strike_R"],"damage_healed":0,"gold_gain":0,"player_choice":"Card Removal","damage_taken":0,"max_hp_gain":0,"max_hp_loss":0,"event_name":"The Cleric","floor":12,"gold_loss":75},{"damage_healed":0,"gold_gain":0,"player_choice":"Obtained Relic","damage_taken":0,"relics_obtained":["Blood Vial"],"max_hp_gain":0,"max_hp_loss":0,"event_name":"Addict","floor":20,"gold_loss":85},{"damage_healed":0,"gold_gain":0,"player_choice":"Upgraded","damage_taken":0,"max_hp_gain":0,"max_hp_loss":0,"event_name":"Upgrade Shrine","floor":21,"gold_loss":0,"cards_upgraded":["Bash"]}],"is_beta":false,"boss_relics":[{"not_picked":["Astrolabe","Snecko Eye"],"picked":"Empty Cage"}],"items_purged_floors":[],"is_endless":false,"potions_floor_spawned":[1,5,8,18,22],"killed_by":"Slavers","ascension_level":15}