{"gold_per_floor":[109,184,184,184,184,194,194,21,74,88,108,137,287,299,299,372,372,383,383,399,37,37,52,52,52],"floor_reached":25,"playtime":1163,"items_purged":["Decay"],"score":441,"play_id":"f1c67b7d-975a-4772-bad2-9dcebbff30c6","local_time":"20190430003035","is_ascension_mode":true,"campfire_choices":[{"data":"Bouncing Flask","floor":7.0,"key":"SMITH"},{"data":"Catalyst","floor":15.0,"key":"SMITH"},{"floor":24.0,"key":"REST"}],"neow_cost":"NONE","seed_source_timestamp":283584902754732,"circlet_count":0,"master_deck":["AscendersBane","Defend_G","Defend_G","Defend_G","Defend_G","Defend_G","Strike_G","Strike_G","Strike_G","Strike_G","Strike_G","Survivor","Neutralize","Underhanded Strike","Bouncing Flask+1","Dagger Throw","Predator","Envenom","Catalyst+1","A Thousand Cuts","Crippling Poison+1","Quick Slash+1","Backflip"],"special_seed":0,"relics":["Snecko Eye","Boot","Dodecahedron","Oddly Smooth Stone","Dream Catcher","Bronze Scales","Eternal Feather","Mummified Hand"],"potions_floor_usage":[25],"damage_taken":[{"damage":0.0,"enemies":"2 Louse","floor":1.0,"turns":4.0},{"damage":1.0,"enemies":"Cultist","floor":6.0,"turns":4.0},{"damage":0.0,"enemies":"Small Slimes","floor":10.0,"turns":4.0},{"damage":2.0,"enemies":"Looter","floor":11.0,"turns":3.0},{"damage":0.0,"enemies":"Lagavulin","floor":12.0,"turns":4.0},{"damage":0.0,"enemies":"Red Slaver","floor":14.0,"turns":3.0},{"damage":8.0,"enemies":"The Guardian","floor":16.0,"turns":8.0},{"damage":18.0,"enemies":"Chosen","floor":18.0,"turns":5.0},{"damage":14.0,"enemies":"2 Thieves","floor":20.0,"turns":4.0},{"damage":18.0,"enemies":"Snecko","floor":23.0,"turns":4.0},{"damage":58,"enemies":"Slavers","floor":25,"turns":4}],"seed_played":"-5838764022096803763","potions_obtained":[{"floor":6.0,"key":"Ancient Potion"},{"floor":10.0,"key":"Ancient Potion"},{"floor":12.0,"key":"EssenceOfSteel"},{"floor":20.0,"key":"Fire Potion"}],"is_trial":false,"path_per_floor":["M","?","?","?","T","M","R","$","T","M","M","E","?","M","R","B",null,"M","?","M","$","?","M","R","E"],"character_chosen":"THE_SILENT","items_purchased":["Oddly Smooth Stone","Mummified Hand"],"campfire_rested":1,"item_purchase_floors":[8,21],"current_hp_per_floor":[59,48,48,43,43,42,42,42,42,42,40,40,40,40,40,32,58,40,40,26,26,26,8,39,0],"gold":52,"neow_bonus":"BOSS_RELIC","is_prod":false,"is_daily":false,"chose_seed":false,"campfire_upgraded":2,"win_rate":0,"timestamp":1556609435,"path_taken":["M","?","?","?","?","M","R","$","T","?","M","E","?","M","R","BOSS","M","?","M","$","?","M","R","E"],"build_version":"2019-01-23","purchased_purges":1,"victory":false,"max_hp_per_floor":[66,66,66,66,66,66,66,66,66,66,66,66,66,66,66,66,66,66,66,66,66,66,66,66,66],"card_choices":[{"not_picked":["Dagger Spray","Backflip"],"picked":"Underhanded Strike","floor":1.0},{"not_picked":["Outmaneuver","Acrobatics"],"picked":"Bouncing Flask","floor":6.0},{"not_picked":["Cloak And Dagger","Slice"],"picked":"Dagger Throw","floor":10.0},{"not_picked":["After Image","Backflip"],"picked":"Predator","floor":11.0},{"not_picked":["Acrobatics","Poisoned Stab"],"picked":"Envenom","floor":12.0},{"not_picked":["Blade Dance","Poisoned Stab"],"picked":"Catalyst","floor":14.0},{"not_picked":["Envenom","Phantasmal Killer"],"picked":"A Thousand Cuts","floor":16.0},{"not_picked":["Calculated Gamble","Outmaneuver"],"picked":"Crippling Poison+1","floor":18.0},{"not_picked":["Deflect+1","Bane"],"picked":"Quick Slash+1","floor":20.0},{"not_picked":["Infinite Blades","Dagger Spray"],"picked":"Backflip","floor":23.0}],"player_experience":1037825,"relics_obtained":[{"floor":5.0,"key":"Dodecahedron"},{"floor":9.0,"key":"Dream Catcher"},{"floor":12.0,"key":"Bronze Scales"}],"event_choices":[{"damage_healed":0.0,"max_hp_gain":0.0,"max_hp_loss":0.0,"gold_gain":75.0,"event_name":"World of Goop","player_choice":"Gather Gold","floor":2.0,"gold_loss":0.0,"damage_taken":11.0},{"damage_healed":0.0,"max_hp_gain":0.0,"max_hp_loss":0.0,"gold_gain":0.0,"event_name":"Shining Light","player_choice":"Ignored","floor":3.0,"gold_loss":0.0,"damage_taken":0.0},{"damage_healed":0.0,"max_hp_gain":0.0,"max_hp_loss":0.0,"gold_gain":0.0,"event_name":"Scrap Ooze","player_choice":"Success","floor":4.0,"gold_loss":0.0,"damage_taken":5.0,"relics_obtained":["Boot"]},{"damage_healed":0.0,"max_hp_gain":0.0,"max_hp_loss":0.0,"gold_gain":150.0,"event_name":"Liars Game","player_choice":"AGREE","floor":13.0,"gold_loss":0.0,"damage_taken":0.0,"cards_obtained":["Doubt"]},{"damage_healed":0.0,"max_hp_gain":0.0,"max_hp_loss":0.0,"gold_gain":0.0,"event_name":"Forgotten Altar","player_choice":"Smashed Altar","floor":19.0,"gold_loss":0.0,"damage_taken":0.0,"cards_obtained":["Decay"]},{"cards_removed":["Doubt"],"damage_healed":0.0,"max_hp_gain":0.0,"max_hp_loss":0.0,"gold_gain":0.0,"event_name":"Purifier","player_choice":"Purged","floor":22.0,"gold_loss":0.0,"damage_taken":0.0}],"is_beta":false,"boss_relics":[{"not_picked":["WristBlade","Velvet Choker"],"picked":"Eternal Feather"}],"items_purged_floors":[21],"is_endless":false,"potions_floor_spawned":[6,10,12,20],"killed_by":"Slavers","ascension_level":19}