{"gold_per_floor":[109,109,133,153,176,207,207,250,277,139,164,164,114,154,154,244,244,268,287,300,300,194,194,194,194,244,219,219,234,234,248,248,342,342,365,365,384,509,134,167,0,44,44,77,77,120,120,141,141,141,141],"floor_reached":52,"playtime":3470,"items_purged":["Dual Wield","Infernal Blade","Armaments","Wild Strike"],"score":2222,"play_id":"a9dafd15-6eb4-461a-b8f3-1f40b70b0c60","local_time":"20190922210207","is_ascension_mode":true,"campfire_choices":[{"floor":7,"key":"REST"},{"floor":12,"key":"REST"},{"data":"Demon Form","floor":15,"key":"SMITH"},{"floor":23,"key":"REST"},{"data":"Uppercut","floor":25,"key":"SMITH"},{"data":"Heavy Blade","floor":30,"key":"SMITH"},{"floor":32,"key":"REST"},{"data":"Impervious","floor":47,"key":"SMITH"},{"data":"Evolve","floor":49,"key":"SMITH"}],"neow_cost":"NONE","seed_source_timestamp":536029014584500,"circlet_count":0,"master_deck":["AscendersBane","Bash","Armaments+1","Spot Weakness","Whirlwind+1","Heavy Blade+1","Demon Form+1","Immolate+1","Shrug It Off","Immolate","Power Through","Fire Breathing","Battle Trance+1","Reaper","Uppercut+1","Shrug It Off","True Grit","Fire Breathing","Intimidate+1","Impervious+1","Shrug It Off","Blood for Blood+1","Heavy Blade+1","Shrug It Off","Shrug It Off+1","Disarm+1","Demon Form+1","Power Through","Evolve+1"],"special_seed":0,"relics":["Pandora\u0027s Box","Golden Idol","InkBottle","Smiling Mask","Whetstone","War Paint","Snecko Eye","Nilry\u0027s Codex","PreservedInsect","Runic Dome","Molten Egg 2","Pocketwatch","Bag of Preparation","Blood Vial","WingedGreaves","Red Mask","Ornamental Fan","Kunai","Toy Ornithopter","Self Forming Clay"],"potions_floor_usage":[6,33,48,51,51],"damage_taken":[{"damage":0.0,"enemies":"2 Louse","floor":1.0,"turns":1.0},{"damage":6.0,"enemies":"Jaw Worm","floor":3.0,"turns":3.0},{"damage":0.0,"enemies":"Small Slimes","floor":4.0,"turns":2.0},{"damage":7.0,"enemies":"Blue Slaver","floor":5.0,"turns":4.0},{"damage":32,"enemies":"Gremlin Nob","floor":6,"turns":4},{"damage":10,"enemies":"3 Sentries","floor":8,"turns":6},{"damage":0,"enemies":"Looter","floor":11,"turns":2},{"damage":15,"enemies":"Lagavulin","floor":14,"turns":6},{"damage":27,"enemies":"Hexaghost","floor":16,"turns":8},{"damage":0,"enemies":"2 Thieves","floor":18,"turns":1},{"damage":15,"enemies":"Chosen","floor":19,"turns":4},{"damage":14,"enemies":"Snake Plant","floor":20,"turns":4},{"damage":12,"enemies":"Chosen and Byrds","floor":29,"turns":3},{"damage":3,"enemies":"Sentry and Sphere","floor":31,"turns":3},{"damage":38,"enemies":"Champ","floor":33,"turns":8},{"damage":0,"enemies":"3 Darklings","floor":35,"turns":2},{"damage":0,"enemies":"Orb Walker","floor":37,"turns":2},{"damage":0,"enemies":"Mind Bloom Boss Battle","floor":38,"turns":3},{"damage":0,"enemies":"Reptomancer","floor":40,"turns":3},{"damage":0,"enemies":"Nemesis","floor":42,"turns":5},{"damage":6,"enemies":"Reptomancer","floor":44,"turns":3},{"damage":0,"enemies":"Nemesis","floor":46,"turns":5},{"damage":0,"enemies":"Jaw Worm Horde","floor":48,"turns":2},{"damage":0,"enemies":"Time Eater","floor":50,"turns":7},{"damage":40,"enemies":"Donu and Deca","floor":51,"turns":7}],"seed_played":"7111077445631166909","potions_obtained":[{"floor":4.0,"key":"Ancient Potion"},{"floor":5.0,"key":"Strength Potion"},{"floor":8,"key":"Explosive Potion"},{"floor":11,"key":"Weak Potion"},{"floor":35,"key":"Fire Potion"},{"floor":42,"key":"Energy Potion"},{"floor":46,"key":"Fruit Juice"},{"floor":48,"key":"Explosive Potion"}],"is_trial":false,"path_per_floor":["M","?","M","M","M","E","R","E","T","$","M","R","$","E","R","B",null,"M","M","M","?","$","R","?","R","T","$","?","M","R","M","R","B",null,"M","?","M","?","$","E","?","E","T","E","?","E","R","M","R","B","B",null],"character_chosen":"IRONCLAD","items_purchased":["Battle Trance","Shrug It Off","True Grit","Bag of Preparation","Blood Vial"],"campfire_rested":4,"item_purchase_floors":[10,22,27,39,39],"current_hp_per_floor":[68,68,62,62,55,23,43,33,33,33,33,53,53,38,38,11,54,62,47,38,17,17,37,37,37,37,37,37,35,35,32,52,29,58,58,58,68,68,68,68,68,68,68,62,62,64,64,73,73,73,50],"gold":141,"neow_bonus":"BOSS_RELIC","is_prod":false,"is_daily":false,"chose_seed":false,"campfire_upgraded":5,"win_rate":0,"timestamp":1569211327,"path_taken":["M","?","M","M","M","E","R","E","T","?","M","R","$","E","R","BOSS","M","M","M","?","$","R","?","R","T","$","?","M","R","M","R","BOSS","M","?","?","?","$","E","?","E","T","E","?","E","R","M","R","BOSS","BOSS"],"build_version":"2019-09-20","purchased_purges":4,"victory":true,"max_hp_per_floor":[75,68,68,68,68,68,68,68,68,68,68,68,68,68,68,68,68,68,68,68,68,68,68,68,68,68,68,68,68,68,68,68,68,68,68,68,68,68,68,68,68,68,68,68,68,68,68,73,73,73,73],"card_choices":[{"not_picked":["Heavy Blade","Havoc"],"picked":"Shrug It Off","floor":1.0},{"not_picked":["Clash","Armaments"],"picked":"Immolate","floor":3.0},{"not_picked":["Clash","Perfected Strike"],"picked":"Power Through","floor":4.0},{"not_picked":["Rupture","Sentinel","Pummel"],"picked":"SKIP","floor":5.0},{"not_picked":["Havoc","Bloodletting","Clash"],"picked":"SKIP","floor":6},{"not_picked":["Twin Strike","Carnage"],"picked":"Fire Breathing","floor":8},{"not_picked":["Second Wind","Dropkick","Rampage"],"picked":"SKIP","floor":11},{"not_picked":["Hemokinesis","Warcry"],"picked":"Wild Strike","floor":14},{"not_picked":["Double Tap","Dark Embrace"],"picked":"Reaper","floor":16},{"not_picked":["Perfected Strike","Clash","Inflame"],"picked":"SKIP","floor":18},{"not_picked":["Flex","Cleave","Warcry"],"picked":"SKIP","floor":19},{"not_picked":["Body Slam","Bloodletting"],"picked":"Uppercut","floor":20},{"not_picked":["Perfected Strike","Armaments","Wild Strike"],"picked":"SKIP","floor":29},{"not_picked":["Hemokinesis","Wild Strike"],"picked":"Intimidate+1","floor":31},{"not_picked":["Exhume","Barricade"],"picked":"Impervious","floor":33},{"not_picked":["Body Slam+1","Warcry"],"picked":"Shrug It Off","floor":35},{"not_picked":["Entrench","Dual Wield"],"picked":"Blood for Blood+1","floor":37},{"not_picked":["Warcry","Metallicize+1"],"picked":"Heavy Blade+1","floor":38},{"not_picked":["Exhume","Body Slam+1"],"picked":"Shrug It Off","floor":40},{"not_picked":["Hemokinesis+1","Clash+1"],"picked":"Shrug It Off+1","floor":42},{"not_picked":["Iron Wave+1","Battle Trance"],"picked":"Disarm+1","floor":44},{"not_picked":["Immolate+1","Wild Strike+1"],"picked":"Power Through","floor":46},{"not_picked":["Blood for Blood+1","Clash+1"],"picked":"Evolve","floor":48}],"player_experience":1459416,"relics_obtained":[{"floor":6,"key":"InkBottle"},{"floor":8,"key":"Smiling Mask"},{"floor":9,"key":"Whetstone"},{"floor":14,"key":"War Paint"},{"floor":21,"key":"Nilry\u0027s Codex"},{"floor":26,"key":"PreservedInsect"},{"floor":38,"key":"Pocketwatch"},{"floor":40,"key":"WingedGreaves"},{"floor":42,"key":"Ornamental Fan"},{"floor":43,"key":"Kunai"},{"floor":44,"key":"Toy Ornithopter"},{"floor":46,"key":"Self Forming Clay"}],"event_choices":[{"damage_healed":0.0,"max_hp_gain":0.0,"max_hp_loss":7.0,"gold_gain":0.0,"event_name":"Golden Idol","player_choice":"Lose Max HP","floor":2.0,"gold_loss":0.0,"damage_taken":0.0,"relics_obtained":["Golden Idol"]},{"damage_healed":0,"gold_gain":0,"player_choice":"Obtained Book","damage_taken":21,"max_hp_gain":0,"max_hp_loss":0,"event_name":"Cursed Tome","floor":21,"gold_loss":0},{"damage_healed":0,"gold_gain":0,"player_choice":"Ignored","damage_taken":0,"max_hp_gain":0,"max_hp_loss":0,"event_name":"The Mausoleum","floor":24,"gold_loss":0},{"damage_healed":0,"gold_gain":0,"player_choice":"Read","damage_taken":0,"max_hp_gain":0,"max_hp_loss":0,"event_name":"The Library","floor":28,"gold_loss":0,"cards_obtained":["Fire Breathing"]},{"damage_healed":0,"gold_gain":0,"player_choice":"Gave Potion","damage_taken":0,"relics_obtained":["Molten Egg 2"],"max_hp_gain":0,"max_hp_loss":0,"event_name":"WeMeetAgain","floor":36,"gold_loss":0},{"damage_healed":0,"gold_gain":0,"player_choice":"Fight","damage_taken":0,"max_hp_gain":0,"max_hp_loss":0,"event_name":"MindBloom","floor":38,"gold_loss":0},{"damage_healed":0,"gold_gain":0,"player_choice":"Paid","damage_taken":0,"relics_obtained":["Red Mask"],"max_hp_gain":0,"max_hp_loss":0,"event_name":"Tomb of Lord Red Mask","floor":41,"gold_loss":167},{"damage_healed":0,"gold_gain":0,"player_choice":"Copied","damage_taken":0,"max_hp_gain":0,"max_hp_loss":0,"event_name":"Duplicator","floor":45,"gold_loss":0,"cards_obtained":["Demon Form"]}],"is_beta":true,"boss_relics":[{"not_picked":["Astrolabe","SlaversCollar"],"picked":"Snecko Eye"},{"not_picked":["Runic Pyramid","Coffee Dripper"],"picked":"Runic Dome"}],"items_purged_floors":[10,13,22,39],"is_endless":false,"potions_floor_spawned":[4,5,8,11,20,29,35,42,46,48],"ascension_level":20}