{"gold_per_floor":[114,189,203,203,216,216,245,245,245,258,306,334,352,377,377,481,481,493,12,27,41,55,90,90,116,187,219,253,253,553,586,586,683,683,700,700,576,596,596,631,661,689,689,28,42,58,68,81,81,81],"floor_reached":51,"playtime":2974,"items_purged":["Heavy Blade"],"score":1413,"play_id":"e07e0f67-dad7-4ee0-8339-99bca608f40a","local_time":"20190909233622","daily_mods":["Shiny","Vintage","DeadlyEvents"],"is_ascension_mode":true,"campfire_choices":[{"data":"Feed","floor":6,"key":"SMITH"},{"data":"Berserk","floor":8,"key":"SMITH"},{"data":"Corruption","floor":15,"key":"SMITH"},{"data":"Barricade","floor":32,"key":"SMITH"},{"data":"Berserk","floor":49,"key":"SMITH"}],"neow_cost":"","seed_source_timestamp":0,"circlet_count":0,"master_deck":["Double Tap","Demon Form","Feed+1","Limit Break","Barricade+1","Fiend Fire+1","Dark Embrace","Berserk+1","Impervious","Juggernaut","Brutality","Reaper","Exhume","Offering","Immolate","Entrench","Corruption+1","Offering","Body Slam","Feel No Pain","Wild Strike+1","Havoc","Bloodletting","Shrug It Off+1","Entrench+1","Berserk+1","Writhe","Body Slam+1","Havoc+1","Magnetism","Finesse+1","Trip+1","Rage+1","Metallicize+1","Havoc+1","Shockwave+1"],"relics":["Burning Blood","Potion Belt","Lantern","Blue Candle","Oddly Smooth Stone","Pantograph","Gremlin Horn","Dead Branch","Vajra","Anchor","Du-Vu Doll","Happy Flower","Runic Cube","Kunai","Ice Cream","Nunchaku","Matryoshka","Whetstone","Mummified Hand","GremlinMask","Charon\u0027s Ashes","Centennial Puzzle","Toxic Egg 2","Regal Pillow","Ancient Tea Set","Molten Egg 2","Bag of Preparation","Old Coin","Gambling Chip","Philosopher\u0027s Stone","Peace Pipe","The Courier","Boot","Dream Catcher","Meat on the Bone","Singing Bowl","Mercury Hourglass","Mango","Red Skull","Strawberry","Art of War","Thread and Needle","Blood Vial"],"potions_floor_usage":[28,42,50,50],"damage_taken":[{"damage":19,"enemies":"Cultist","floor":1,"turns":4},{"damage":10,"enemies":"Small Slimes","floor":3,"turns":2},{"damage":0,"enemies":"Jaw Worm","floor":5,"turns":2},{"damage":34,"enemies":"3 Sentries","floor":7,"turns":4},{"damage":19,"enemies":"2 Fungi Beasts","floor":10,"turns":5},{"damage":6,"enemies":"Gremlin Nob","floor":12,"turns":3},{"damage":10,"enemies":"Large Slime","floor":13,"turns":6},{"damage":4,"enemies":"3 Sentries","floor":14,"turns":2},{"damage":10,"enemies":"Slime Boss","floor":16,"turns":6},{"damage":33,"enemies":"Shell Parasite","floor":18,"turns":5},{"damage":13,"enemies":"Chosen","floor":20,"turns":4},{"damage":12,"enemies":"Sentry and Sphere","floor":21,"turns":3},{"damage":13,"enemies":"3 Cultists","floor":22,"turns":2},{"damage":12,"enemies":"Book of Stabbing","floor":23,"turns":1},{"damage":20,"enemies":"Gremlin Leader","floor":25,"turns":2},{"damage":22,"enemies":"Book of Stabbing","floor":27,"turns":2},{"damage":13,"enemies":"Slavers","floor":28,"turns":2},{"damage":13,"enemies":"Book of Stabbing","floor":31,"turns":2},{"damage":4,"enemies":"Collector","floor":33,"turns":2},{"damage":3,"enemies":"3 Darklings","floor":35,"turns":2},{"damage":4,"enemies":"Orb Walker","floor":38,"turns":1},{"damage":7,"enemies":"Giant Head","floor":40,"turns":1},{"damage":10,"enemies":"Nemesis","floor":41,"turns":1},{"damage":16,"enemies":"Reptomancer","floor":42,"turns":2},{"damage":1,"enemies":"Jaw Worm Horde","floor":45,"turns":1},{"damage":7,"enemies":"4 Shapes","floor":46,"turns":1},{"damage":10,"enemies":"3 Darklings","floor":47,"turns":2},{"damage":34,"enemies":"Transient","floor":48,"turns":2},{"damage":11,"enemies":"Time Eater","floor":50,"turns":3}],"seed_played":"-8891284114859033846","potions_obtained":[{"floor":10,"key":"SkillPotion"},{"floor":12,"key":"Swift Potion"},{"floor":14,"key":"SmokeBomb"},{"floor":16,"key":"Explosive Potion"},{"floor":20,"key":"PowerPotion"},{"floor":31,"key":"Explosive Potion"},{"floor":33,"key":"EssenceOfSteel"},{"floor":42,"key":"Explosive Potion"},{"floor":47,"key":"Swift Potion"}],"is_trial":true,"path_per_floor":["M","?","M","?","M","R","E","R","T","M","T","E","M","E","R","B",null,"M","$","M","M","M","E","?","E","T","E","E","?","T","E","R","B",null,"M","?","$","M","?","E","E","E","T","$","M","M","M","M","R","B",null],"character_chosen":"IRONCLAD","items_purchased":["Ice Cream","Body Slam","Feel No Pain","Wild Strike","Body Slam+1","Block Potion","Havoc+1","Mercury Hourglass","Mango","Red Skull","Shockwave+1"],"campfire_rested":0,"item_purchase_floors":[19,19,19,19,37,37,37,44,44,44,44],"current_hp_per_floor":[76,65,61,61,67,67,82,82,82,84,84,95,95,99,99,95,99,76,76,73,81,82,76,76,66,66,54,92,92,92,95,95,131,131,131,131,131,131,121,124,124,129,129,143,155,158,164,160,160,163],"gold":81,"neow_bonus":"","is_prod":false,"is_daily":false,"chose_seed":false,"campfire_upgraded":5,"win_rate":0,"timestamp":1568097382,"path_taken":["M","?","M","?","?","R","E","R","T","M","?","?","M","E","R","BOSS","M","$","M","M","?","E","?","E","T","E","?","?","?","?","R","BOSS","M","?","$","M","?","E","?","E","T","$","M","?","M","M","R","BOSS"],"build_version":"2019-07-17","purchased_purges":1,"victory":true,"max_hp_per_floor":[83,83,83,83,83,83,87,87,87,91,91,95,99,99,99,99,99,103,103,107,111,115,115,115,119,119,123,123,123,123,127,127,131,131,131,131,131,131,131,135,139,139,139,153,160,164,164,164,164,168],"card_choices":[{"not_picked":["Perfected Strike","Clash"],"picked":"Heavy Blade","floor":7},{"not_picked":["Clash","Combust"],"picked":"Entrench","floor":12},{"not_picked":["Sword Boomerang","Spot Weakness"],"picked":"Corruption","floor":14},{"not_picked":["Immolate","Juggernaut"],"picked":"Offering","floor":16},{"not_picked":["Rupture","Cleave+1"],"picked":"Havoc","floor":23},{"not_picked":["Cleave","Headbutt"],"picked":"Bloodletting","floor":25},{"not_picked":["Havoc+1","Reckless Charge"],"picked":"Shrug It Off+1","floor":27},{"not_picked":["Havoc+1","Headbutt"],"picked":"Entrench+1","floor":28},{"not_picked":["Bludgeon+1","Heavy Blade+1","Wild Strike+1"],"picked":"SKIP","floor":31},{"not_picked":["Immolate+1","Juggernaut"],"picked":"Berserk","floor":33},{"not_picked":["Mayhem","Finesse+1"],"picked":"Magnetism","floor":39},{"not_picked":["Swift Strike+1","Thinking Ahead+1"],"picked":"Finesse+1","floor":39},{"not_picked":["Secret Weapon+1","PanicButton+1"],"picked":"Trip+1","floor":39},{"not_picked":["Uppercut+1","Second Wind+1"],"picked":"Rage+1","floor":40},{"not_picked":["Pummel+1","Twin Strike+1"],"picked":"Metallicize+1","floor":41},{"not_picked":["Armaments+1","Cleave+1"],"picked":"Havoc+1","floor":42}],"player_experience":1090228,"relics_obtained":[{"floor":1,"key":"Potion Belt"},{"floor":3,"key":"Lantern"},{"floor":5,"key":"Oddly Smooth Stone"},{"floor":7,"key":"Pantograph"},{"floor":9,"key":"Gremlin Horn"},{"floor":10,"key":"Dead Branch"},{"floor":11,"key":"Vajra"},{"floor":12,"key":"Anchor"},{"floor":13,"key":"Du-Vu Doll"},{"floor":14,"key":"Happy Flower"},{"floor":18,"key":"Kunai"},{"floor":20,"key":"Nunchaku"},{"floor":21,"key":"Matryoshka"},{"floor":22,"key":"Whetstone"},{"floor":23,"key":"Mummified Hand"},{"floor":25,"key":"Charon\u0027s Ashes"},{"floor":26,"key":"Centennial Puzzle"},{"floor":26,"key":"Toxic Egg 2"},{"floor":27,"key":"Regal Pillow"},{"floor":28,"key":"Ancient Tea Set"},{"floor":30,"key":"Bag of Preparation"},{"floor":30,"key":"Old Coin"},{"floor":31,"key":"Gambling Chip"},{"floor":35,"key":"Peace Pipe"},{"floor":38,"key":"The Courier"},{"floor":40,"key":"Boot"},{"floor":41,"key":"Dream Catcher"},{"floor":42,"key":"Meat on the Bone"},{"floor":43,"key":"Singing Bowl"},{"floor":45,"key":"Strawberry"},{"floor":46,"key":"Art of War"},{"floor":47,"key":"Thread and Needle"},{"floor":48,"key":"Blood Vial"}],"event_choices":[{"damage_healed":0,"gold_gain":75,"player_choice":"Gather Gold","damage_taken":11,"max_hp_gain":0,"max_hp_loss":0,"event_name":"World of Goop","floor":2,"gold_loss":0},{"cards_removed":["Bludgeon"],"damage_healed":0,"gold_gain":0,"player_choice":"Gave Card","damage_taken":0,"relics_obtained":["Blue Candle"],"max_hp_gain":0,"max_hp_loss":0,"event_name":"WeMeetAgain","floor":4,"gold_loss":0},{"damage_healed":0,"gold_gain":0,"player_choice":"Trade","damage_taken":0,"relics_obtained":["GremlinMask"],"max_hp_gain":0,"max_hp_loss":0,"event_name":"FaceTrader","floor":24,"gold_loss":0},{"damage_healed":0,"gold_gain":0,"player_choice":"Opened","damage_taken":0,"relics_obtained":["Molten Egg 2"],"max_hp_gain":0,"max_hp_loss":0,"event_name":"The Mausoleum","floor":29,"gold_loss":0},{"damage_healed":33,"gold_gain":0,"player_choice":"Writhe","damage_taken":0,"max_hp_gain":0,"max_hp_loss":0,"event_name":"Winding Halls","floor":36,"gold_loss":0,"cards_obtained":["Writhe"]},{"damage_healed":0,"gold_gain":0,"player_choice":"Memory 3","damage_taken":10,"max_hp_gain":0,"max_hp_loss":0,"event_name":"SensoryStone","floor":39,"gold_loss":0}],"is_beta":false,"boss_relics":[{"not_picked":["Velvet Choker","Black Star"],"picked":"Runic Cube"},{"not_picked":["Orrery","Fusion Hammer"],"picked":"Philosopher\u0027s Stone"}],"items_purged_floors":[44],"is_endless":false,"potions_floor_spawned":[10,12,14,16,20,23,31,33,38,40,42,47],"ascension_level":1}