{"gold_per_floor":[110,110,124,10,29,55,84,84,107,119,134,134,134,153,153,226,276,288,288,188,203,213,213,213,213,238,22,39,39,65,65,65,65],"floor_reached":33,"playtime":1689,"items_purged":["Strike_G","Doubt","Doubt"],"score":580,"play_id":"5eeb5da8-5ba1-4820-948f-102bdf03482e","local_time":"20190430041705","is_ascension_mode":true,"campfire_choices":[{"floor":13.0,"key":"REST"},{"floor":15.0,"key":"REST"},{"data":"Bouncing Flask","floor":23.0,"key":"SMITH"},{"data":"Well Laid Plans","floor":25.0,"key":"SMITH"},{"data":"Footwork","floor":32.0,"key":"SMITH"}],"neow_cost":"NONE","seed_source_timestamp":296655883816219,"circlet_count":0,"master_deck":["AscendersBane","Defend_G","Defend_G","Defend_G","Defend_G","Defend_G","Strike_G","Strike_G","Strike_G","Strike_G","Survivor","Neutralize+1","Cloak And Dagger","Bouncing Flask+1","Well Laid Plans+1","Bane","Predator","Caltrops+1","Escape Plan","Parasite","Cloak And Dagger","Adrenaline","Cloak And Dagger+1","Escape Plan","Prepared","PiercingWail+1","Footwork+1","Backflip","Writhe"],"special_seed":0,"relics":["Cursed Key","Bag of Marbles","Odd Mushroom","Happy Flower","Gremlin Horn","Tiny House","Bronze Scales","PreservedInsect","Ginger"],"potions_floor_usage":[33],"damage_taken":[{"damage":8.0,"enemies":"2 Louse","floor":1.0,"turns":5.0},{"damage":0.0,"enemies":"Jaw Worm","floor":3.0,"turns":4.0},{"damage":0.0,"enemies":"Small Slimes","floor":5.0,"turns":4.0},{"damage":23.0,"enemies":"3 Sentries","floor":6.0,"turns":13.0},{"damage":21.0,"enemies":"The Mushroom Lair","floor":7.0,"turns":4.0},{"damage":0.0,"enemies":"Exordium Wildlife","floor":10.0,"turns":2.0},{"damage":1.0,"enemies":"Large Slime","floor":11.0,"turns":6.0},{"damage":9.0,"enemies":"Red Slaver","floor":14.0,"turns":4.0},{"damage":17.0,"enemies":"Hexaghost","floor":16.0,"turns":9.0},{"damage":10.0,"enemies":"Shell Parasite","floor":18.0,"turns":7.0},{"damage":4.0,"enemies":"Spheric Guardian","floor":21.0,"turns":5.0},{"damage":37.0,"enemies":"Snake Plant","floor":22.0,"turns":6.0},{"damage":13.0,"enemies":"Chosen and Byrds","floor":28.0,"turns":4.0},{"damage":0.0,"enemies":"Gremlin Leader","floor":30.0,"turns":4.0},{"damage":29,"enemies":"Champ","floor":33,"turns":14}],"seed_played":"-2395305496755751260","potions_obtained":[{"floor":5.0,"key":"Weak Potion"},{"floor":6.0,"key":"Strength Potion"},{"floor":17.0,"key":"Regen Potion"},{"floor":22.0,"key":"Fire Potion"}],"is_trial":false,"path_per_floor":["M","?","M","$","M","E","?","?","T","M","M","T","R","M","R","B",null,"M","?","$","M","M","R","?","R","T","$","M","?","E","?","R","B"],"character_chosen":"THE_SILENT","items_purchased":["Well Laid Plans","Footwork","Backflip"],"campfire_rested":2,"item_purchase_floors":[4,27,27],"current_hp_per_floor":[51,51,51,51,51,28,7,7,7,7,6,6,25,16,35,18,59,49,49,49,45,23,23,23,23,23,23,10,10,10,24,24,0],"gold":65,"neow_bonus":"BOSS_RELIC","is_prod":false,"is_daily":false,"chose_seed":false,"campfire_upgraded":3,"win_rate":0,"timestamp":1556623025,"path_taken":["M","?","M","$","M","E","?","?","T","?","M","?","R","M","R","BOSS","M","?","$","M","?","R","?","R","T","$","M","?","E","?","R","BOSS"],"build_version":"2019-01-23","purchased_purges":3,"victory":false,"max_hp_per_floor":[66,66,66,66,66,66,66,66,66,66,66,66,66,66,66,66,71,71,71,71,71,71,71,71,71,71,71,71,71,71,71,71,71],"card_choices":[{"not_picked":["Backstab","Calculated Gamble"],"picked":"Cloak And Dagger","floor":1.0},{"not_picked":["Blade Dance","Skewer"],"picked":"Bouncing Flask","floor":3.0},{"not_picked":["Heel Hook","Prepared"],"picked":"Bane","floor":5.0},{"not_picked":["Calculated Gamble","Blur"],"picked":"Predator","floor":6.0},{"not_picked":["Prepared","Poisoned Stab"],"picked":"Caltrops","floor":7.0},{"not_picked":["Underhanded Strike","Caltrops"],"picked":"Escape Plan","floor":10.0},{"not_picked":["Masterful Stab","Poisoned Stab","Bouncing Flask"],"picked":"SKIP","floor":11.0},{"not_picked":["PiercingWail","Reflex"],"picked":"Cloak And Dagger","floor":14.0},{"not_picked":["Phantasmal Killer","Unload"],"picked":"Adrenaline","floor":16.0},{"not_picked":["Calculated Gamble","Dodge and Roll"],"picked":"Cloak And Dagger","floor":17.0},{"not_picked":["Concentrate","Outmaneuver"],"picked":"Escape Plan","floor":18.0},{"not_picked":["Deadly Poison+1","Flying Knee+1"],"picked":"Prepared","floor":21.0},{"not_picked":["Expertise","Sucker Punch"],"picked":"PiercingWail+1","floor":22.0},{"not_picked":["Outmaneuver+1","Phantasmal Killer","Calculated Gamble"],"picked":"SKIP","floor":28.0},{"not_picked":["Reflex","Acrobatics","Cloak And Dagger"],"picked":"SKIP","floor":30.0}],"player_experience":1045605,"relics_obtained":[{"floor":6.0,"key":"Bag of Marbles"},{"floor":7.0,"key":"Odd Mushroom"},{"floor":9.0,"key":"Happy Flower"},{"floor":12.0,"key":"Gremlin Horn"},{"floor":26.0,"key":"Bronze Scales"},{"floor":30.0,"key":"Ginger"}],"event_choices":[{"damage_healed":0.0,"max_hp_gain":0.0,"max_hp_loss":0.0,"gold_gain":0.0,"event_name":"Living Wall","player_choice":"Grow","floor":2.0,"gold_loss":0.0,"damage_taken":0.0,"cards_upgraded":["Neutralize"]},{"damage_healed":0.0,"max_hp_gain":0.0,"max_hp_loss":0.0,"gold_gain":0.0,"event_name":"Mushrooms","player_choice":"Fought Mushrooms","floor":7.0,"gold_loss":0.0,"damage_taken":0.0},{"damage_healed":0.0,"max_hp_gain":0.0,"max_hp_loss":0.0,"gold_gain":0.0,"event_name":"Shining Light","player_choice":"Ignored","floor":8.0,"gold_loss":0.0,"damage_taken":0.0},{"damage_healed":0.0,"max_hp_gain":0.0,"max_hp_loss":0.0,"gold_gain":0.0,"event_name":"Upgrade Shrine","player_choice":"Upgraded","floor":19.0,"gold_loss":0.0,"damage_taken":0.0,"cards_upgraded":["Cloak And Dagger"]},{"damage_healed":0.0,"max_hp_gain":0.0,"max_hp_loss":0.0,"gold_gain":0.0,"event_name":"Ghosts","player_choice":"Ignored","floor":24.0,"gold_loss":0.0,"damage_taken":0.0},{"damage_healed":0.0,"max_hp_gain":0.0,"max_hp_loss":0.0,"gold_gain":0.0,"event_name":"The Mausoleum","player_choice":"Opened","floor":29.0,"gold_loss":0.0,"damage_taken":0.0,"relics_obtained":["PreservedInsect"],"cards_obtained":["Writhe"]},{"damage_healed":14.0,"max_hp_gain":0.0,"max_hp_loss":0.0,"gold_gain":0.0,"event_name":"The Library","player_choice":"Heal","floor":31.0,"gold_loss":0.0,"damage_taken":0.0}],"is_beta":false,"boss_relics":[{"not_picked":["Runic Pyramid","Coffee Dripper"],"picked":"Tiny House"}],"items_purged_floors":[4,20,27],"is_endless":false,"potions_floor_spawned":[5,6,14,21,22],"killed_by":"Champ","ascension_level":20}