{"gold_per_floor":[111,111,111,131,144,144,219,219,272,304,321,346,346,371,371,471,471,485,485,520,539,550,578,578,578,578,493,493,505,505,530,530,634,634,654,432,432,432,448,448,468,497,521,521,120,140,140,156,156,156],"floor_reached":51,"playtime":6919,"items_purged":["Decay","Strike_B"],"score":1143,"play_id":"fec9e28d-041e-4f72-a9ba-641f48629c86","local_time":"20190921212729","is_ascension_mode":true,"campfire_choices":[{"data":"Sunder","floor":6.0,"key":"SMITH"},{"data":"Go for the Eyes","floor":8.0,"key":"SMITH"},{"data":"Cold Snap","floor":15.0,"key":"SMITH"},{"data":"Coolheaded","floor":24.0,"key":"SMITH"},{"data":"Leap","floor":28.0,"key":"SMITH"},{"floor":30.0,"key":"REST"},{"data":"Seek","floor":32.0,"key":"SMITH"},{"data":"Zap","floor":40.0,"key":"SMITH"},{"data":"Defend_B","floor":44.0,"key":"SMITH"},{"data":"Defend_B","floor":47.0,"key":"SMITH"},{"data":"Defend_B","floor":49,"key":"SMITH"}],"neow_cost":"NONE","seed_source_timestamp":1115404245537238,"circlet_count":0,"master_deck":["Defend_B+1","Defend_B+1","Defend_B+1","Defend_B","Zap+1","Go for the Eyes+1","Self Repair+1","Sunder+1","Hologram+1","Cold Snap+1","Seek+1","Reprogram+1","Genetic Algorithm+1","Darkness+1","Leap+1","White Noise+1","Tempest+1","Coolheaded+1","Chaos+1","Hologram+1","Skim+1","Reinforced Body+1","Beam Cell+1","Streamline+1"],"special_seed":0,"relics":["Cracked Core","Lantern","PreservedInsect","Ancient Tea Set","Pear","Bronze Scales","Astrolabe","Red Mask","Happy Flower","Juzu Bracelet","Centennial Puzzle","Blood Vial","Philosopher\u0027s Stone","Omamori","Vajra","Orichalcum","Pocketwatch"],"potions_floor_usage":[50,50,50],"damage_taken":[{"damage":7.0,"enemies":"Small Slimes","floor":1.0,"turns":3.0},{"damage":1.0,"enemies":"2 Louse","floor":4.0,"turns":2.0},{"damage":4.0,"enemies":"Jaw Worm","floor":5.0,"turns":3.0},{"damage":0.0,"enemies":"Gremlin Nob","floor":10.0,"turns":3.0},{"damage":8.0,"enemies":"Exordium Thugs","floor":11.0,"turns":3.0},{"damage":0.0,"enemies":"3 Sentries","floor":12.0,"turns":4.0},{"damage":0.0,"enemies":"Gremlin Nob","floor":14.0,"turns":2.0},{"damage":12.0,"enemies":"The Guardian","floor":16.0,"turns":11.0},{"damage":12.0,"enemies":"Chosen","floor":18.0,"turns":5.0},{"damage":23.0,"enemies":"Masked Bandits","floor":20.0,"turns":5.0},{"damage":2.0,"enemies":"Spheric Guardian","floor":21.0,"turns":3.0},{"damage":26.0,"enemies":"Snake Plant","floor":22.0,"turns":3.0},{"damage":43.0,"enemies":"Slavers","floor":23.0,"turns":5.0},{"damage":0.0,"enemies":"Cultist and Chosen","floor":29.0,"turns":6.0},{"damage":0.0,"enemies":"Book of Stabbing","floor":31.0,"turns":5.0},{"damage":53.0,"enemies":"Champ","floor":33.0,"turns":8.0},{"damage":0.0,"enemies":"3 Shapes","floor":35.0,"turns":5.0},{"damage":14.0,"enemies":"3 Darklings","floor":39.0,"turns":4.0},{"damage":29.0,"enemies":"Transient","floor":41.0,"turns":5.0},{"damage":20.0,"enemies":"Nemesis","floor":42.0,"turns":7.0},{"damage":6.0,"enemies":"Writhing Mass","floor":46.0,"turns":7.0},{"damage":0,"enemies":"Maw","floor":48,"turns":5},{"damage":39,"enemies":"Donu and Deca","floor":50,"turns":10}],"seed_played":"4248400215728651461","potions_obtained":[{"floor":4.0,"key":"SneckoOil"},{"floor":5.0,"key":"Block Potion"},{"floor":10.0,"key":"SteroidPotion"},{"floor":11.0,"key":"SteroidPotion"},{"floor":20.0,"key":"Strength Potion"},{"floor":21.0,"key":"Weak Potion"},{"floor":29.0,"key":"FocusPotion"},{"floor":33.0,"key":"FairyPotion"},{"floor":41.0,"key":"Energy Potion"},{"floor":46.0,"key":"Regen Potion"},{"floor":48,"key":"Weak Potion"}],"is_trial":false,"path_per_floor":["M","?","?","M","M","R","?","R","T","E","M","E","?","E","R","B",null,"M","?","?","M","M","E","R","?","T","?","R","M","R","E","R","B",null,"M","$","?","?","M","R","M","E","T","R","$","M","R","M","R","B",null],"character_chosen":"DEFECT","items_purchased":["Omamori","Pocketwatch"],"campfire_rested":1,"item_purchase_floors":[36,45],"current_hp_per_floor":[68,50,55,54,57,57,46,46,46,46,45,62,43,53,53,51,86,84,84,71,79,63,20,20,20,20,20,20,20,49,59,59,18,77,89,89,89,107,103,103,86,78,78,78,78,84,84,96,96,84],"gold":156,"neow_bonus":"TEN_PERCENT_HP_BONUS","is_prod":false,"is_daily":false,"chose_seed":false,"campfire_upgraded":10,"win_rate":0,"timestamp":1569115649,"path_taken":["M","?","?","M","M","R","?","R","T","E","M","E","?","E","R","BOSS","M","?","?","M","M","E","R","?","T","?","R","M","R","E","R","BOSS","M","$","?","?","M","R","M","E","T","R","$","M","R","M","R","BOSS"],"build_version":"2019-07-17","purchased_purges":2,"victory":true,"max_hp_per_floor":[82,82,87,87,87,87,87,87,87,87,87,97,97,97,97,97,97,97,97,97,97,97,97,97,97,97,97,97,97,97,97,97,97,97,97,97,97,107,107,107,107,107,107,107,107,107,107,107,107,107],"card_choices":[{"not_picked":["Compile Driver","Fusion"],"picked":"Go for the Eyes","floor":1.0},{"not_picked":["Storm","Streamline"],"picked":"Self Repair","floor":4.0},{"not_picked":["Go for the Eyes","Force Field"],"picked":"Sunder","floor":5.0},{"not_picked":["Sunder","Barrage","Streamline"],"picked":"SKIP","floor":10.0},{"not_picked":["Rip and Tear","Stack","Rebound"],"picked":"SKIP","floor":11.0},{"not_picked":["Aggregate","Go for the Eyes"],"picked":"Hologram","floor":12.0},{"not_picked":["Rebound","Turbo"],"picked":"Cold Snap","floor":14.0},{"not_picked":["Electrodynamics","Creative AI"],"picked":"Seek","floor":16.0},{"not_picked":["Melter","Aggregate"],"picked":"Leap","floor":18.0},{"not_picked":["Barrage","Stack"],"picked":"White Noise+1","floor":20.0},{"not_picked":["Steam","Beam Cell"],"picked":"Tempest+1","floor":21.0},{"not_picked":["Skim","Gash+1"],"picked":"Coolheaded","floor":22.0},{"not_picked":["Hello World","Streamline+1"],"picked":"Chaos+1","floor":23.0},{"not_picked":["Heatsinks","Capacitor"],"picked":"Hologram+1","floor":29.0},{"not_picked":["Static Discharge","Rainbow","Beam Cell"],"picked":"SKIP","floor":31.0},{"not_picked":["Creative AI","Reboot"],"picked":"Multi-Cast","floor":33.0},{"not_picked":["Hologram+1","Coolheaded"],"picked":"Skim+1","floor":35.0},{"not_picked":["Double Energy+1","Beam Cell+1"],"picked":"Reinforced Body+1","floor":39.0},{"not_picked":["Chaos+1","Rebound","Sunder+1"],"picked":"SKIP","floor":41.0},{"not_picked":["Chaos+1","Rebound","Sunder+1"],"picked":"SKIP","floor":41.0},{"not_picked":["Go for the Eyes","Sweeping Beam"],"picked":"Beam Cell+1","floor":42.0},{"not_picked":["Scrape+1","Rip and Tear+1"],"picked":"Streamline+1","floor":46.0},{"not_picked":["Steam","Chaos+1","Hello World"],"picked":"SKIP","floor":48}],"player_experience":304709,"relics_obtained":[{"floor":9.0,"key":"PreservedInsect"},{"floor":10.0,"key":"Ancient Tea Set"},{"floor":12.0,"key":"Pear"},{"floor":14.0,"key":"Bronze Scales"},{"floor":20.0,"key":"Red Mask"},{"floor":23.0,"key":"Happy Flower"},{"floor":26.0,"key":"Juzu Bracelet"},{"floor":31.0,"key":"Blood Vial"},{"floor":42.0,"key":"Vajra"},{"floor":43.0,"key":"Orichalcum"}],"event_choices":[{"damage_healed":0.0,"max_hp_gain":0.0,"max_hp_loss":0.0,"gold_gain":0.0,"event_name":"Scrap Ooze","player_choice":"Success","floor":2.0,"gold_loss":0.0,"damage_taken":18.0,"relics_obtained":["Lantern"]},{"damage_healed":0.0,"max_hp_gain":5.0,"max_hp_loss":0.0,"gold_gain":0.0,"event_name":"Big Fish","player_choice":"Donut","floor":3.0,"gold_loss":0.0,"damage_taken":0.0},{"damage_healed":0.0,"max_hp_gain":0.0,"max_hp_loss":0.0,"gold_gain":75.0,"event_name":"World of Goop","player_choice":"Gather Gold","floor":7.0,"gold_loss":0.0,"damage_taken":11.0},{"damage_healed":0.0,"max_hp_gain":0.0,"max_hp_loss":0.0,"gold_gain":0.0,"event_name":"Shining Light","player_choice":"Entered Light","floor":13.0,"gold_loss":0.0,"damage_taken":19.0,"cards_upgraded":["Self Repair","Hologram"]},{"damage_healed":0.0,"max_hp_gain":0.0,"max_hp_loss":0.0,"gold_gain":0.0,"event_name":"Vampires","player_choice":"Ignored","floor":19.0,"gold_loss":0.0,"damage_taken":0.0},{"damage_healed":0.0,"max_hp_gain":0.0,"max_hp_loss":0.0,"gold_gain":0.0,"event_name":"Masked Bandits","player_choice":"Fought Bandits","floor":20.0,"gold_loss":0.0,"damage_taken":0.0},{"damage_healed":0.0,"max_hp_gain":0.0,"max_hp_loss":0.0,"gold_gain":0.0,"event_name":"Forgotten Altar","player_choice":"Smashed Altar","floor":25.0,"gold_loss":0.0,"damage_taken":0.0,"cards_obtained":["Decay"]},{"damage_healed":0.0,"max_hp_gain":0.0,"max_hp_loss":0.0,"gold_gain":0.0,"event_name":"Addict","player_choice":"Obtained Relic","floor":27.0,"gold_loss":85.0,"damage_taken":0.0,"relics_obtained":["Centennial Puzzle"]},{"cards_removed":["Dualcast"],"damage_healed":0.0,"max_hp_gain":0.0,"max_hp_loss":0.0,"gold_gain":0.0,"event_name":"Falling","player_choice":"Removed Skill","floor":37.0,"gold_loss":0.0,"damage_taken":0.0},{"cards_removed":["Multi-Cast"],"damage_healed":8.0,"max_hp_gain":10.0,"max_hp_loss":0.0,"gold_gain":0.0,"event_name":"Bonfire Elementals","player_choice":"Offered Rare","floor":38.0,"gold_loss":0.0,"damage_taken":0.0}],"is_beta":false,"boss_relics":[{"not_picked":["FrozenCore","Calling Bell"],"picked":"Astrolabe"},{"not_picked":["Black Star","White Beast Statue"],"picked":"Philosopher\u0027s Stone"}],"items_purged_floors":[36,45],"is_endless":false,"potions_floor_spawned":[4,5,10,11,20,21,29,33,41,46,48],"ascension_level":8}