{"gold_per_floor":[112,112,27,41,41,41,74,92,92,123,123,135,202,215,215,291,291,305,305,317,330,330,330,348,359,359,359,375,375,430,158,158,158],"floor_reached":33,"playtime":1483,"items_purged":[],"score":604,"play_id":"4396a773-8f59-4a8f-9b79-0f795c249e47","local_time":"20190429172234","is_ascension_mode":true,"campfire_choices":[{"data":"Flame Barrier","floor":6.0,"key":"SMITH"},{"data":"Regret","floor":11.0,"key":"PURGE"},{"data":"Inflame","floor":15.0,"key":"SMITH"},{"data":"Limit Break","floor":23.0,"key":"SMITH"},{"floor":29,"key":"REST"},{"floor":32,"key":"REST"}],"neow_cost":"NONE","seed_source_timestamp":257730906817543,"circlet_count":0,"master_deck":["AscendersBane","Strike_R+1","Strike_R+1","Defend_R+1","Defend_R+1","Defend_R+1","Defend_R+1","Bash+1","Flame Barrier+1","Ghostly Armor","Twin Strike","Shrug It Off","Inflame+1","Limit Break+1","Immolate+1","Rampage+1","Body Slam+1","Metallicize","Headbutt","Metallicize"],"special_seed":0,"relics":["Burning Blood","NeowsBlessing","Bag of Preparation","Vajra","Sundial","Peace Pipe","Astrolabe","Bottled Flame","Tiny Chest","Mercury Hourglass"],"potions_floor_usage":[27,30,33],"damage_taken":[{"damage":0.0,"enemies":"2 Louse","floor":1.0,"turns":1.0},{"damage":0.0,"enemies":"Small Slimes","floor":4.0,"turns":1.0},{"damage":0.0,"enemies":"3 Sentries","floor":7.0,"turns":2.0},{"damage":11.0,"enemies":"Jaw Worm","floor":8.0,"turns":4.0},{"damage":26.0,"enemies":"Lagavulin","floor":10.0,"turns":4.0},{"damage":4.0,"enemies":"2 Fungi Beasts","floor":12.0,"turns":4.0},{"damage":0.0,"enemies":"Large Slime","floor":14.0,"turns":4.0},{"damage":34.0,"enemies":"Slime Boss","floor":16.0,"turns":11.0},{"damage":19.0,"enemies":"Shell Parasite","floor":18.0,"turns":5.0},{"damage":6.0,"enemies":"Spheric Guardian","floor":20.0,"turns":5.0},{"damage":18.0,"enemies":"Centurion and Healer","floor":21.0,"turns":8.0},{"damage":12.0,"enemies":"Snake Plant","floor":24.0,"turns":5.0},{"damage":15.0,"enemies":"3 Cultists","floor":25.0,"turns":4.0},{"damage":7,"enemies":"Colosseum Slavers","floor":27,"turns":3},{"damage":10,"enemies":"Sentry and Sphere","floor":28,"turns":7},{"damage":7,"enemies":"Gremlin Leader","floor":30,"turns":6},{"damage":63,"enemies":"Automaton","floor":33,"turns":8}],"seed_played":"-2957841297346064320","potions_obtained":[{"floor":8.0,"key":"SteroidPotion"},{"floor":10.0,"key":"SpeedPotion"},{"floor":12.0,"key":"Weak Potion"},{"floor":21.0,"key":"Poison Potion"},{"floor":28,"key":"SteroidPotion"},{"floor":30,"key":"AttackPotion"}],"is_trial":false,"path_per_floor":["M","?","$","M","?","R","E","M","T","E","R","M","?","M","R","B",null,"M","?","M","M","?","R","M","M","T","?","M","R","E","$","R","B"],"character_chosen":"IRONCLAD","items_purchased":["Flame Barrier","Mercury Hourglass"],"campfire_rested":2,"item_purchase_floors":[3,31],"current_hp_per_floor":[74,74,74,75,52,52,58,53,53,33,33,35,35,41,41,13,60,47,47,47,35,35,35,29,20,20,19,15,37,36,36,58,0],"gold":158,"neow_bonus":"THREE_ENEMY_KILL","is_prod":false,"is_daily":false,"chose_seed":false,"campfire_upgraded":3,"win_rate":0,"timestamp":1556583754,"path_taken":["M","?","$","M","?","R","E","M","T","E","R","M","?","M","R","BOSS","M","?","M","M","?","R","M","M","T","?","M","R","E","$","R","BOSS"],"build_version":"2019-01-23","purchased_purges":0,"victory":false,"max_hp_per_floor":[75,75,75,75,75,75,75,75,75,75,75,75,75,75,75,75,75,75,75,75,75,75,75,75,75,75,75,75,75,75,75,75,75],"card_choices":[{"not_picked":["Warcry","Second Wind","Iron Wave"],"picked":"SKIP","floor":1.0},{"not_picked":["Burning Pact","Rage"],"picked":"Ghostly Armor","floor":4.0},{"not_picked":["Sentinel","Armaments"],"picked":"Twin Strike","floor":7.0},{"not_picked":["Anger","Sentinel","Power Through"],"picked":"SKIP","floor":8.0},{"not_picked":["Cleave","Barricade"],"picked":"Shrug It Off","floor":10.0},{"not_picked":["Reckless Charge","Heavy Blade"],"picked":"Inflame","floor":12.0},{"not_picked":["Armaments","Twin Strike","Body Slam"],"picked":"SKIP","floor":14.0},{"not_picked":["Feed","Double Tap"],"picked":"Limit Break","floor":16.0},{"not_picked":["Havoc","Clash"],"picked":"Metallicize","floor":18.0},{"not_picked":["Sever Soul","Burning Pact"],"picked":"Headbutt","floor":20.0},{"not_picked":["Flex+1","Rage","Infernal Blade"],"picked":"SKIP","floor":21.0},{"not_picked":["Rampage+1","Body Slam+1","Wild Strike"],"picked":"SKIP","floor":24.0},{"not_picked":["Perfected Strike","Anger","Cleave"],"picked":"SKIP","floor":25.0},{"not_picked":["Carnage","Bludgeon","Thunderclap"],"picked":"SKIP","floor":28},{"not_picked":["Twin Strike","Blood for Blood"],"picked":"Metallicize","floor":30}],"player_experience":1034766,"relics_obtained":[{"floor":7.0,"key":"Vajra"},{"floor":9.0,"key":"Sundial"},{"floor":10.0,"key":"Peace Pipe"},{"floor":26.0,"key":"Bottled Flame"},{"floor":30,"key":"Tiny Chest"}],"event_choices":[{"damage_healed":0.0,"max_hp_gain":0.0,"max_hp_loss":0.0,"gold_gain":0.0,"event_name":"Big Fish","player_choice":"Box","floor":2.0,"gold_loss":0.0,"damage_taken":0.0,"relics_obtained":["Bag of Preparation"],"cards_obtained":["Regret"]},{"damage_healed":0.0,"max_hp_gain":0.0,"max_hp_loss":0.0,"gold_gain":0.0,"event_name":"Shining Light","player_choice":"Entered Light","floor":5.0,"gold_loss":0.0,"damage_taken":23.0,"cards_upgraded":["Strike_R","Bash"]},{"damage_healed":0.0,"max_hp_gain":0.0,"max_hp_loss":0.0,"gold_gain":67.0,"event_name":"Golden Wing","player_choice":"Gained Gold","floor":13.0,"gold_loss":0.0,"damage_taken":0.0},{"damage_healed":0.0,"max_hp_gain":0.0,"max_hp_loss":0.0,"gold_gain":0.0,"event_name":"Back to Basics","player_choice":"Simplicity","floor":19.0,"gold_loss":0.0,"damage_taken":0.0,"cards_upgraded":["Strike_R","Defend_R","Defend_R","Defend_R","Defend_R"]},{"damage_healed":0.0,"max_hp_gain":0.0,"max_hp_loss":0.0,"gold_gain":0.0,"event_name":"Cursed Tome","player_choice":"Ignored","floor":22.0,"gold_loss":0.0,"damage_taken":0.0},{"damage_healed":0,"gold_gain":0,"player_choice":"Fight","damage_taken":0,"max_hp_gain":0,"max_hp_loss":0,"event_name":"Colosseum","floor":27,"gold_loss":0},{"damage_healed":0,"gold_gain":0,"player_choice":"Fled From Nobs","damage_taken":0,"max_hp_gain":0,"max_hp_loss":0,"event_name":"Colosseum","floor":27,"gold_loss":0}],"is_beta":false,"boss_relics":[{"not_picked":["Runic Cube","Runic Dome"],"picked":"Astrolabe"}],"items_purged_floors":[],"is_endless":false,"potions_floor_spawned":[8,10,12,21,27,28,30],"killed_by":"Automaton","ascension_level":20}