{"gold_per_floor":[118,118,130,147,167,167,199,70,94,57,41,52,52,52,52,52],"floor_reached":16,"playtime":499,"items_purged":["Strike_G"],"score":102,"play_id":"e52b7c05-df90-4d21-915a-7de4c096db97","local_time":"20190405155725","is_ascension_mode":false,"campfire_choices":[{"data":"Footwork","floor":6,"key":"SMITH"},{"data":"Cloak And Dagger","floor":13,"key":"SMITH"},{"data":"Bouncing Flask","floor":15,"key":"SMITH"}],"neow_cost":"NONE","seed_source_timestamp":45431135619439,"circlet_count":0,"master_deck":["Defend_G","Defend_G","Defend_G","Defend_G","Defend_G","Strike_G","Strike_G","Strike_G","Strike_G","Survivor","Neutralize","Blade Dance","Backflip","Footwork+1","Bouncing Flask+1","Well Laid Plans","Accuracy","Cloak And Dagger+1"],"relics":["Eternal Feather","Smiling Mask","Snake Skull"],"potions_floor_usage":[7],"damage_taken":[{"damage":1,"enemies":"Jaw Worm","floor":1,"turns":5},{"damage":4,"enemies":"Cultist","floor":3,"turns":5},{"damage":1,"enemies":"Small Slimes","floor":4,"turns":4},{"damage":2,"enemies":"Blue Slaver","floor":5,"turns":5},{"damage":31,"enemies":"Lagavulin","floor":7,"turns":17},{"damage":12,"enemies":"Exordium Thugs","floor":11,"turns":5},{"damage":2,"enemies":"Gremlin Gang","floor":12,"turns":5},{"damage":0,"enemies":"The Guardian","floor":16,"turns":1}],"seed_played":"7280610708085713267","potions_obtained":[{"floor":1,"key":"Swift Potion"},{"floor":4,"key":"Explosive Potion"},{"floor":5,"key":"GhostInAJar"},{"floor":7,"key":"Energy Potion"}],"is_trial":false,"path_per_floor":["M","?","M","M","M","R","E","$","T","$","M","M","R","?","R","B"],"character_chosen":"THE_SILENT","items_purchased":["Well Laid Plans","Accuracy"],"campfire_rested":0,"item_purchase_floors":[8,10],"current_hp_per_floor":[69,69,65,64,62,70,39,39,39,39,27,25,34,39,48,48],"gold":52,"neow_bonus":"BOSS_RELIC","is_prod":false,"is_daily":false,"chose_seed":false,"campfire_upgraded":3,"win_rate":0,"timestamp":1554505045,"path_taken":["M","?","?","M","M","R","E","?","T","?","M","M","R","?","R","BOSS"],"build_version":"2019-01-23","purchased_purges":1,"victory":false,"max_hp_per_floor":[70,70,70,70,70,70,70,70,70,70,70,70,70,75,75,75],"card_choices":[{"not_picked":["Catalyst","Predator","Deflect"],"picked":"SKIP","floor":1},{"not_picked":["Bane","Eviscerate"],"picked":"Blade Dance","floor":3},{"not_picked":["Expertise","Calculated Gamble"],"picked":"Backflip","floor":4},{"not_picked":["Backflip","Blade Dance"],"picked":"Footwork","floor":5},{"not_picked":["Expertise","Blade Dance"],"picked":"Bouncing Flask","floor":7},{"not_picked":["Glass Knife","Poisoned Stab"],"picked":"Cloak And Dagger","floor":11},{"not_picked":["Calculated Gamble","PiercingWail","Prepared"],"picked":"SKIP","floor":12}],"player_experience":952232,"relics_obtained":[{"floor":7,"key":"Smiling Mask"},{"floor":9,"key":"Snake Skull"}],"event_choices":[{"damage_healed":0,"gold_gain":0,"player_choice":"Bought 0 Potions","damage_taken":0,"max_hp_gain":0,"max_hp_loss":0,"event_name":"The Woman in Blue","floor":2,"gold_loss":0},{"damage_healed":0,"gold_gain":0,"player_choice":"Donut","damage_taken":0,"max_hp_gain":5,"max_hp_loss":0,"event_name":"Big Fish","floor":14,"gold_loss":0}],"is_beta":false,"boss_relics":[],"items_purged_floors":[8],"is_endless":false,"potions_floor_spawned":[1,4,5,7],"killed_by":"The Guardian","ascension_level":0}