{"gold_per_floor":[115,115,115,166,166,166,193,193,220,230,230,67,90,90,90,188,188,201,217,169,169,169,199,199,232,232,322,322,337,436,448,448,548,548,560,259,259,314,171,196,196,212,212,212,223,235,263,275,275,275],"floor_reached":51,"playtime":1606,"items_purged":["Writhe"],"score":762,"play_id":"bd749383-3c5d-447b-86ab-4a08c8ab429a","local_time":"20190404134447","daily_mods":["SealedDeck","Diverse","Lethality"],"is_ascension_mode":false,"campfire_choices":[{"data":"Rampage","floor":6.0,"key":"SMITH"},{"data":"Coolheaded","floor":8.0,"key":"SMITH"},{"data":"Disarm","floor":11.0,"key":"SMITH"},{"data":"Footwork","floor":15.0,"key":"SMITH"},{"data":"Clothesline","floor":24,"key":"SMITH"},{"data":"Flame Barrier","floor":28,"key":"SMITH"},{"data":"Machine Learning","floor":32,"key":"SMITH"},{"data":"Pommel Strike","floor":41,"key":"SMITH"},{"data":"Backstab","floor":44,"key":"SMITH"},{"data":"Seek","floor":49,"key":"SMITH"}],"neow_cost":"","seed_source_timestamp":0,"circlet_count":0,"master_deck":["Coolheaded+1","Heel Hook+1","Heel Hook","Rampage+1","Leap","PiercingWail","Backstab","Shrug It Off","Gash","Slice","Steam+1","Deflect","Disarm+1","Footwork+1","Backstab+1","Headbutt","Machine Learning+1","Flame Barrier+1","Pommel Strike+1","Shrug It Off","Clothesline+1","Headbutt+1","Shrug It Off","Twin Strike+1","FTL","Bandage Up","Doubt","Leg Sweep+1","Seek+1"],"special_seed":0,"relics":["Burning Blood","Boot","PreservedInsect","Bag of Marbles","Potion Belt","Cursed Key","MutagenicStrength","Sundial","Pen Nib","Pear","Runic Cube","OrangePellets","Mango","Happy Flower","Juzu Bracelet","Self Forming Clay","Art of War"],"potions_floor_usage":[33,50,50,50,50],"damage_taken":[{"damage":0.0,"enemies":"Small Slimes","floor":1.0,"turns":2.0},{"damage":8.0,"enemies":"Gremlin Nob","floor":7.0,"turns":4.0},{"damage":0.0,"enemies":"Cultist","floor":10.0,"turns":1.0},{"damage":4.0,"enemies":"Slime Boss","floor":16.0,"turns":7.0},{"damage":0.0,"enemies":"Spheric Guardian","floor":18.0,"turns":3.0},{"damage":14,"enemies":"2 Thieves","floor":19,"turns":3},{"damage":6,"enemies":"Book of Stabbing","floor":23,"turns":3},{"damage":18,"enemies":"Gremlin Leader","floor":25,"turns":2},{"damage":0,"enemies":"Centurion and Healer","floor":29,"turns":4},{"damage":0,"enemies":"Shelled Parasite and Fungi","floor":31,"turns":1},{"damage":29,"enemies":"Champ","floor":33,"turns":10},{"damage":10,"enemies":"3 Shapes","floor":35,"turns":4},{"damage":6,"enemies":"2 Orb Walkers","floor":38,"turns":4},{"damage":16,"enemies":"Giant Head","floor":40,"turns":5},{"damage":0,"enemies":"Orb Walker","floor":42,"turns":2},{"damage":13,"enemies":"Writhing Mass","floor":45,"turns":3},{"damage":0,"enemies":"Sphere and 2 Shapes","floor":46,"turns":2},{"damage":17,"enemies":"Nemesis","floor":47,"turns":3},{"damage":15,"enemies":"Maw","floor":48,"turns":5},{"damage":48,"enemies":"Donu and Deca","floor":50,"turns":7}],"seed_played":"-7737990264219737046","potions_obtained":[{"floor":7.0,"key":"Poison Potion"},{"floor":10.0,"key":"FearPotion"},{"floor":16.0,"key":"Regen Potion"},{"floor":18.0,"key":"Regen Potion"},{"floor":25,"key":"Energy Potion"},{"floor":33,"key":"Strength Potion"},{"floor":42,"key":"Regen Potion"},{"floor":47,"key":"SteroidPotion"}],"is_trial":true,"path_per_floor":["M","?","?","?","?","R","E","R","T","M","R","$","T","$","R","B",null,"M","M","$","?","?","E","R","E","T","?","R","M","?","M","R","B",null,"M","$","?","?","$","E","R","M","T","R","M","M","E","M","R","B",null],"character_chosen":"IRONCLAD","items_purchased":["Footwork","Backstab","Headbutt","Pommel Strike","FTL","OrangePellets","Happy Flower"],"campfire_rested":0,"item_purchase_floors":[12,12,12,20,36,36,39],"current_hp_per_floor":[80,64,69,69,44,44,42,42,42,48,48,48,48,48,48,50,85,85,77,77,77,77,77,77,65,75,57,57,63,63,69,69,61,95,91,91,91,109,109,103,103,109,109,109,102,108,101,96,96,97],"gold":275,"neow_bonus":"","is_prod":false,"is_daily":false,"chose_seed":false,"campfire_upgraded":10,"win_rate":0,"timestamp":1554410687,"path_taken":["M","?","?","?","?","R","E","R","T","M","R","$","?","?","R","BOSS","M","M","$","?","?","E","R","E","T","?","R","?","?","M","R","BOSS","M","$","?","?","$","E","R","M","T","R","M","M","E","M","R","BOSS"],"build_version":"2019-01-23","purchased_purges":1,"victory":true,"max_hp_per_floor":[80,80,85,85,85,85,85,85,85,85,85,85,85,85,85,85,85,85,85,85,85,85,85,85,85,95,95,95,95,95,95,95,95,95,95,95,95,109,109,109,109,109,109,109,109,109,109,109,109,109],"card_choices":[{"not_picked":["Flying Knee","Dual Wield"],"picked":"Steam","floor":1.0},{"not_picked":["Compile Driver","Armaments"],"picked":"Deflect","floor":7.0},{"not_picked":["Poisoned Stab","Blizzard"],"picked":"Disarm","floor":10.0},{"not_picked":["Dark Embrace","Malaise"],"picked":"Machine Learning","floor":16.0},{"not_picked":["Intimidate","Deflect","Burning Pact"],"picked":"SKIP","floor":18.0},{"not_picked":["Cold Snap","Crippling Poison"],"picked":"Flame Barrier","floor":19},{"not_picked":["Terror","Bane"],"picked":"Clothesline","floor":23},{"not_picked":["Skewer","Clash","Thunderclap"],"picked":"SKIP","floor":25},{"not_picked":["Clash","Underhanded Strike"],"picked":"Headbutt+1","floor":29},{"not_picked":["Concentrate+1","Cold Snap"],"picked":"Shrug It Off","floor":31},{"not_picked":["Streamline+1","Warcry"],"picked":"Twin Strike+1","floor":35},{"not_picked":["Discovery","Enlightenment"],"picked":"Bandage Up","floor":37},{"not_picked":["Doom and Gloom+1","Defragment+1","Auto Shields+1"],"picked":"SKIP","floor":40},{"not_picked":["Barrage+1","Combust","Cold Snap"],"picked":"SKIP","floor":42},{"not_picked":["Pommel Strike+1","Heavy Blade+1"],"picked":"Leg Sweep+1","floor":45},{"not_picked":["Endless Agony+1","Compile Driver+1","Sweeping Beam+1"],"picked":"SKIP","floor":46},{"not_picked":["Barrage","Fire Breathing"],"picked":"Seek","floor":47},{"not_picked":["PiercingWail","Cleave+1","Blade Dance"],"picked":"SKIP","floor":48}],"player_experience":924445,"relics_obtained":[{"floor":7.0,"key":"PreservedInsect"},{"floor":9.0,"key":"Bag of Marbles"},{"floor":13.0,"key":"Potion Belt"},{"floor":23,"key":"Sundial"},{"floor":25,"key":"Pen Nib"},{"floor":26,"key":"Pear"},{"floor":38,"key":"Mango"},{"floor":40,"key":"Juzu Bracelet"},{"floor":43,"key":"Self Forming Clay"},{"floor":47,"key":"Art of War"}],"event_choices":[{"damage_healed":0.0,"max_hp_gain":0.0,"max_hp_loss":0.0,"gold_gain":0.0,"event_name":"Shining Light","player_choice":"Entered Light","floor":2.0,"gold_loss":0.0,"damage_taken":16.0,"cards_upgraded":["Heel Hook","Steam"]},{"damage_healed":0.0,"max_hp_gain":5.0,"max_hp_loss":0.0,"gold_gain":0.0,"event_name":"Big Fish","player_choice":"Donut","floor":3.0,"gold_loss":0.0,"damage_taken":0.0},{"damage_healed":0.0,"max_hp_gain":0.0,"max_hp_loss":0.0,"gold_gain":51.0,"event_name":"Golden Wing","player_choice":"Gained Gold","floor":4.0,"gold_loss":0.0,"damage_taken":0.0},{"damage_healed":0.0,"max_hp_gain":0.0,"max_hp_loss":0.0,"gold_gain":0.0,"event_name":"Scrap Ooze","player_choice":"Success","floor":5.0,"gold_loss":0.0,"damage_taken":25.0,"relics_obtained":["Boot"]},{"damage_healed":0,"gold_gain":0,"player_choice":"Read","damage_taken":0,"max_hp_gain":0,"max_hp_loss":0,"event_name":"The Library","floor":21,"gold_loss":0,"cards_obtained":["Shrug It Off"]},{"damage_healed":0,"gold_gain":0,"player_choice":"Inject Mutagens","damage_taken":0,"relics_obtained":["MutagenicStrength"],"max_hp_gain":0,"max_hp_loss":0,"event_name":"Drug Dealer","floor":22,"gold_loss":0},{"damage_healed":0,"gold_gain":90,"player_choice":"GOLD ","damage_taken":18,"max_hp_gain":0,"max_hp_loss":0,"event_name":"Knowing Skull","floor":27,"potions_obtained":[],"gold_loss":0,"cards_obtained":[]},{"damage_healed":0,"gold_gain":99,"player_choice":"Stole From Cult","damage_taken":0,"max_hp_gain":0,"max_hp_loss":0,"event_name":"Nest","floor":30,"gold_loss":0},{"damage_healed":0,"gold_gain":0,"player_choice":"Memory 1","damage_taken":0,"max_hp_gain":0,"max_hp_loss":0,"event_name":"SensoryStone","floor":37,"gold_loss":0},{"damage_healed":0,"gold_gain":0,"player_choice":"Fight","damage_taken":0,"max_hp_gain":0,"max_hp_loss":0,"event_name":"Mysterious Sphere","floor":38,"gold_loss":0}],"is_beta":false,"boss_relics":[{"not_picked":["Lizard Tail","Runic Pyramid"],"picked":"Cursed Key"},{"not_picked":["Sozu","White Beast Statue"],"picked":"Runic Cube"}],"items_purged_floors":[36],"is_endless":false,"potions_floor_spawned":[7,10,16,18,25,33,40,42,47,48],"ascension_level":0}