{"gold_per_floor":[113,126,138,149,161,193,193,219,219,44,44,44,56,66,66,137,137,137,137,137,137,57,57,57,57,57,57,57,57,57,57,57,57,57,57,57,57,57,57,57,57,57,57,57,57,57,57,57,57,57,57,57,31,31,31],"floor_reached":56,"playtime":3459,"items_purged":["Strike_G","Strike_G"],"score":1787,"play_id":"bacd2f1c-76a5-43fe-9459-feb2afa9f3ea","local_time":"20190923071009","is_ascension_mode":true,"campfire_choices":[{"floor":7.0,"key":"REST"},{"floor":11.0,"key":"REST"},{"floor":15.0,"key":"REST"},{"floor":23.0,"key":"REST"},{"floor":29.0,"key":"REST"},{"floor":32.0,"key":"REST"},{"floor":40.0,"key":"REST"},{"floor":44.0,"key":"REST"},{"floor":49,"key":"RECALL"},{"floor":52,"key":"REST"}],"neow_cost":"NONE","seed_source_timestamp":572400585896500,"circlet_count":0,"master_deck":["AscendersBane","Strike_G+1","Strike_G+1","Defend_G+1","Defend_G+1","Defend_G+1","Defend_G+1","Defend_G+1","Survivor","Neutralize","Poisoned Stab","Noxious Fumes","Backstab","Bane","Well Laid Plans","Catalyst+1","Wraith Form v2","PiercingWail","Bouncing Flask","Caltrops","Wraith Form v2","Leg Sweep","Deadly Poison","Leg Sweep+1","Footwork","Dodge and Roll+1","Cloak And Dagger","Envenom","Crippling Poison","Corpse Explosion","Blur+1","Mind Blast","Dark Shackles","Flash of Steel","PiercingWail","Catalyst+1","Caltrops"],"special_seed":0,"relics":["Fusion Hammer","Dream Catcher","The Courier","White Beast Statue","ClockworkSouvenir","Ectoplasm","Red Mask","Snake Skull","The Specimen","Pear","SlaversCollar","Bottled Flame","Incense Burner"],"potions_floor_usage":[50,50,55],"damage_taken":[{"damage":5.0,"enemies":"2 Louse","floor":1.0,"turns":3.0},{"damage":0.0,"enemies":"Cultist","floor":2.0,"turns":4.0},{"damage":1.0,"enemies":"Small Slimes","floor":3.0,"turns":3.0},{"damage":0.0,"enemies":"Exordium Wildlife","floor":4.0,"turns":3.0},{"damage":11.0,"enemies":"Looter","floor":5.0,"turns":3.0},{"damage":20.0,"enemies":"Lagavulin","floor":6.0,"turns":8.0},{"damage":39.0,"enemies":"Gremlin Nob","floor":8.0,"turns":5.0},{"damage":0.0,"enemies":"2 Fungi Beasts","floor":13.0,"turns":3.0},{"damage":5.0,"enemies":"3 Louse","floor":14.0,"turns":3.0},{"damage":20.0,"enemies":"Slime Boss","floor":16.0,"turns":10.0},{"damage":10.0,"enemies":"Shell Parasite","floor":18.0,"turns":6.0},{"damage":20.0,"enemies":"Masked Bandits","floor":19.0,"turns":5.0},{"damage":0.0,"enemies":"3 Byrds","floor":21.0,"turns":2.0},{"damage":6.0,"enemies":"Snake Plant","floor":24.0,"turns":6.0},{"damage":5.0,"enemies":"Book of Stabbing","floor":25.0,"turns":7.0},{"damage":6.0,"enemies":"Chosen and Byrds","floor":27.0,"turns":6.0},{"damage":12.0,"enemies":"Gremlin Leader","floor":30.0,"turns":7.0},{"damage":7.0,"enemies":"Champ","floor":33.0,"turns":11.0},{"damage":0.0,"enemies":"Orb Walker","floor":35.0,"turns":4.0},{"damage":7.0,"enemies":"3 Darklings","floor":36.0,"turns":6.0},{"damage":28.0,"enemies":"Transient","floor":38.0,"turns":5.0},{"damage":15.0,"enemies":"Writhing Mass","floor":41.0,"turns":7.0},{"damage":17.0,"enemies":"3 Darklings","floor":42.0,"turns":7.0},{"damage":0.0,"enemies":"4 Shapes","floor":45.0,"turns":3.0},{"damage":0.0,"enemies":"Jaw Worm Horde","floor":46.0,"turns":1.0},{"damage":41,"enemies":"Awakened One","floor":50,"turns":12},{"damage":23,"enemies":"Shield and Spear","floor":54,"turns":6},{"damage":29,"enemies":"The Heart","floor":55,"turns":9}],"seed_played":"-7282105485607745690","potions_obtained":[{"floor":1.0,"key":"CunningPotion"},{"floor":3.0,"key":"LiquidBronze"},{"floor":4.0,"key":"PowerPotion"},{"floor":13.0,"key":"AttackPotion"},{"floor":16.0,"key":"AttackPotion"},{"floor":18.0,"key":"LiquidBronze"},{"floor":19.0,"key":"Weak Potion"},{"floor":21.0,"key":"Dexterity Potion"},{"floor":25.0,"key":"DuplicationPotion"},{"floor":30.0,"key":"FairyPotion"},{"floor":33.0,"key":"Dexterity Potion"},{"floor":35.0,"key":"LiquidBronze"},{"floor":41.0,"key":"Ancient Potion"},{"floor":45.0,"key":"Explosive Potion"},{"floor":46.0,"key":"Fire Potion"},{"floor":54,"key":"PowerPotion"}],"is_trial":false,"path_per_floor":["M","M","M","M","M","E","R","E","T","$","R","?","M","M","R","B",null,"M","?","T","M","$","R","M","E","T","M","?","R","E","?","R","B",null,"M","M","?","M","?","R","M","M","T","R","M","M","?","?","R","B",null,"R","$","E","B",null],"character_chosen":"THE_SILENT","items_purchased":["ClockworkSouvenir","Caltrops"],"campfire_rested":9,"item_purchase_floors":[10,53],"current_hp_per_floor":[58,58,57,57,46,26,47,8,8,8,29,29,29,24,45,25,59,49,29,29,29,29,50,44,39,39,33,33,54,52,52,76,69,77,77,70,60,32,32,56,41,24,24,48,48,48,48,80,80,39,70,80,80,57,28],"gold":31,"neow_bonus":"BOSS_RELIC","is_prod":false,"is_daily":false,"chose_seed":false,"campfire_upgraded":0,"win_rate":0,"timestamp":1569247809,"path_taken":["M","M","M","M","M","E","R","E","T","$","R","?","?","M","R","BOSS","M","?","?","M","$","R","M","E","T","M","?","R","E","?","R","BOSS","M","M","?","M","?","R","?","M","T","R","M","M","?","?","R","BOSS","R","$","E","BOSS"],"build_version":"2019-09-20","purchased_purges":2,"victory":true,"max_hp_per_floor":[70,70,70,70,70,70,70,70,70,70,70,70,70,70,70,70,70,70,70,70,70,70,70,70,70,70,70,70,70,80,80,80,80,80,80,80,80,80,80,80,80,80,80,80,80,80,80,80,80,80,80,80,80,80,80],"card_choices":[{"not_picked":["Dagger Throw","PiercingWail"],"picked":"Poisoned Stab","floor":1.0},{"not_picked":["Bane","Flechettes"],"picked":"Cloak And Dagger","floor":2.0},{"not_picked":["Outmaneuver","Crippling Poison"],"picked":"Noxious Fumes","floor":3.0},{"not_picked":["PiercingWail","Heel Hook"],"picked":"Backstab","floor":4.0},{"not_picked":["Acrobatics","Sucker Punch"],"picked":"Bane","floor":5.0},{"not_picked":["Terror","Prepared"],"picked":"Well Laid Plans","floor":6.0},{"not_picked":["Acrobatics","Burst"],"picked":"Catalyst","floor":7.0},{"not_picked":["Cloak And Dagger","Acrobatics","Accuracy"],"picked":"SKIP","floor":8.0},{"not_picked":["Flechettes","Bane"],"picked":"Dagger Spray","floor":11.0},{"not_picked":["Deadly Poison","Phantasmal Killer"],"picked":"PiercingWail","floor":13.0},{"not_picked":["Prepared","Outmaneuver"],"picked":"Bouncing Flask","floor":14.0},{"not_picked":["Deadly Poison","Dagger Spray"],"picked":"Caltrops","floor":15.0},{"not_picked":["Unload","Die Die Die"],"picked":"Wraith Form v2","floor":16.0},{"not_picked":["Dodge and Roll","Backflip"],"picked":"Leg Sweep","floor":18.0},{"not_picked":["Heel Hook","Slice"],"picked":"Deadly Poison","floor":19.0},{"not_picked":["Endless Agony","Concentrate"],"picked":"Leg Sweep+1","floor":21.0},{"not_picked":["Flying Knee","Dagger Throw+1"],"picked":"Footwork","floor":24.0},{"not_picked":["PiercingWail","Cloak And Dagger"],"picked":"Dodge and Roll+1","floor":25.0},{"not_picked":["Prepared","Flying Knee","Dagger Throw"],"picked":"SKIP","floor":27.0},{"not_picked":["Dodge and Roll","PiercingWail","Slice"],"picked":"SKIP","floor":30.0},{"not_picked":["Deflect","Bane+1"],"picked":"Crippling Poison","floor":32.0},{"not_picked":["After Image","Bullet Time"],"picked":"Corpse Explosion","floor":33.0},{"not_picked":["Outmaneuver+1","Escape Plan+1"],"picked":"Blur+1","floor":35.0},{"not_picked":["Dagger Spray","Crippling Poison","Quick Slash"],"picked":"SKIP","floor":36.0},{"not_picked":["Master of Strategy","Panacea"],"picked":"Mind Blast","floor":37.0},{"not_picked":["Panache","Secret Technique"],"picked":"Dark Shackles","floor":37.0},{"not_picked":["Purity","Deep Breath"],"picked":"Flash of Steel","floor":37.0},{"not_picked":["Eviscerate","Deflect","Blade Dance+1"],"picked":"SKIP","floor":38.0},{"not_picked":["Outmaneuver+1","PiercingWail","Deadly Poison+1"],"picked":"SKIP","floor":41.0},{"not_picked":["Poisoned Stab","Outmaneuver"],"picked":"Calculated Gamble+1","floor":42.0},{"not_picked":["Skewer","Bane+1"],"picked":"PiercingWail","floor":44.0},{"not_picked":["Prepared","Underhanded Strike","Phantasmal Killer"],"picked":"SKIP","floor":45.0},{"not_picked":["Slice","Masterful Stab"],"picked":"Catalyst+1","floor":46.0},{"not_picked":["Dodge and Roll+1","Sucker Punch","Setup"],"picked":"SKIP","floor":54}],"player_experience":1467513,"relics_obtained":[{"floor":6.0,"key":"Dream Catcher"},{"floor":8.0,"key":"The Courier"},{"floor":9.0,"key":"White Beast Statue"},{"floor":19.0,"key":"Red Mask"},{"floor":25.0,"key":"Snake Skull"},{"floor":26.0,"key":"The Specimen"},{"floor":30.0,"key":"Pear"},{"floor":43.0,"key":"Bottled Flame"},{"floor":54,"key":"Incense Burner"}],"event_choices":[{"damage_healed":0.0,"max_hp_gain":0.0,"max_hp_loss":0.0,"gold_gain":0.0,"cards_transformed":["Strike_G"],"event_name":"Transmorgrifier","player_choice":"Transformed","floor":12.0,"gold_loss":0.0,"damage_taken":0.0,"cards_obtained":["Wraith Form v2"]},{"damage_healed":0.0,"max_hp_gain":0.0,"max_hp_loss":0.0,"gold_gain":0.0,"event_name":"Masked Bandits","player_choice":"Fought Bandits","floor":19.0,"gold_loss":0.0,"damage_taken":0.0},{"damage_healed":0.0,"max_hp_gain":0.0,"max_hp_loss":0.0,"gold_gain":0.0,"event_name":"Back to Basics","player_choice":"Simplicity","floor":28.0,"gold_loss":0.0,"damage_taken":0.0,"cards_upgraded":["Strike_G","Strike_G","Defend_G","Defend_G","Defend_G","Defend_G","Defend_G"]},{"damage_healed":0.0,"max_hp_gain":0.0,"max_hp_loss":0.0,"gold_gain":0.0,"cards_transformed":["Dagger Spray","Cloak And Dagger"],"event_name":"Drug Dealer","player_choice":"Became Test Subject","floor":31.0,"gold_loss":0.0,"damage_taken":0.0,"cards_obtained":["Cloak And Dagger","Envenom"]},{"damage_healed":0.0,"max_hp_gain":0.0,"max_hp_loss":0.0,"gold_gain":0.0,"event_name":"SensoryStone","player_choice":"Memory 3","floor":37.0,"gold_loss":0.0,"damage_taken":10.0},{"damage_healed":0.0,"max_hp_gain":0.0,"max_hp_loss":0.0,"gold_gain":0.0,"event_name":"Upgrade Shrine","player_choice":"Upgraded","floor":39.0,"gold_loss":0.0,"damage_taken":0.0,"cards_upgraded":["Catalyst"]},{"damage_healed":0.0,"max_hp_gain":0.0,"max_hp_loss":0.0,"gold_gain":222.0,"event_name":"Tomb of Lord Red Mask","player_choice":"Wore Mask","floor":47.0,"gold_loss":0.0,"damage_taken":0.0},{"cards_removed":["Calculated Gamble"],"damage_healed":32.0,"max_hp_gain":0.0,"max_hp_loss":0.0,"gold_gain":0.0,"event_name":"Bonfire Elementals","player_choice":"Offered Uncommon","floor":48.0,"gold_loss":0.0,"damage_taken":0.0}],"is_beta":true,"boss_relics":[{"not_picked":["Black Star","Empty Cage"],"picked":"Ectoplasm"},{"not_picked":["Sozu","Coffee Dripper"],"picked":"SlaversCollar"}],"items_purged_floors":[10,22],"is_endless":false,"potions_floor_spawned":[1,3,4,8,13,14,16,18,19,21,24,25,27,30,33,35,36,38,41,42,45,46,54],"ascension_level":13}