{"gold_per_floor":[111,121,141,99,24,24,44,44,70,70,87,118,118,118,118,193,193,208,225,242,242],"floor_reached":21,"playtime":1452,"items_purged":[],"score":326,"play_id":"16ff4917-2471-455d-a1d8-1120ad54ee90","local_time":"20190921215726","is_ascension_mode":true,"campfire_choices":[{"data":"Battle Trance","floor":6.0,"key":"SMITH"},{"data":"Inflame","floor":8.0,"key":"SMITH"},{"data":"Ghostly Armor","floor":10.0,"key":"SMITH"},{"data":"Flame Barrier","floor":15.0,"key":"SMITH"}],"neow_cost":"NONE","seed_source_timestamp":528415298416700,"circlet_count":0,"master_deck":["AscendersBane","Inflame+1","Battle Trance+1","Ghostly Armor+1","Flame Barrier+1","Fire Breathing","Demon Form","Corruption","Impervious","Ghostly Armor","Combust","Searing Blow","Exhume","Iron Wave","Hemokinesis","Inflame","Sword Boomerang"],"special_seed":0,"relics":["Burning Blood","PreservedInsect","Regal Pillow","Oddly Smooth Stone","Pandora\u0027s Box"],"potions_floor_usage":[20,21],"damage_taken":[{"damage":10.0,"enemies":"2 Louse","floor":1.0,"turns":3.0},{"damage":1.0,"enemies":"Cultist","floor":2.0,"turns":4.0},{"damage":13.0,"enemies":"Jaw Worm","floor":3.0,"turns":4.0},{"damage":2.0,"enemies":"Looter","floor":7.0,"turns":4.0},{"damage":6.0,"enemies":"Large Slime","floor":11.0,"turns":6.0},{"damage":15.0,"enemies":"3 Sentries","floor":12.0,"turns":8.0},{"damage":33,"enemies":"The Guardian","floor":16,"turns":19},{"damage":38,"enemies":"Chosen","floor":18,"turns":9},{"damage":25,"enemies":"Spheric Guardian","floor":19,"turns":16},{"damage":8,"enemies":"Snake Plant","floor":20,"turns":7},{"damage":17,"enemies":"Shelled Parasite and Fungi","floor":21,"turns":7}],"seed_played":"6323729676068358846","potions_obtained":[{"floor":1.0,"key":"SpeedPotion"},{"floor":2.0,"key":"PowerPotion"},{"floor":7.0,"key":"Regen Potion"},{"floor":16,"key":"EssenceOfSteel"}],"is_trial":false,"path_per_floor":["M","M","M","$","?","R","M","R","T","R","M","E","?","?","R","B",null,"M","M","M","M"],"character_chosen":"IRONCLAD","items_purchased":["Battle Trance"],"campfire_rested":0,"item_purchase_floors":[4],"current_hp_per_floor":[71,76,69,69,69,69,73,73,73,73,82,73,62,62,62,35,70,38,19,17,0],"gold":242,"neow_bonus":"TEN_PERCENT_HP_BONUS","is_prod":false,"is_daily":false,"chose_seed":false,"campfire_upgraded":4,"win_rate":0,"timestamp":1569074246,"path_taken":["M","M","M","$","?","R","M","R","T","R","M","E","?","?","R","BOSS","M","M","M","?"],"build_version":"2019-07-17","purchased_purges":0,"victory":false,"max_hp_per_floor":[82,82,82,82,82,82,82,82,82,82,82,82,82,82,82,82,82,82,82,82,82],"card_choices":[{"not_picked":["Carnage","Clash","Fire Breathing"],"picked":"SKIP","floor":1.0},{"not_picked":["Warcry","Wild Strike","Havoc"],"picked":"SKIP","floor":2.0},{"not_picked":["Flex","Body Slam"],"picked":"Inflame","floor":3.0},{"not_picked":["Combust","Corruption"],"picked":"Ghostly Armor","floor":7.0},{"not_picked":["Anger","Wild Strike"],"picked":"Flame Barrier","floor":11.0},{"not_picked":["Anger","Rupture"],"picked":"Fire Breathing","floor":12.0},{"not_picked":["Immolate","Double Tap"],"picked":"Demon Form","floor":16},{"not_picked":["Shrug It Off","Flex","Flame Barrier"],"picked":"SKIP","floor":18},{"not_picked":["Pommel Strike","Perfected Strike"],"picked":"Inflame","floor":19},{"not_picked":["Warcry","Dual Wield"],"picked":"Sword Boomerang","floor":20}],"player_experience":656409,"relics_obtained":[{"floor":9.0,"key":"PreservedInsect"},{"floor":12.0,"key":"Regal Pillow"}],"event_choices":[{"cards_removed":["Bash"],"damage_healed":0.0,"max_hp_gain":0.0,"max_hp_loss":0.0,"gold_gain":0.0,"event_name":"The Cleric","player_choice":"Card Removal","floor":5.0,"gold_loss":75.0,"damage_taken":0.0},{"damage_healed":0.0,"max_hp_gain":0.0,"max_hp_loss":0.0,"gold_gain":0.0,"event_name":"Scrap Ooze","player_choice":"Success","floor":13.0,"gold_loss":0.0,"damage_taken":11.0,"relics_obtained":["Oddly Smooth Stone"]},{"cards_removed":["Defend_R"],"damage_healed":0.0,"max_hp_gain":0.0,"max_hp_loss":0.0,"gold_gain":0.0,"event_name":"Bonfire Elementals","player_choice":"Offered Basic","floor":14.0,"gold_loss":0.0,"damage_taken":0.0}],"is_beta":false,"boss_relics":[{"not_picked":["Cursed Key","Calling Bell"],"picked":"Pandora\u0027s Box"}],"items_purged_floors":[],"is_endless":false,"potions_floor_spawned":[1,2,7,16,19],"killed_by":"Shelled Parasite and Fungi","ascension_level":16}