{"gold_per_floor":[116,134,209,209,220,220,248,264,335,335,335,335],"floor_reached":12,"playtime":580,"items_purged":[],"score":109,"play_id":"8a5d749c-3bb1-4157-ac99-1df4bbc8ef11","local_time":"20190921192402","is_ascension_mode":true,"campfire_choices":[{"data":"Defragment","floor":6,"key":"SMITH"},{"data":"Zap","floor":10,"key":"SMITH"}],"neow_cost":"NONE","seed_source_timestamp":1114642680505983,"circlet_count":0,"master_deck":["Strike_B","Strike_B","Strike_B","Defend_B","Defend_B","Defend_B","Defend_B","Zap+1","Dualcast","Defragment+1"],"special_seed":0,"relics":["Cracked Core","Du-Vu Doll","Toxic Egg 2","Golden Idol"],"potions_floor_usage":[7,12],"damage_taken":[{"damage":1.0,"enemies":"Small Slimes","floor":1.0,"turns":3.0},{"damage":4.0,"enemies":"Jaw Worm","floor":2.0,"turns":4.0},{"damage":0,"enemies":"2 Louse","floor":5,"turns":2},{"damage":22,"enemies":"Gremlin Nob","floor":7,"turns":5},{"damage":8,"enemies":"Blue Slaver","floor":8,"turns":4},{"damage":20,"enemies":"Lagavulin Event","floor":12,"turns":2}],"seed_played":"354731850830118651","potions_obtained":[{"floor":2.0,"key":"Block Potion"},{"floor":7,"key":"FocusPotion"}],"is_trial":false,"path_per_floor":["M","M","?","?","M","R","E","M","T","R","?","?"],"character_chosen":"DEFECT","items_purchased":[],"campfire_rested":0,"item_purchase_floors":[],"current_hp_per_floor":[74,70,59,59,59,59,37,29,29,29,9,0],"gold":335,"neow_bonus":"TEN_PERCENT_HP_BONUS","is_prod":false,"is_daily":false,"chose_seed":false,"campfire_upgraded":2,"win_rate":0,"timestamp":1569108242,"path_taken":["M","M","?","?","?","R","E","M","T","R","?","?"],"build_version":"2019-07-17","purchased_purges":0,"victory":false,"max_hp_per_floor":[82,82,82,82,82,82,82,82,82,82,82,82],"card_choices":[{"not_picked":["Stack","Blizzard","Redo"],"picked":"SKIP","floor":1.0},{"not_picked":["Turbo","Barrage"],"picked":"Defragment","floor":2.0},{"not_picked":["Redo","Compile Driver","All For One"],"picked":"SKIP","floor":5},{"not_picked":["Redo","Compile Driver","All For One"],"picked":"SKIP","floor":5},{"not_picked":["Double Energy","Lockon","BootSequence"],"picked":"SKIP","floor":7},{"not_picked":["Redo","Barrage","Stack"],"picked":"SKIP","floor":8}],"player_experience":304129,"relics_obtained":[{"floor":7,"key":"Du-Vu Doll"},{"floor":9,"key":"Toxic Egg 2"}],"event_choices":[{"damage_healed":0.0,"max_hp_gain":0.0,"max_hp_loss":0.0,"gold_gain":75.0,"event_name":"World of Goop","player_choice":"Gather Gold","floor":3.0,"gold_loss":0.0,"damage_taken":11.0},{"cards_removed":["Strike_B"],"damage_healed":0.0,"max_hp_gain":0.0,"max_hp_loss":0.0,"gold_gain":0.0,"event_name":"Living Wall","player_choice":"Forget","floor":4.0,"gold_loss":0.0,"damage_taken":0.0},{"damage_healed":0,"gold_gain":0,"player_choice":"Take Damage","damage_taken":20,"relics_obtained":["Golden Idol"],"max_hp_gain":0,"max_hp_loss":0,"event_name":"Golden Idol","floor":11,"gold_loss":0},{"damage_healed":0,"gold_gain":0,"player_choice":"Searched \u00271\u0027 times","damage_taken":0,"max_hp_gain":0,"max_hp_loss":0,"event_name":"Dead Adventurer","floor":12,"gold_loss":0}],"is_beta":false,"boss_relics":[],"items_purged_floors":[],"is_endless":false,"potions_floor_spawned":[2,7],"killed_by":"Lagavulin Event","ascension_level":8}