{"gold_per_floor":[109,126,146,162,172,201,201,234,234,247,262,262,294,307,307,307],"floor_reached":16,"playtime":1113,"items_purged":[],"score":208,"play_id":"5407187e-118e-42ea-8273-b574eb3dd8e2","local_time":"20190428125213","is_ascension_mode":true,"campfire_choices":[{"data":"Whirlwind","floor":7.0,"key":"SMITH"},{"data":"Corruption","floor":15.0,"key":"SMITH"}],"neow_cost":"NONE","seed_source_timestamp":0,"circlet_count":0,"master_deck":["Strike_R","Strike_R","Strike_R","Strike_R","Strike_R","Defend_R","Defend_R","Defend_R","Defend_R","Bash+1","Anger","Inflame","Whirlwind+1","Body Slam","Headbutt","Corruption+1","Perfected Strike+1","Wild Strike+1","Feel No Pain"],"special_seed":0,"relics":["Burning Blood","Pear","Omamori","Molten Egg 2","Anchor","Du-Vu Doll"],"potions_floor_usage":[16],"damage_taken":[{"damage":14.0,"enemies":"Jaw Worm","floor":1.0,"turns":3.0},{"damage":1.0,"enemies":"Cultist","floor":2.0,"turns":3.0},{"damage":6.0,"enemies":"Small Slimes","floor":3.0,"turns":3.0},{"damage":9.0,"enemies":"Blue Slaver","floor":4.0,"turns":4.0},{"damage":21.0,"enemies":"3 Louse","floor":5.0,"turns":3.0},{"damage":32.0,"enemies":"Gremlin Nob","floor":6.0,"turns":4.0},{"damage":20.0,"enemies":"3 Sentries","floor":8.0,"turns":4.0},{"damage":12.0,"enemies":"Looter","floor":10.0,"turns":3.0},{"damage":0.0,"enemies":"Large Slime","floor":11.0,"turns":5.0},{"damage":15.0,"enemies":"Lagavulin","floor":13.0,"turns":5.0},{"damage":0.0,"enemies":"2 Fungi Beasts","floor":14.0,"turns":2.0},{"damage":36,"enemies":"Hexaghost","floor":16,"turns":8}],"seed_played":"-7358104816657762161","potions_obtained":[{"floor":2.0,"key":"EntropicBrew"},{"floor":5.0,"key":"FearPotion"},{"floor":6.0,"key":"SpeedPotion"},{"floor":11.0,"key":"BloodPotion"},{"floor":13.0,"key":"SpeedPotion"},{"floor":14.0,"key":"Fruit Juice"}],"is_trial":false,"path_per_floor":["M","M","M","M","M","E","R","E","T","M","M","?","E","M","R","B"],"character_chosen":"IRONCLAD","items_purchased":[],"campfire_rested":0,"item_purchase_floors":[],"current_hp_per_floor":[64,69,69,66,51,35,35,21,21,15,21,21,21,27,32,0],"gold":307,"neow_bonus":"UPGRADE_CARD","is_prod":false,"is_daily":false,"chose_seed":false,"campfire_upgraded":2,"win_rate":0,"timestamp":1556481133,"path_taken":["M","M","M","M","M","E","R","E","T","M","M","?","E","M","R","BOSS"],"build_version":"2019-01-23","purchased_purges":0,"victory":false,"max_hp_per_floor":[80,80,80,80,80,90,90,90,90,90,90,90,90,90,95,95],"card_choices":[{"not_picked":["Twin Strike","Thunderclap"],"picked":"Anger","floor":1.0},{"not_picked":["Cleave","True Grit"],"picked":"Inflame","floor":2.0},{"not_picked":["Burning Pact","Body Slam"],"picked":"Whirlwind","floor":3.0},{"not_picked":["Anger","Flex","Berserk"],"picked":"SKIP","floor":4.0},{"not_picked":["Armaments","Warcry"],"picked":"Body Slam","floor":5.0},{"not_picked":["Carnage","Flex"],"picked":"Headbutt","floor":6.0},{"not_picked":["Sever Soul","Searing Blow"],"picked":"Corruption","floor":8.0},{"not_picked":["Twin Strike+1","Wild Strike+1"],"picked":"Perfected Strike+1","floor":10.0},{"not_picked":["True Grit","Thunderclap+1"],"picked":"Wild Strike+1","floor":11.0},{"not_picked":["Clash+1","Armaments","Bludgeon+1"],"picked":"SKIP","floor":13.0},{"not_picked":["Flame Barrier","Shrug It Off"],"picked":"Feel No Pain","floor":14.0}],"player_experience":1175304,"relics_obtained":[{"floor":6.0,"key":"Pear"},{"floor":8.0,"key":"Omamori"},{"floor":9.0,"key":"Molten Egg 2"},{"floor":12.0,"key":"Anchor"},{"floor":13.0,"key":"Du-Vu Doll"}],"event_choices":[{"damage_healed":0.0,"max_hp_gain":0.0,"max_hp_loss":0.0,"gold_gain":0.0,"event_name":"Wheel of Change","player_choice":"Relic","floor":12.0,"gold_loss":0.0,"damage_taken":0.0}],"is_beta":false,"boss_relics":[],"items_purged_floors":[],"is_endless":false,"potions_floor_spawned":[2,5,6,11,13,14],"killed_by":"Hexaghost","ascension_level":9}