{"gold_per_floor":[112,129,129,144,154,154,173,173,173,173,186,286,120,134,134,232,232,246,264,284,383,398,398,415,430,453],"floor_reached":26,"playtime":1434,"items_purged":["Strike_G"],"score":231,"play_id":"2f14eb3b-fa44-4efb-b3d4-ead43727e29c","local_time":"20190405144040","is_ascension_mode":false,"campfire_choices":[{"data":"Noxious Fumes","floor":6,"key":"SMITH"},{"data":"Neutralize","floor":10,"key":"SMITH"},{"data":"Discovery","floor":15,"key":"SMITH"},{"floor":23,"key":"REST"}],"neow_cost":"NONE","seed_source_timestamp":39890676668047,"circlet_count":0,"master_deck":["Defend_G","Defend_G","Defend_G","Defend_G","Defend_G","Strike_G","Strike_G","Strike_G","Strike_G","Survivor","Neutralize+1","Noxious Fumes+1","Well Laid Plans","PiercingWail","Discovery+1","Backflip","Corpse Explosion","Catalyst","Footwork","Caltrops"],"relics":["Velvet Choker","Blood Vial"],"potions_floor_usage":[7,14,19,25],"damage_taken":[{"damage":0,"enemies":"Small Slimes","floor":1,"turns":4},{"damage":0,"enemies":"Cultist","floor":2,"turns":4},{"damage":0,"enemies":"Jaw Worm","floor":4,"turns":6},{"damage":0,"enemies":"Blue Slaver","floor":5,"turns":4},{"damage":5,"enemies":"Lots of Slimes","floor":7,"turns":4},{"damage":2,"enemies":"Looter","floor":11,"turns":4},{"damage":6,"enemies":"3 Louse","floor":14,"turns":3},{"damage":22,"enemies":"Hexaghost","floor":16,"turns":11},{"damage":13,"enemies":"Spheric Guardian","floor":18,"turns":7},{"damage":8,"enemies":"2 Thieves","floor":19,"turns":4},{"damage":4,"enemies":"Centurion and Healer","floor":20,"turns":6},{"damage":23,"enemies":"Snake Plant","floor":22,"turns":5},{"damage":14,"enemies":"Cultist and Chosen","floor":24,"turns":6},{"damage":23,"enemies":"Sentry and Sphere","floor":25,"turns":6}],"seed_played":"-3607755584246433670","potions_obtained":[{"floor":1,"key":"SkillPotion"},{"floor":2,"key":"SkillPotion"},{"floor":11,"key":"SkillPotion"},{"floor":14,"key":"Energy Potion"},{"floor":16,"key":"SteroidPotion"},{"floor":19,"key":"SteroidPotion"},{"floor":20,"key":"PowerPotion"}],"is_trial":false,"path_per_floor":["M","M","?","M","M","R","M","?","T","R","M","?","$","M","R","B",null,"M","M","M","?","M","R","M","M","T"],"character_chosen":"THE_SILENT","items_purchased":["Discovery"],"campfire_rested":1,"item_purchase_floors":[13],"current_hp_per_floor":[70,70,70,70,70,70,65,65,65,65,63,63,63,57,57,35,70,57,49,45,45,22,43,29,6,6],"gold":453,"neow_bonus":"BOSS_RELIC","is_prod":false,"is_daily":false,"chose_seed":false,"campfire_upgraded":3,"win_rate":0,"timestamp":1554500440,"path_taken":["M","M","?","?","M","R","M","?","T","R","M","?","$","M","R","BOSS","M","?","M","?","M","R","M","M","T"],"build_version":"2019-01-23","purchased_purges":1,"victory":false,"max_hp_per_floor":[70,70,70,70,70,70,70,70,70,70,70,70,70,70,70,70,70,70,70,70,70,70,70,70,70,70],"card_choices":[{"not_picked":["Cloak And Dagger","Accuracy"],"picked":"Noxious Fumes","floor":1},{"not_picked":["Quick Slash","Choke","Cloak And Dagger"],"picked":"SKIP","floor":2},{"not_picked":["Sucker Punch","Dagger Throw","Flechettes"],"picked":"SKIP","floor":4},{"not_picked":["Flying Knee","Prepared"],"picked":"Well Laid Plans","floor":5},{"not_picked":["Doppelganger","Sucker Punch"],"picked":"PiercingWail","floor":7},{"not_picked":["Setup","Prepared","Flying Knee"],"picked":"SKIP","floor":11},{"not_picked":["Outmaneuver","Concentrate"],"picked":"Backflip","floor":14},{"not_picked":["Glass Knife","A Thousand Cuts"],"picked":"Corpse Explosion","floor":16},{"not_picked":["Setup","Dodge and Roll"],"picked":"Catalyst","floor":18},{"not_picked":["Distraction","Reflex+1","Bane"],"picked":"SKIP","floor":19},{"not_picked":["Quick Slash","All Out Attack","Sucker Punch"],"picked":"SKIP","floor":20},{"not_picked":["Slice","Prepared"],"picked":"Footwork","floor":22},{"not_picked":["Choke","Deflect"],"picked":"Caltrops","floor":24},{"not_picked":["Backstab","Acrobatics","Dagger Spray"],"picked":"SKIP","floor":25}],"player_experience":947318,"relics_obtained":[{"floor":26,"key":"Blood Vial"}],"event_choices":[{"damage_healed":0,"gold_gain":0,"player_choice":"Ignored","damage_taken":0,"max_hp_gain":0,"max_hp_loss":0,"event_name":"WeMeetAgain","floor":3,"gold_loss":0},{"damage_healed":0,"gold_gain":0,"player_choice":"Fled","damage_taken":0,"max_hp_gain":0,"max_hp_loss":0,"event_name":"Scrap Ooze","floor":8,"gold_loss":0},{"damage_healed":0,"gold_gain":100,"player_choice":"Pray","damage_taken":0,"max_hp_gain":0,"max_hp_loss":0,"event_name":"Golden Shrine","floor":12,"gold_loss":0},{"damage_healed":0,"gold_gain":99,"player_choice":"Stole From Cult","damage_taken":0,"max_hp_gain":0,"max_hp_loss":0,"event_name":"Nest","floor":21,"gold_loss":0}],"is_beta":false,"boss_relics":[{"not_picked":["HoveringKite","Eternal Feather","Coffee Dripper"]}],"items_purged_floors":[13],"is_endless":false,"potions_floor_spawned":[1,2,11,14,16,19,20,22],"ascension_level":0}