{"gold_per_floor":[111,39,59,76,22,48,48,76,125,125,125,139,158,188,188,290,290,306,396,414,426,426,452,452],"floor_reached":24,"playtime":1836,"items_purged":[],"score":316,"play_id":"92c4d815-5593-499f-8fcb-81f3379ea759","local_time":"20190206170516","is_ascension_mode":true,"campfire_choices":[{"data":"Uppercut","floor":7.0,"key":"SMITH"},{"floor":11.0,"key":"REST"},{"floor":15.0,"key":"REST"}],"neow_cost":"NONE","seed_source_timestamp":0,"circlet_count":0,"master_deck":["Strike_R","Strike_R","Strike_R","Strike_R","Strike_R","Defend_R","Defend_R","Defend_R","Defend_R","Bash","Twin Strike","Spot Weakness","Pummel","Uppercut+1","Shrug It Off","Pommel Strike","True Grit","Headbutt","Clothesline","Corruption","Dark Embrace","Impervious","Iron Wave","Shrug It Off","Iron Wave","Iron Wave+1","Inflame","Whirlwind"],"special_seed":0,"relics":["Burning Blood","Sundial","Dream Catcher","Blood Vial","Bottled Lightning","Odd Mushroom","Orrery","CultistMask","Darkstone Periapt"],"potions_floor_usage":[23,23,23],"damage_taken":[{"damage":1.0,"enemies":"Cultist","floor":1.0,"turns":3.0},{"damage":2.0,"enemies":"Jaw Worm","floor":3.0,"turns":3.0},{"damage":7.0,"enemies":"2 Louse","floor":4.0,"turns":3.0},{"damage":41.0,"enemies":"3 Sentries","floor":6.0,"turns":9.0},{"damage":34.0,"enemies":"Lagavulin","floor":8.0,"turns":6.0},{"damage":10.0,"enemies":"Red Slaver","floor":12.0,"turns":2.0},{"damage":9.0,"enemies":"Blue Slaver","floor":13.0,"turns":3.0},{"damage":18.0,"enemies":"The Mushroom Lair","floor":14.0,"turns":4.0},{"damage":51.0,"enemies":"The Guardian","floor":16.0,"turns":10.0},{"damage":29.0,"enemies":"2 Thieves","floor":18.0,"turns":5.0},{"damage":20.0,"enemies":"Spheric Guardian","floor":20.0,"turns":4.0},{"damage":0.0,"enemies":"Snecko","floor":21.0,"turns":4.0},{"damage":36,"enemies":"Slavers","floor":23,"turns":7},{"damage":31,"enemies":"Snake Plant","floor":24,"turns":4}],"seed_played":"-488365510036800023","potions_obtained":[{"floor":1.0,"key":"Regen Potion"},{"floor":4.0,"key":"Poison Potion"},{"floor":6.0,"key":"Energy Potion"},{"floor":12.0,"key":"PowerPotion"},{"floor":20.0,"key":"Block Potion"},{"floor":21.0,"key":"Regen Potion"},{"floor":23,"key":"SpeedPotion"}],"is_trial":false,"path_per_floor":["M","$","M","M","$","E","R","E","T","T","R","M","M","?","R","B",null,"M","?","M","M","?","E","M"],"character_chosen":"IRONCLAD","items_purchased":["Spot Weakness","Shrug It Off"],"campfire_rested":2,"item_purchase_floors":[2,5],"current_hp_per_floor":[85,85,88,87,87,52,52,24,24,24,50,48,47,37,63,20,71,50,34,22,42,42,29,0],"gold":452,"neow_bonus":"TEN_PERCENT_HP_BONUS","is_prod":false,"is_daily":false,"chose_seed":false,"campfire_upgraded":1,"win_rate":0,"timestamp":1549501516,"path_taken":["M","?","M","M","?","E","R","E","T","?","R","M","?","?","R","BOSS","M","?","?","M","?","E","?"],"build_version":"2019-01-23","purchased_purges":0,"victory":false,"max_hp_per_floor":[88,88,88,88,88,88,88,88,88,88,88,88,88,88,88,88,88,88,88,88,88,88,88,88],"card_choices":[{"not_picked":["Infernal Blade","Seeing Red"],"picked":"Twin Strike","floor":1.0},{"not_picked":["Warcry","Reckless Charge"],"picked":"Pummel","floor":3.0},{"not_picked":["Infernal Blade","Sentinel"],"picked":"Uppercut","floor":4.0},{"not_picked":["Anger","Heavy Blade"],"picked":"Pommel Strike","floor":6.0},{"not_picked":["Exhume","Fire Breathing"],"picked":"True Grit","floor":8.0},{"not_picked":["Body Slam","Pommel Strike"],"picked":"Headbutt","floor":11.0},{"not_picked":["Blood for Blood","Pummel","Spot Weakness"],"picked":"SKIP","floor":12.0},{"not_picked":["Flex","Cleave"],"picked":"Clothesline","floor":13.0},{"not_picked":["Sever Soul","Cleave"],"picked":"Corruption","floor":14.0},{"not_picked":["Thunderclap","Sever Soul"],"picked":"Dark Embrace","floor":15.0},{"not_picked":["Reaper","Dark Embrace"],"picked":"Impervious","floor":16.0},{"not_picked":["Armaments","Clash"],"picked":"Iron Wave","floor":17.0},{"not_picked":["Flex","Iron Wave"],"picked":"Shrug It Off","floor":17.0},{"not_picked":["Armaments","Second Wind"],"picked":"Iron Wave","floor":17.0},{"not_picked":["Havoc","Headbutt"],"picked":"Iron Wave+1","floor":18.0},{"not_picked":["Pummel","Sword Boomerang+1"],"picked":"Inflame","floor":20.0},{"not_picked":["Twin Strike","Dual Wield"],"picked":"Whirlwind","floor":21.0},{"not_picked":["Perfected Strike","Blood for Blood","Rage"],"picked":"SKIP","floor":23}],"player_experience":943157,"relics_obtained":[{"floor":6.0,"key":"Sundial"},{"floor":8.0,"key":"Dream Catcher"},{"floor":9.0,"key":"Blood Vial"},{"floor":10.0,"key":"Bottled Lightning"},{"floor":14.0,"key":"Odd Mushroom"},{"floor":23,"key":"Darkstone Periapt"}],"event_choices":[{"damage_healed":0.0,"max_hp_gain":0.0,"max_hp_loss":0.0,"gold_gain":0.0,"event_name":"Mushrooms","player_choice":"Fought Mushrooms","floor":14.0,"gold_loss":0.0,"damage_taken":0.0},{"damage_healed":0.0,"max_hp_gain":0.0,"max_hp_loss":0.0,"gold_gain":90.0,"event_name":"Knowing Skull","player_choice":"GOLD ","floor":19.0,"potions_obtained":[],"gold_loss":0.0,"damage_taken":16.0,"cards_obtained":[]},{"damage_healed":0.0,"max_hp_gain":0.0,"max_hp_loss":0.0,"gold_gain":0.0,"event_name":"FaceTrader","player_choice":"Trade","floor":22.0,"gold_loss":0.0,"damage_taken":0.0,"relics_obtained":["CultistMask"]}],"is_beta":false,"boss_relics":[{"not_picked":["Tiny House","Ectoplasm"],"picked":"Orrery"}],"items_purged_floors":[],"is_endless":false,"potions_floor_spawned":[1,4,6,12,14,20,21,23],"killed_by":"Snake Plant","ascension_level":8}