{"gold_per_floor":[119,138,138,63,79,79,79,157,157,157,157,169,183,195,195,294,294,311,311,311,334,354,354,365,382,382,382],"floor_reached":27,"playtime":712,"items_purged":["Strike_R"],"score":205,"play_id":"f1ff5c5d-0a48-47c5-9572-840af22d8ed6","local_time":"20190410222138","is_ascension_mode":false,"campfire_choices":[{"data":"True Grit","floor":6,"key":"SMITH"},{"data":"Bash","floor":10,"key":"SMITH"},{"data":"Shockwave","floor":15,"key":"SMITH"},{"floor":23,"key":"REST"}],"neow_cost":"NONE","seed_source_timestamp":138727766177933,"circlet_count":0,"master_deck":["Strike_R","Strike_R","Strike_R","Defend_R","Defend_R","Defend_R","Defend_R","Bash+1","True Grit+1","Heavy Blade","Clothesline","Shockwave+1","Headbutt","Cleave+1"],"relics":["Philosopher\u0027s Stone"],"potions_floor_usage":[16,27],"damage_taken":[{"damage":4,"enemies":"Small Slimes","floor":1,"turns":3},{"damage":2,"enemies":"Jaw Worm","floor":2,"turns":3},{"damage":2,"enemies":"2 Louse","floor":5,"turns":2},{"damage":11,"enemies":"Blue Slaver","floor":12,"turns":4},{"damage":10,"enemies":"Gremlin Gang","floor":13,"turns":4},{"damage":0,"enemies":"Large Slime","floor":14,"turns":4},{"damage":46,"enemies":"Slime Boss","floor":16,"turns":12},{"damage":34,"enemies":"Spheric Guardian","floor":18,"turns":5},{"damage":3,"enemies":"Chosen","floor":22,"turns":4},{"damage":37,"enemies":"Shelled Parasite and Fungi","floor":24,"turns":7},{"damage":19,"enemies":"Snecko","floor":25,"turns":4},{"damage":18,"enemies":"Cultist and Chosen","floor":27,"turns":6}],"seed_played":"4768171633369344310","potions_obtained":[{"floor":1,"key":"SmokeBomb"},{"floor":12,"key":"Poison Potion"},{"floor":16,"key":"AttackPotion"},{"floor":22,"key":"EssenceOfSteel"}],"is_trial":false,"path_per_floor":["M","M","?","$","M","R","?","T","T","R","$","M","M","M","R","B",null,"M","?","?","T","M","R","M","M","T","M"],"character_chosen":"IRONCLAD","items_purchased":[],"campfire_rested":1,"item_purchase_floors":[],"current_hp_per_floor":[76,74,79,79,77,77,77,77,77,77,77,66,56,56,56,10,85,51,51,51,51,48,73,36,17,17,0],"gold":382,"neow_bonus":"BOSS_RELIC","is_prod":false,"is_daily":false,"chose_seed":false,"campfire_upgraded":3,"win_rate":0,"timestamp":1554960098,"path_taken":["M","M","?","$","M","R","?","?","T","R","?","M","M","M","R","BOSS","M","?","?","?","M","R","M","?","T","M"],"build_version":"2019-01-23","purchased_purges":1,"victory":false,"max_hp_per_floor":[80,80,85,85,85,85,85,85,85,85,85,85,85,85,85,85,85,85,85,85,85,85,85,85,85,85,85],"card_choices":[{"not_picked":["Carnage","Blood for Blood","True Grit"],"picked":"SKIP","floor":1},{"not_picked":["Carnage","Blood for Blood"],"picked":"True Grit","floor":1},{"not_picked":["Searing Blow","Perfected Strike","Seeing Red"],"picked":"SKIP","floor":2},{"not_picked":["Warcry","Power Through","Havoc"],"picked":"SKIP","floor":5},{"not_picked":["Sword Boomerang","Iron Wave"],"picked":"Clothesline","floor":12},{"not_picked":["Fire Breathing","Clash"],"picked":"Shockwave","floor":13},{"not_picked":["Fire Breathing","Sever Soul","Flex"],"picked":"SKIP","floor":14},{"not_picked":["Warcry","Heavy Blade"],"picked":"Headbutt","floor":18},{"not_picked":["Clash","Clothesline"],"picked":"Cleave+1","floor":22},{"not_picked":["Body Slam+1","Perfected Strike+1","Exhume"],"picked":"SKIP","floor":24},{"not_picked":["Clash","Wild Strike","Flex"],"picked":"SKIP","floor":25}],"player_experience":1015700,"relics_obtained":[],"event_choices":[{"damage_healed":0,"gold_gain":0,"player_choice":"Donut","damage_taken":0,"max_hp_gain":5,"max_hp_loss":0,"event_name":"Big Fish","floor":3,"gold_loss":0},{"damage_healed":0,"gold_gain":0,"cards_transformed":["Strike_R"],"player_choice":"Change","damage_taken":0,"max_hp_gain":0,"max_hp_loss":0,"event_name":"Living Wall","floor":7,"gold_loss":0,"cards_obtained":["Heavy Blade"]},{"damage_healed":0,"gold_gain":0,"player_choice":"Ignored","damage_taken":0,"max_hp_gain":0,"max_hp_loss":0,"event_name":"The Mausoleum","floor":19,"gold_loss":0}],"is_beta":false,"boss_relics":[{"not_picked":["Mark of Pain","Coffee Dripper","Tiny House"]}],"items_purged_floors":[4],"is_endless":false,"potions_floor_spawned":[1,12,16,22],"killed_by":"Cultist and Chosen","ascension_level":0}