{"gold_per_floor":[110,110,185,185,110,110,10,27,108,120,138,150,104,123,123,222,222,242,117,217,231,231,231,249,267,267,267,192,192,207,57,57,162,162,178,194,19,29,45,45,58,77,124,140,140,240,259,17,17,17],"floor_reached":51,"playtime":2127,"items_purged":["Strike_R","Strike_R","Strike_R","Defend_R","Defend_R"],"score":748,"play_id":"311f5e4b-de30-4695-92ce-6cdb7542398e","local_time":"20190406192105","is_ascension_mode":false,"campfire_choices":[{"data":"Bash","floor":6.0,"key":"SMITH"},{"data":"Flame Barrier","floor":15.0,"key":"SMITH"},{"data":"Rampage","floor":23.0,"key":"SMITH"},{"floor":27.0,"key":"REST"},{"data":"Flame Barrier","floor":32.0,"key":"SMITH"},{"data":"Entrench","floor":49,"key":"SMITH"}],"neow_cost":"NONE","seed_source_timestamp":142374308281197,"circlet_count":0,"master_deck":["Strike_R+1","Strike_R+1","Defend_R","Bash+1","Flame Barrier+1","Shrug It Off","Offering","Rampage+1","Flame Barrier+1","Barricade","Entrench+1"],"special_seed":0,"relics":["Burning Blood","Sundial","Lizard Tail","Torii","Bottled Flame","Turnip","Busted Crown","Bag of Marbles","Strange Spoon"],"potions_floor_usage":[40,50,50,50],"damage_taken":[{"damage":3.0,"enemies":"Jaw Worm","floor":1.0,"turns":4.0},{"damage":0.0,"enemies":"2 Louse","floor":8.0,"turns":3.0},{"damage":0.0,"enemies":"Small Slimes","floor":10.0,"turns":3.0},{"damage":8.0,"enemies":"3 Louse","floor":11.0,"turns":4.0},{"damage":0.0,"enemies":"2 Fungi Beasts","floor":12.0,"turns":4.0},{"damage":0.0,"enemies":"Large Slime","floor":14.0,"turns":5.0},{"damage":35.0,"enemies":"Slime Boss","floor":16.0,"turns":13.0},{"damage":22.0,"enemies":"Spheric Guardian","floor":18.0,"turns":6.0},{"damage":18.0,"enemies":"Colosseum Slavers","floor":20.0,"turns":5.0},{"damage":41.0,"enemies":"Colosseum Nobs","floor":20.0,"turns":5.0},{"damage":14.0,"enemies":"2 Thieves","floor":21.0,"turns":5.0},{"damage":12.0,"enemies":"Centurion and Healer","floor":24.0,"turns":7.0},{"damage":6.0,"enemies":"Snake Plant","floor":25.0,"turns":3.0},{"damage":24.0,"enemies":"Sentry and Sphere","floor":30.0,"turns":7.0},{"damage":6.0,"enemies":"Champ","floor":33.0,"turns":15.0},{"damage":13.0,"enemies":"3 Darklings","floor":35.0,"turns":9.0},{"damage":13.0,"enemies":"Orb Walker","floor":36.0,"turns":3.0},{"damage":7.0,"enemies":"Jaw Worm Horde","floor":38.0,"turns":6.0},{"damage":6.0,"enemies":"3 Darklings","floor":39.0,"turns":5.0},{"damage":0,"enemies":"Nemesis","floor":40,"turns":1},{"damage":6,"enemies":"Maw","floor":41,"turns":9},{"damage":7,"enemies":"Transient","floor":42,"turns":5},{"damage":16,"enemies":"4 Shapes","floor":44,"turns":6},{"damage":6,"enemies":"3 Darklings","floor":47,"turns":8},{"damage":13,"enemies":"Awakened One","floor":50,"turns":15}],"seed_played":"-7167734621851202597","potions_obtained":[{"floor":8.0,"key":"Explosive Potion"},{"floor":10.0,"key":"Fire Potion"},{"floor":12.0,"key":"Swift Potion"},{"floor":18.0,"key":"Dexterity Potion"},{"floor":24.0,"key":"Ancient Potion"},{"floor":30.0,"key":"PowerPotion"},{"floor":35.0,"key":"LiquidBronze"},{"floor":38.0,"key":"SmokeBomb"}],"is_trial":false,"path_per_floor":["M","?","?","?","$","R","$","M","T","M","M","M","$","M","R","B",null,"M","$","?","M","?","R","M","M","T","R","?","?","M","$","R","B",null,"M","M","$","M","M","E","M","M","T","M","?","?","M","$","R","B",null],"character_chosen":"IRONCLAD","items_purchased":["Shrug It Off","SpeedPotion","Strange Spoon"],"campfire_rested":1,"item_purchase_floors":[13,48,48],"current_hp_per_floor":[88,93,82,63,63,63,63,69,69,75,73,79,79,85,85,56,93,77,77,30,22,22,22,16,16,16,43,43,43,25,25,25,25,93,86,79,79,78,78,84,84,83,83,73,73,73,73,73,73,66],"gold":17,"neow_bonus":"TEN_PERCENT_HP_BONUS","is_prod":false,"is_daily":false,"chose_seed":false,"campfire_upgraded":5,"win_rate":0,"timestamp":1554603665,"path_taken":["M","?","?","?","$","R","$","M","T","M","M","M","$","M","R","BOSS","M","$","?","M","?","R","M","M","T","R","?","?","M","$","R","BOSS","M","M","$","M","M","E","M","M","T","M","?","?","M","$","R","BOSS"],"build_version":"2019-01-23","purchased_purges":5,"victory":true,"max_hp_per_floor":[88,93,93,93,93,93,93,93,93,93,93,93,93,93,93,93,93,93,93,93,93,93,93,93,93,93,93,93,93,93,93,93,93,93,93,93,93,93,93,93,93,93,93,93,93,93,93,93,93,93],"card_choices":[{"not_picked":["Warcry","Flex","True Grit"],"picked":"SKIP","floor":1.0},{"not_picked":["Fire Breathing","Ghostly Armor","Rupture"],"picked":"SKIP","floor":8.0},{"not_picked":["Wild Strike","Fire Breathing","Body Slam"],"picked":"SKIP","floor":10.0},{"not_picked":["Armaments","Disarm"],"picked":"Flame Barrier","floor":11.0},{"not_picked":["Warcry","Armaments","Cleave"],"picked":"SKIP","floor":12.0},{"not_picked":["Carnage","Cleave","Evolve"],"picked":"SKIP","floor":14.0},{"not_picked":["Dark Embrace","Immolate"],"picked":"Offering","floor":16.0},{"not_picked":["Havoc+1","Flex"],"picked":"Rampage","floor":18.0},{"not_picked":["Pommel Strike","Havoc"],"picked":"Flame Barrier","floor":20.0},{"not_picked":["Spot Weakness+1","Infernal Blade","Pummel"],"picked":"SKIP","floor":21.0},{"not_picked":["Headbutt","Corruption","Havoc"],"picked":"SKIP","floor":24.0},{"not_picked":["Inflame+1","Rampage","Pommel Strike"],"picked":"SKIP","floor":25.0},{"not_picked":["Shockwave","Reckless Charge+1","Wild Strike"],"picked":"SKIP","floor":30.0},{"not_picked":["Double Tap","Exhume"],"picked":"Barricade","floor":33.0},{"not_picked":["Perfected Strike+1"],"picked":"SKIP","floor":35.0},{"not_picked":["Twin Strike"],"picked":"SKIP","floor":36.0},{"not_picked":["Pommel Strike"],"picked":"SKIP","floor":38.0},{"not_picked":["Pummel"],"picked":"SKIP","floor":39.0},{"not_picked":["Clothesline+1"],"picked":"SKIP","floor":41},{"not_picked":["Ghostly Armor+1"],"picked":"SKIP","floor":42},{"not_picked":["Combust"],"picked":"SKIP","floor":44},{"not_picked":["Entrench"],"picked":"SKIP","floor":47},{"not_picked":[],"picked":"Entrench","floor":47}],"player_experience":958689,"relics_obtained":[{"floor":9.0,"key":"Sundial"},{"floor":20.0,"key":"Torii"},{"floor":20.0,"key":"Bottled Flame"},{"floor":26.0,"key":"Turnip"},{"floor":43,"key":"Bag of Marbles"}],"event_choices":[{"damage_healed":0.0,"max_hp_gain":5.0,"max_hp_loss":0.0,"gold_gain":0.0,"event_name":"Big Fish","player_choice":"Donut","floor":2.0,"gold_loss":0.0,"damage_taken":0.0},{"damage_healed":0.0,"max_hp_gain":0.0,"max_hp_loss":0.0,"gold_gain":75.0,"event_name":"World of Goop","player_choice":"Gather Gold","floor":3.0,"gold_loss":0.0,"damage_taken":11.0},{"damage_healed":0.0,"max_hp_gain":0.0,"max_hp_loss":0.0,"gold_gain":0.0,"event_name":"Shining Light","player_choice":"Entered Light","floor":4.0,"gold_loss":0.0,"damage_taken":19.0,"cards_upgraded":["Strike_R","Strike_R"]},{"damage_healed":0.0,"max_hp_gain":0.0,"max_hp_loss":0.0,"gold_gain":0.0,"event_name":"Colosseum","player_choice":"Fight","floor":20.0,"gold_loss":0.0,"damage_taken":0.0},{"damage_healed":0.0,"max_hp_gain":0.0,"max_hp_loss":0.0,"gold_gain":0.0,"event_name":"Colosseum","player_choice":"Fought Nobs","floor":20.0,"gold_loss":0.0,"damage_taken":0.0},{"damage_healed":0.0,"max_hp_gain":0.0,"max_hp_loss":0.0,"gold_gain":0.0,"event_name":"The Mausoleum","player_choice":"Ignored","floor":22.0,"gold_loss":0.0,"damage_taken":0.0},{"cards_removed":["Defend_R"],"damage_healed":0.0,"max_hp_gain":0.0,"max_hp_loss":0.0,"gold_gain":0.0,"event_name":"Beggar","player_choice":"Gave Gold","floor":28.0,"gold_loss":75.0,"damage_taken":0.0},{"damage_healed":0.0,"max_hp_gain":0.0,"max_hp_loss":0.0,"gold_gain":0.0,"event_name":"Vampires","player_choice":"Ignored","floor":29.0,"gold_loss":0.0,"damage_taken":0.0},{"damage_healed":0,"gold_gain":0,"player_choice":"Ignored","damage_taken":0,"max_hp_gain":0,"max_hp_loss":0,"event_name":"Tomb of Lord Red Mask","floor":45,"gold_loss":0},{"damage_healed":0,"gold_gain":100,"player_choice":"Pray","damage_taken":0,"max_hp_gain":0,"max_hp_loss":0,"event_name":"Golden Shrine","floor":46,"gold_loss":0}],"is_beta":false,"boss_relics":[{"not_picked":["Orrery","Tiny House"],"picked":"Lizard Tail"},{"not_picked":["Calling Bell","Fusion Hammer"],"picked":"Busted Crown"}],"items_purged_floors":[5,7,19,31,37],"is_endless":false,"potions_floor_spawned":[8,10,12,18,20,24,30,35,38,39],"ascension_level":0}