{"gold_per_floor":[109,109,124,137,137,167,178,178,178,212,233,81,81,81,81,164,164,188,215,243,266,266,266,304,327,373,373,398,423,446,778,778,850,850,874,884,884,471,478,478,489,507,507,540,540,562,562,572,572,572,572],"floor_reached":51,"playtime":2439,"items_purged":["Strike_R","Cleave"],"score":1412,"play_id":"5328d4f7-2367-4d05-aa38-49d47e2f5be5","local_time":"20190918185509","is_ascension_mode":true,"campfire_choices":[{"floor":8.0,"key":"REST"},{"data":"Perfected Strike","floor":13.0,"key":"SMITH"},{"floor":15.0,"key":"REST"},{"data":"Perfected Strike","floor":23.0,"key":"SMITH"},{"data":"Perfected Strike","floor":27.0,"key":"SMITH"},{"data":"Shockwave","floor":32.0,"key":"SMITH"},{"data":"Uppercut","floor":40,"key":"SMITH"},{"floor":45,"key":"REST"},{"data":"Double Tap","floor":47,"key":"SMITH"},{"data":"Bash","floor":49,"key":"SMITH"}],"neow_cost":"NONE","seed_source_timestamp":183740207603600,"circlet_count":0,"master_deck":["AscendersBane","Strike_R","Strike_R","Defend_R","Defend_R","Defend_R","Defend_R","Bash+1","Perfected Strike+1","Twin Strike","Twin Strike","Pommel Strike","Perfected Strike+1","Feed","Pommel Strike","Perfected Strike+1","Disarm","Ghostly Armor","Shockwave+1","Shrug It Off+1","Battle Trance","Ghostly Armor","Iron Wave+1","Uppercut+1","Impervious","Double Tap+1"],"special_seed":0,"relics":["Burning Blood","NeowsBlessing","Oddly Smooth Stone","Paper Frog","Centennial Puzzle","PreservedInsect","CeramicFish","Velvet Choker","Red Mask","FossilizedHelix","Orichalcum","Old Coin","Runic Dome","Omamori","Shuriken","The Courier","Lantern"],"potions_floor_usage":[33,33,44,51,51],"damage_taken":[{"damage":0.0,"enemies":"2 Louse","floor":1.0,"turns":1.0},{"damage":0.0,"enemies":"Cultist","floor":3.0,"turns":1.0},{"damage":0.0,"enemies":"Jaw Worm","floor":4.0,"turns":1.0},{"damage":32.0,"enemies":"Gremlin Nob","floor":6.0,"turns":4.0},{"damage":4.0,"enemies":"Blue Slaver","floor":7.0,"turns":4.0},{"damage":16.0,"enemies":"Lagavulin","floor":10.0,"turns":5.0},{"damage":5.0,"enemies":"Looter","floor":11.0,"turns":2.0},{"damage":35.0,"enemies":"The Guardian","floor":16.0,"turns":10.0},{"damage":22.0,"enemies":"Spheric Guardian","floor":18.0,"turns":5.0},{"damage":5.0,"enemies":"2 Thieves","floor":19.0,"turns":3.0},{"damage":10.0,"enemies":"Masked Bandits","floor":20.0,"turns":3.0},{"damage":18.0,"enemies":"Snake Plant","floor":21.0,"turns":2.0},{"damage":16.0,"enemies":"Slavers","floor":24.0,"turns":3.0},{"damage":6.0,"enemies":"3 Cultists","floor":25.0,"turns":4.0},{"damage":0.0,"enemies":"Snecko","floor":28.0,"turns":2.0},{"damage":4.0,"enemies":"Shelled Parasite and Fungi","floor":29.0,"turns":3.0},{"damage":0.0,"enemies":"Centurion and Healer","floor":30.0,"turns":3.0},{"damage":5.0,"enemies":"Book of Stabbing","floor":31.0,"turns":3.0},{"damage":76,"enemies":"Collector","floor":33,"turns":13},{"damage":10,"enemies":"3 Darklings","floor":35,"turns":3},{"damage":0,"enemies":"Orb Walker","floor":36,"turns":2},{"damage":0,"enemies":"Maw","floor":41,"turns":7},{"damage":23,"enemies":"Spire Growth","floor":42,"turns":5},{"damage":24,"enemies":"Giant Head","floor":44,"turns":7},{"damage":12,"enemies":"3 Darklings","floor":46,"turns":3},{"damage":0,"enemies":"Jaw Worm Horde","floor":48,"turns":3},{"damage":57,"enemies":"Awakened One","floor":50,"turns":11},{"damage":61,"enemies":"Time Eater","floor":51,"turns":8}],"seed_played":"6130400697782259207","potions_obtained":[{"floor":1.0,"key":"SpeedPotion"},{"floor":4.0,"key":"PowerPotion"},{"floor":6.0,"key":"EntropicBrew"},{"floor":10.0,"key":"SpeedPotion"},{"floor":16.0,"key":"DuplicationPotion"},{"floor":19.0,"key":"Poison Potion"},{"floor":25.0,"key":"LiquidBronze"},{"floor":35,"key":"Explosive Potion"},{"floor":42,"key":"Energy Potion"},{"floor":44,"key":"Ancient Potion"},{"floor":48,"key":"Regen Potion"}],"is_trial":false,"path_per_floor":["M","?","M","M","?","E","M","R","T","E","M","$","R","?","R","B",null,"M","M","?","M","?","R","E","M","T","R","M","M","M","E","R","B",null,"M","M","T","$","?","R","M","M","T","E","R","M","R","M","R","B","B"],"character_chosen":"IRONCLAD","items_purchased":["Offering","Shuriken","Uppercut"],"campfire_rested":3,"item_purchase_floors":[12,38,38],"current_hp_per_floor":[74,74,75,75,40,14,16,38,38,28,29,29,29,22,44,15,60,47,48,47,35,91,91,84,87,87,87,93,95,97,100,100,30,83,79,85,85,85,85,85,91,74,74,59,89,86,86,92,92,41,0],"gold":572,"neow_bonus":"THREE_ENEMY_KILL","is_prod":false,"is_daily":false,"chose_seed":false,"campfire_upgraded":7,"win_rate":0,"timestamp":1568858109,"path_taken":["M","?","?","M","?","E","M","R","T","E","M","?","R","?","R","BOSS","M","M","?","M","?","R","E","M","T","R","M","M","M","E","R","BOSS","M","M","?","$","?","R","M","?","T","E","R","M","R","M","R","BOSS","BOSS"],"build_version":"2019-09-18","purchased_purges":2,"victory":false,"max_hp_per_floor":[75,75,75,75,75,75,75,75,75,75,75,75,75,75,75,75,75,78,78,81,81,91,91,94,97,97,97,97,97,97,100,100,100,100,100,100,100,100,100,100,100,100,100,103,103,106,106,106,106,106,106],"card_choices":[{"not_picked":["Dual Wield","Hemokinesis","Infernal Blade"],"picked":"SKIP","floor":1.0},{"not_picked":["Headbutt","Wild Strike"],"picked":"Cleave","floor":3.0},{"not_picked":["True Grit","Rage"],"picked":"Perfected Strike","floor":4.0},{"not_picked":["Combust","Clothesline"],"picked":"Twin Strike","floor":6.0},{"not_picked":["Second Wind","Havoc"],"picked":"Twin Strike","floor":7.0},{"not_picked":["Thunderclap","Fire Breathing"],"picked":"Pommel Strike","floor":10.0},{"not_picked":["Pommel Strike","Fire Breathing"],"picked":"Perfected Strike","floor":11.0},{"not_picked":["Exhume","Offering"],"picked":"Feed","floor":16.0},{"not_picked":["Thunderclap","Clash+1"],"picked":"Pommel Strike","floor":18.0},{"not_picked":["Havoc","Sword Boomerang"],"picked":"Perfected Strike","floor":19.0},{"not_picked":["Carnage","Cleave"],"picked":"Disarm","floor":21.0},{"not_picked":["Metallicize","Anger"],"picked":"Ghostly Armor","floor":24.0},{"not_picked":["Twin Strike","Body Slam"],"picked":"Shockwave","floor":25.0},{"not_picked":["Spot Weakness","Twin Strike"],"picked":"Shrug It Off+1","floor":28.0},{"not_picked":["Sword Boomerang+1","Feel No Pain"],"picked":"Battle Trance","floor":29.0},{"not_picked":["Hemokinesis+1","Juggernaut"],"picked":"Ghostly Armor","floor":30.0},{"not_picked":["Heavy Blade","Clash","Reckless Charge+1"],"picked":"SKIP","floor":31.0},{"not_picked":["True Grit","Heavy Blade"],"picked":"Iron Wave+1","floor":35},{"not_picked":["Twin Strike","Pommel Strike","Battle Trance+1"],"picked":"SKIP","floor":36},{"not_picked":["Wild Strike","Clash","Rupture"],"picked":"SKIP","floor":41},{"not_picked":["Havoc","Fiend Fire","Sword Boomerang"],"picked":"SKIP","floor":42},{"not_picked":["Anger","Thunderclap+1","Body Slam+1"],"picked":"SKIP","floor":44},{"not_picked":["Wild Strike","Anger+1"],"picked":"Double Tap","floor":46},{"not_picked":["Clash","Dropkick","Sword Boomerang+1"],"picked":"SKIP","floor":48}],"player_experience":1449459,"relics_obtained":[{"floor":6.0,"key":"Centennial Puzzle"},{"floor":9.0,"key":"PreservedInsect"},{"floor":10.0,"key":"CeramicFish"},{"floor":20.0,"key":"Red Mask"},{"floor":24.0,"key":"FossilizedHelix"},{"floor":26.0,"key":"Orichalcum"},{"floor":31.0,"key":"Old Coin"},{"floor":37,"key":"Omamori"},{"floor":43,"key":"The Courier"},{"floor":44,"key":"Lantern"}],"event_choices":[{"damage_healed":0.0,"max_hp_gain":0.0,"max_hp_loss":0.0,"gold_gain":0.0,"event_name":"WeMeetAgain","player_choice":"Gave Potion","floor":2.0,"gold_loss":0.0,"damage_taken":0.0,"relics_obtained":["Oddly Smooth Stone"]},{"damage_healed":0.0,"max_hp_gain":0.0,"max_hp_loss":0.0,"gold_gain":0.0,"event_name":"Scrap Ooze","player_choice":"Success","floor":5.0,"gold_loss":0.0,"damage_taken":35.0,"relics_obtained":["Paper Frog"]},{"cards_removed":["Strike_R"],"damage_healed":0.0,"max_hp_gain":0.0,"max_hp_loss":0.0,"gold_gain":0.0,"event_name":"Golden Wing","player_choice":"Card Removal","floor":14.0,"gold_loss":0.0,"damage_taken":7.0},{"damage_healed":0.0,"max_hp_gain":0.0,"max_hp_loss":0.0,"gold_gain":0.0,"event_name":"Masked Bandits","player_choice":"Fought Bandits","floor":20.0,"gold_loss":0.0,"damage_taken":0.0},{"cards_removed":["Offering"],"damage_healed":46.0,"max_hp_gain":10.0,"max_hp_loss":0.0,"gold_gain":0.0,"event_name":"Bonfire Elementals","player_choice":"Offered Rare","floor":22.0,"gold_loss":0.0,"damage_taken":0.0},{"damage_healed":0,"gold_gain":0,"cards_transformed":["Strike_R"],"player_choice":"Transformed","damage_taken":0,"max_hp_gain":0,"max_hp_loss":0,"event_name":"Transmorgrifier","floor":39,"gold_loss":0,"cards_obtained":["Impervious"]}],"is_beta":true,"boss_relics":[{"not_picked":["Coffee Dripper","Tiny House"],"picked":"Velvet Choker"},{"not_picked":["SlaversCollar","Pandora\u0027s Box"],"picked":"Runic Dome"}],"items_purged_floors":[12,38],"is_endless":false,"potions_floor_spawned":[1,4,6,10,16,19,25,28,35,42,44,48],"killed_by":"Time Eater","ascension_level":20}