{"gold_per_floor":[113,130,150,168,168,168,194,194,194,220,220,250,269,287,287,390,390,410,410,443,368,383,412,428,428,428,453,453,453,485,504,504,608,608,621,632,632,644,655,689,689,689,714,814,337,363,409,443,443,443,443,443,29,59,59],"floor_reached":56,"playtime":6195,"items_purged":["Strike_B","Strike_B","Zap"],"score":1629,"play_id":"4b3c80ab-e1ed-48e6-9698-cc6d760deda2","local_time":"20190919120721","is_ascension_mode":true,"campfire_choices":[{"data":"Genetic Algorithm","floor":6.0,"key":"SMITH"},{"data":"Hologram","floor":8.0,"key":"SMITH"},{"data":"Hologram","floor":11.0,"key":"SMITH"},{"data":"Beam Cell","floor":15.0,"key":"SMITH"},{"data":"Go for the Eyes","floor":25.0,"key":"SMITH"},{"data":"Gash","floor":28.0,"key":"SMITH"},{"data":"Defend_B","floor":32.0,"key":"SMITH"},{"floor":41.0,"key":"RECALL"},{"data":"FTL","floor":49.0,"key":"SMITH"},{"data":"Defend_B","floor":52.0,"key":"SMITH"}],"neow_cost":"NONE","seed_source_timestamp":0,"circlet_count":0,"master_deck":["Defend_B+1","Defend_B+1","Defend_B+1","Defend_B+1","Dualcast","Gash+1","Genetic Algorithm+1","Hologram+1","Go for the Eyes+1","Gash","Gash","Beam Cell+1","Gash","Gash","Hologram+1","Gash","Steam+1","Gash","Seek+1","Conserve Battery+1","Recycle+1","All For One","FTL+1","Conserve Battery+1"],"special_seed":0,"relics":["Cracked Core","Bag of Preparation","War Paint","Mummified Hand","Toxic Egg 2","Nuclear Battery","Enchiridion","Red Mask","Happy Flower","Singing Bowl","Oddly Smooth Stone","Calipers","Runic Dome","Pear","Bronze Scales","Question Card","Blood Vial","Vajra","Unceasing Top","Cables"],"potions_floor_usage":[55,55,55],"damage_taken":[{"damage":1.0,"enemies":"Cultist","floor":1.0,"turns":3.0},{"damage":0.0,"enemies":"2 Louse","floor":2.0,"turns":2.0},{"damage":10.0,"enemies":"Jaw Worm","floor":3.0,"turns":4.0},{"damage":2.0,"enemies":"3 Louse","floor":4.0,"turns":3.0},{"damage":16.0,"enemies":"Gremlin Nob","floor":7.0,"turns":4.0},{"damage":15.0,"enemies":"Lagavulin","floor":10.0,"turns":7.0},{"damage":2.0,"enemies":"Gremlin Nob","floor":12.0,"turns":5.0},{"damage":3.0,"enemies":"Exordium Wildlife","floor":13.0,"turns":4.0},{"damage":0.0,"enemies":"Blue Slaver","floor":14.0,"turns":3.0},{"damage":14.0,"enemies":"The Guardian","floor":16.0,"turns":9.0},{"damage":13.0,"enemies":"2 Thieves","floor":18.0,"turns":5.0},{"damage":2.0,"enemies":"Masked Bandits","floor":20.0,"turns":4.0},{"damage":0.0,"enemies":"Chosen","floor":22.0,"turns":5.0},{"damage":11.0,"enemies":"Slavers","floor":23.0,"turns":4.0},{"damage":7.0,"enemies":"Snake Plant","floor":24.0,"turns":4.0},{"damage":2.0,"enemies":"Book of Stabbing","floor":27.0,"turns":4.0},{"damage":3.0,"enemies":"Gremlin Leader","floor":30.0,"turns":5.0},{"damage":0.0,"enemies":"Chosen and Byrds","floor":31.0,"turns":3.0},{"damage":0.0,"enemies":"Collector","floor":33.0,"turns":8.0},{"damage":0.0,"enemies":"Orb Walker","floor":35.0,"turns":3.0},{"damage":0.0,"enemies":"3 Darklings","floor":36.0,"turns":6.0},{"damage":0.0,"enemies":"Jaw Worm Horde","floor":38.0,"turns":4.0},{"damage":0.0,"enemies":"Transient","floor":39.0,"turns":5.0},{"damage":0.0,"enemies":"Reptomancer","floor":40.0,"turns":5.0},{"damage":0.0,"enemies":"Mind Bloom Boss Battle","floor":44.0,"turns":5.0},{"damage":0.0,"enemies":"Giant Head","floor":46.0,"turns":5.0},{"damage":0.0,"enemies":"Reptomancer","floor":48.0,"turns":3.0},{"damage":10.0,"enemies":"Donu and Deca","floor":50.0,"turns":8.0},{"damage":0.0,"enemies":"Shield and Spear","floor":54.0,"turns":2.0},{"damage":3,"enemies":"The Heart","floor":55,"turns":5}],"seed_played":"3641933432346585421","potions_obtained":[{"floor":3.0,"key":"Weak Potion"},{"floor":4.0,"key":"EssenceOfSteel"},{"floor":7.0,"key":"FocusPotion"},{"floor":18.0,"key":"PowerPotion"},{"floor":23.0,"key":"Strength Potion"},{"floor":30.0,"key":"PowerPotion"},{"floor":33.0,"key":"LiquidBronze"},{"floor":38.0,"key":"Block Potion"},{"floor":46.0,"key":"Swift Potion"}],"is_trial":false,"path_per_floor":["M","M","M","M","?","R","E","R","T","E","R","E","M","M","R","B",null,"M","?","?","$","M","E","M","R","T","E","R","?","E","M","R","B",null,"M","M","?","M","M","E","R","?","T","?","$","E","T","E","R","B",null,"R","$","E","B",null],"character_chosen":"DEFECT","items_purchased":["All For One","FTL","Bronze Scales","Unceasing Top"],"campfire_rested":0,"item_purchase_floors":[45,45,45,53],"current_hp_per_floor":[81,81,71,69,62,62,46,46,46,31,31,29,26,26,26,12,82,69,53,51,51,51,40,33,33,33,31,31,31,28,28,28,28,82,84,86,82,82,84,96,96,96,96,96,96,96,96,100,100,92,108,108,108,110,107],"gold":59,"neow_bonus":"TEN_PERCENT_HP_BONUS","is_prod":false,"is_daily":false,"chose_seed":false,"campfire_upgraded":9,"win_rate":0,"timestamp":1568909241,"path_taken":["M","M","?","M","?","R","E","R","T","E","R","E","M","M","R","BOSS","M","?","?","?","M","E","M","R","T","E","R","?","E","?","R","BOSS","M","M","?","M","M","E","R","?","T","?","$","E","?","E","R","BOSS","R","$","E","BOSS"],"build_version":"2019-07-17","purchased_purges":3,"victory":true,"max_hp_per_floor":[82,82,82,82,82,82,82,82,82,82,82,82,82,82,82,82,82,82,82,82,82,82,82,82,82,82,82,82,82,82,82,82,82,82,84,86,92,92,94,106,106,106,106,106,106,106,106,108,108,108,108,108,108,110,110],"card_choices":[{"not_picked":["Barrage","Conserve Battery"],"picked":"Gash","floor":1.0},{"not_picked":["Sweeping Beam","Rebound"],"picked":"Genetic Algorithm","floor":2.0},{"not_picked":["Turbo","Sweeping Beam"],"picked":"Hologram","floor":3.0},{"not_picked":["Compile Driver","Streamline"],"picked":"Go for the Eyes","floor":4.0},{"not_picked":["Beam Cell","Buffer"],"picked":"Gash","floor":7.0},{"not_picked":["Compile Driver","Machine Learning"],"picked":"Hologram","floor":10.0},{"not_picked":["Stack","Heatsinks"],"picked":"Gash","floor":12.0},{"not_picked":["Coolheaded+1","Undo+1"],"picked":"Beam Cell","floor":13.0},{"not_picked":["Rebound","Cold Snap","Biased Cognition"],"picked":"SKIP","floor":14.0},{"not_picked":["BootSequence+1","Stack+1"],"picked":"Gash","floor":18.0},{"not_picked":["Rip and Tear","BootSequence+1"],"picked":"Gash","floor":22.0},{"not_picked":["Tempest+1","Sweeping Beam"],"picked":"Hologram+1","floor":23.0},{"not_picked":["Stack+1","Capacitor+1","Heatsinks+1"],"picked":"SKIP","floor":24.0},{"not_picked":["Stack+1","Turbo+1"],"picked":"Gash","floor":27.0},{"not_picked":["Beam Cell","Machine Learning"],"picked":"Steam+1","floor":30.0},{"not_picked":["Lockon","Beam Cell"],"picked":"Gash","floor":31.0},{"not_picked":["Hyperbeam","Machine Learning"],"picked":"Seek+1","floor":33.0},{"not_picked":["Leap+1","Defragment+1","Stack+1"],"picked":"Singing Bowl","floor":35.0},{"not_picked":["Melter","Coolheaded+1","Rebound"],"picked":"Singing Bowl","floor":36.0},{"not_picked":["Blind+1","Impatience+1","Deep Breath+1"],"picked":"Singing Bowl","floor":37.0},{"not_picked":["Metamorphosis+1","Flash of Steel","Blind+1"],"picked":"Singing Bowl","floor":37.0},{"not_picked":["Forethought+1","Flash of Steel","Mind Blast"],"picked":"Singing Bowl","floor":37.0},{"not_picked":["Rebound+1","Redo+1"],"picked":"Conserve Battery+1","floor":38.0},{"not_picked":["Leap+1","Redo+1","Go for the Eyes"],"picked":"Singing Bowl","floor":39.0},{"not_picked":["Storm+1","Beam Cell","Sweeping Beam+1"],"picked":"Singing Bowl","floor":40.0},{"not_picked":["Sweeping Beam+1","Barrage"],"picked":"Recycle+1","floor":44.0},{"not_picked":["BootSequence+1","Reprogram+1"],"picked":"Conserve Battery+1","floor":46.0},{"not_picked":["Conserve Battery+1","Fission+1","Compile Driver","Leap+1"],"picked":"Singing Bowl","floor":48.0},{"not_picked":["Sunder+1","Sweeping Beam","Stack+1","Tempest+1"],"picked":"Singing Bowl","floor":54.0}],"player_experience":238949,"relics_obtained":[{"floor":7.0,"key":"Bag of Preparation"},{"floor":9.0,"key":"War Paint"},{"floor":10.0,"key":"Mummified Hand"},{"floor":12.0,"key":"Toxic Egg 2"},{"floor":19.0,"key":"Enchiridion"},{"floor":20.0,"key":"Red Mask"},{"floor":23.0,"key":"Happy Flower"},{"floor":26.0,"key":"Singing Bowl"},{"floor":27.0,"key":"Oddly Smooth Stone"},{"floor":30.0,"key":"Calipers"},{"floor":40.0,"key":"Pear"},{"floor":46.0,"key":"Question Card"},{"floor":47.0,"key":"Blood Vial"},{"floor":48.0,"key":"Vajra"},{"floor":54.0,"key":"Cables"}],"event_choices":[{"cards_removed":["Strike_B"],"damage_healed":0.0,"max_hp_gain":0.0,"max_hp_loss":0.0,"gold_gain":0.0,"event_name":"Golden Wing","player_choice":"Card Removal","floor":5.0,"gold_loss":0.0,"damage_taken":7.0},{"damage_healed":0.0,"max_hp_gain":0.0,"max_hp_loss":0.0,"gold_gain":0.0,"event_name":"Cursed Tome","player_choice":"Obtained Book","floor":19.0,"gold_loss":0.0,"damage_taken":16.0},{"damage_healed":0.0,"max_hp_gain":0.0,"max_hp_loss":0.0,"gold_gain":0.0,"event_name":"Masked Bandits","player_choice":"Fought Bandits","floor":20.0,"gold_loss":0.0,"damage_taken":0.0},{"cards_removed":["Strike_B"],"damage_healed":0.0,"max_hp_gain":0.0,"max_hp_loss":0.0,"gold_gain":0.0,"event_name":"Back to Basics","player_choice":"Elegance","floor":29.0,"gold_loss":0.0,"damage_taken":0.0},{"damage_healed":0.0,"max_hp_gain":0.0,"max_hp_loss":0.0,"gold_gain":0.0,"event_name":"SensoryStone","player_choice":"Memory 3","floor":37.0,"gold_loss":0.0,"damage_taken":10.0},{"cards_removed":["Hologram"],"damage_healed":0.0,"max_hp_gain":0.0,"max_hp_loss":0.0,"gold_gain":0.0,"event_name":"Falling","player_choice":"Removed Skill","floor":42.0,"gold_loss":0.0,"damage_taken":0.0},{"damage_healed":0.0,"max_hp_gain":0.0,"max_hp_loss":0.0,"gold_gain":0.0,"event_name":"MindBloom","player_choice":"Fight","floor":44.0,"gold_loss":0.0,"damage_taken":0.0}],"is_beta":false,"boss_relics":[{"not_picked":["Busted Crown","Eternal Feather"],"picked":"Nuclear Battery"},{"not_picked":["Tiny House","White Beast Statue"],"picked":"Runic Dome"}],"items_purged_floors":[21,45,53],"is_endless":false,"potions_floor_spawned":[3,4,7,18,23,30,33,38,46,48],"ascension_level":2}