{"gold_per_floor":[109,109,124,12,162,193,193,193,193,209,234,234,234,234],"floor_reached":14,"playtime":457,"items_purged":[],"score":168,"play_id":"8ccd8c1f-2949-40ec-9cd7-33e5843d69f5","local_time":"20190919214118","is_ascension_mode":true,"campfire_choices":[{"floor":7,"key":"RECALL"}],"neow_cost":"NONE","seed_source_timestamp":355692381787200,"circlet_count":0,"master_deck":["AscendersBane","Strike_R","Strike_R","Strike_R","Strike_R","Defend_R","Defend_R","Defend_R","Defend_R","Bash","Blood for Blood","Battle Trance","Combust","Doubt"],"relics":["Burning Blood","Self Forming Clay","Mummified Hand","Smiling Mask","Matryoshka","Golden Idol"],"potions_floor_usage":[11,14],"damage_taken":[{"damage":6,"enemies":"Cultist","floor":1,"turns":4},{"damage":9,"enemies":"2 Louse","floor":3,"turns":3},{"damage":48,"enemies":"Gremlin Nob","floor":6,"turns":5},{"damage":9,"enemies":"Jaw Worm","floor":10,"turns":3},{"damage":18,"enemies":"3 Sentries","floor":11,"turns":7},{"damage":9,"enemies":"3 Louse","floor":14,"turns":1}],"seed_played":"3935124143133485034","potions_obtained":[{"floor":10,"key":"Block Potion"},{"floor":11,"key":"GamblersBrew"}],"is_trial":false,"path_per_floor":["M","T","M","$","?","E","R","?","T","M","E","T","?","M"],"character_chosen":"IRONCLAD","items_purchased":["Battle Trance","Combust"],"campfire_rested":0,"item_purchase_floors":[4,4],"current_hp_per_floor":[75,75,72,72,72,30,30,23,23,20,8,8,8,0],"gold":234,"neow_bonus":"TEN_PERCENT_HP_BONUS","is_prod":false,"is_daily":false,"chose_seed":false,"campfire_upgraded":0,"win_rate":0,"timestamp":1568900478,"path_taken":["M","?","?","$","?","E","R","?","T","M","E","?","?","M"],"build_version":"2019-07-17","purchased_purges":0,"victory":false,"max_hp_per_floor":[82,82,82,82,82,82,82,82,82,82,82,82,74,74],"card_choices":[{"not_picked":["Pommel Strike","Wild Strike"],"picked":"Blood for Blood","floor":1},{"not_picked":["Armaments","Pommel Strike","Heavy Blade"],"picked":"SKIP","floor":3},{"not_picked":["Reckless Charge","Body Slam","Flex"],"picked":"SKIP","floor":6},{"not_picked":["Fire Breathing","True Grit","Rage"],"picked":"SKIP","floor":10},{"not_picked":["Twin Strike","Rage","Bloodletting"],"picked":"SKIP","floor":11}],"player_experience":639343,"relics_obtained":[{"floor":6,"key":"Self Forming Clay"},{"floor":9,"key":"Mummified Hand"},{"floor":11,"key":"Smiling Mask"},{"floor":12,"key":"Matryoshka"}],"event_choices":[{"damage_healed":0,"gold_gain":150,"player_choice":"AGREE","damage_taken":0,"max_hp_gain":0,"max_hp_loss":0,"event_name":"Liars Game","floor":5,"gold_loss":0,"cards_obtained":["Doubt"]},{"cards_removed":["Strike_R"],"damage_healed":0,"gold_gain":0,"player_choice":"Card Removal","damage_taken":7,"max_hp_gain":0,"max_hp_loss":0,"event_name":"Golden Wing","floor":8,"gold_loss":0},{"damage_healed":0,"gold_gain":0,"player_choice":"Lose Max HP","damage_taken":0,"relics_obtained":["Golden Idol"],"max_hp_gain":0,"max_hp_loss":8,"event_name":"Golden Idol","floor":13,"gold_loss":0}],"is_beta":false,"boss_relics":[],"items_purged_floors":[],"is_endless":false,"potions_floor_spawned":[10,11],"killed_by":"3 Louse","ascension_level":15}