{"gold_per_floor":[116,116,127,17,117,135,165,182,182,193,210,210,221,236,236,310,310,325,337,40,40,40,40,60,71,97,19,33,47,57,57,57,134,134,144,160,180,0,49,49,49,49,49,49,60,75,75,75,75,75,75],"floor_reached":51,"playtime":1956,"items_purged":["Strike_R"],"score":1210,"play_id":"bbe4abb1-9710-4169-a4cd-3678751ea34d","local_time":"20190914022509","is_ascension_mode":true,"campfire_choices":[{"data":"Whirlwind","floor":12.0,"key":"SMITH"},{"data":"Bash","floor":15.0,"key":"SMITH"},{"data":"True Grit","floor":23.0,"key":"SMITH"},{"data":"Whirlwind","floor":32.0,"key":"SMITH"},{"floor":40.0,"key":"REST"},{"data":"Double Tap","floor":42.0,"key":"SMITH"},{"data":"Double Tap","floor":44.0,"key":"SMITH"},{"data":"Clothesline","floor":47.0,"key":"SMITH"},{"data":"Shrug It Off","floor":49.0,"key":"SMITH"}],"neow_cost":"NONE","seed_source_timestamp":253671322157577,"circlet_count":0,"master_deck":["AscendersBane","Strike_R","Strike_R","Strike_R","Strike_R","Defend_R+1","Defend_R","Defend_R","Bash+1","Madness","Clothesline+1","Clothesline+1","Whirlwind+1","True Grit+1","Dropkick","Double Tap+1","Shrug It Off+1","Sentinel","Double Tap+1","Shame","Whirlwind+1","Regret"],"special_seed":0,"relics":["Burning Blood","Anchor","Bag of Marbles","Busted Crown","Brimstone","Paper Frog","PreservedInsect","Nilry\u0027s Codex","Cursed Key","Red Mask","Incense Burner","Magic Flower"],"potions_floor_usage":[50,50],"damage_taken":[{"damage":9.0,"enemies":"Small Slimes","floor":1.0,"turns":4.0},{"damage":8.0,"enemies":"2 Louse","floor":3.0,"turns":3.0},{"damage":5.0,"enemies":"Cultist","floor":6.0,"turns":5.0},{"damage":44.0,"enemies":"Gremlin Nob","floor":7.0,"turns":5.0},{"damage":13.0,"enemies":"Large Slime","floor":8.0,"turns":7.0},{"damage":6.0,"enemies":"Exordium Wildlife","floor":10.0,"turns":3.0},{"damage":0.0,"enemies":"Looter","floor":11.0,"turns":3.0},{"damage":0.0,"enemies":"Large Slime","floor":13.0,"turns":3.0},{"damage":6.0,"enemies":"2 Fungi Beasts","floor":14.0,"turns":3.0},{"damage":23.0,"enemies":"The Guardian","floor":16.0,"turns":17.0},{"damage":0.0,"enemies":"2 Thieves","floor":18.0,"turns":1.0},{"damage":8.0,"enemies":"Shell Parasite","floor":19.0,"turns":7.0},{"damage":4.0,"enemies":"Snake Plant","floor":24.0,"turns":2.0},{"damage":0.0,"enemies":"Centurion and Healer","floor":25.0,"turns":1.0},{"damage":0.0,"enemies":"Snecko","floor":28.0,"turns":3.0},{"damage":16.0,"enemies":"3 Cultists","floor":29.0,"turns":3.0},{"damage":8.0,"enemies":"Snake Plant","floor":30.0,"turns":2.0},{"damage":46.0,"enemies":"Champ","floor":33.0,"turns":7.0},{"damage":13.0,"enemies":"3 Darklings","floor":35.0,"turns":4.0},{"damage":33.0,"enemies":"3 Shapes","floor":36.0,"turns":2.0},{"damage":5.0,"enemies":"Jaw Worm Horde","floor":37.0,"turns":3.0},{"damage":0.0,"enemies":"2 Orb Walkers","floor":39.0,"turns":1.0},{"damage":12.0,"enemies":"Writhing Mass","floor":45.0,"turns":3.0},{"damage":2.0,"enemies":"Maw","floor":46.0,"turns":4.0},{"damage":83,"enemies":"Awakened One","floor":50,"turns":8},{"damage":18,"enemies":"Donu and Deca","floor":51,"turns":1}],"seed_played":"-8354095067470157615","potions_obtained":[{"floor":6.0,"key":"BloodPotion"},{"floor":7.0,"key":"SpeedPotion"},{"floor":10.0,"key":"LiquidBronze"},{"floor":13.0,"key":"Fire Potion"},{"floor":19.0,"key":"BloodPotion"},{"floor":24.0,"key":"AttackPotion"},{"floor":36.0,"key":"Dexterity Potion"},{"floor":46.0,"key":"BloodPotion"}],"is_trial":false,"path_per_floor":["M","?","M","$","?","M","E","M","T","M","M","R","M","M","R","B",null,"M","M","$","?","?","R","M","M","T","$","M","M","M","?","R","B",null,"M","M","M","?","?","R","?","R","T","R","M","M","R","?","R","B","B"],"character_chosen":"IRONCLAD","items_purchased":["Whirlwind","True Grit","Brimstone","Whirlwind"],"campfire_rested":1,"item_purchase_floors":[4,4,20,27],"current_hp_per_floor":[65,42,40,40,40,41,21,14,14,14,20,20,26,26,26,9,59,65,63,63,63,63,63,65,71,71,71,75,65,63,42,42,20,61,54,27,28,28,34,56,56,56,56,56,53,60,60,60,60,13,0],"gold":75,"neow_bonus":"RANDOM_COLORLESS","is_prod":false,"is_daily":false,"chose_seed":false,"campfire_upgraded":8,"win_rate":0,"timestamp":1568453109,"path_taken":["M","?","M","$","?","M","E","M","T","M","M","R","?","M","R","BOSS","M","M","$","?","?","R","M","M","T","$","M","M","M","?","R","BOSS","M","M","M","?","?","R","?","R","T","R","M","M","R","?","R","BOSS","BOSS"],"build_version":"2019-07-17","purchased_purges":1,"victory":false,"max_hp_per_floor":[75,75,75,75,75,75,75,75,75,75,75,75,75,75,75,75,75,75,75,75,75,75,75,75,75,75,75,75,75,75,75,75,75,75,75,75,75,75,75,75,75,75,75,75,75,75,75,75,75,75,75],"card_choices":[{"not_picked":["Anger","Warcry"],"picked":"Clothesline","floor":1.0},{"not_picked":["Blood for Blood","Combust"],"picked":"Clothesline","floor":3.0},{"not_picked":["Havoc","Pommel Strike"],"picked":"Dropkick","floor":6.0},{"not_picked":["Pommel Strike","Sword Boomerang"],"picked":"Double Tap","floor":7.0},{"not_picked":["Warcry","True Grit"],"picked":"Shrug It Off","floor":8.0},{"not_picked":["Havoc","Armaments","Warcry"],"picked":"SKIP","floor":10.0},{"not_picked":["Sword Boomerang","Warcry","Barricade"],"picked":"SKIP","floor":11.0},{"not_picked":["Cleave","Sword Boomerang"],"picked":"Sentinel","floor":13.0},{"not_picked":["Clash","Flex","Iron Wave"],"picked":"SKIP","floor":14.0},{"not_picked":["Dark Embrace","Berserk"],"picked":"Double Tap","floor":16.0},{"not_picked":["Iron Wave"],"picked":"SKIP","floor":18.0},{"not_picked":["Heavy Blade"],"picked":"SKIP","floor":19.0},{"not_picked":["Rage+1"],"picked":"SKIP","floor":24.0},{"not_picked":["Power Through"],"picked":"SKIP","floor":25.0},{"not_picked":["Clothesline"],"picked":"SKIP","floor":28.0},{"not_picked":["Hemokinesis"],"picked":"SKIP","floor":29.0},{"not_picked":["Flex"],"picked":"SKIP","floor":30.0},{"not_picked":["Headbutt"],"picked":"SKIP","floor":35.0},{"not_picked":["Body Slam"],"picked":"SKIP","floor":36.0},{"not_picked":["Armaments"],"picked":"SKIP","floor":37.0},{"not_picked":["Warcry"],"picked":"SKIP","floor":45.0},{"not_picked":["Havoc"],"picked":"SKIP","floor":46.0}],"player_experience":1133234,"relics_obtained":[{"floor":7.0,"key":"Anchor"},{"floor":9.0,"key":"Bag of Marbles"},{"floor":26.0,"key":"PreservedInsect"},{"floor":31.0,"key":"Nilry\u0027s Codex"},{"floor":39.0,"key":"Incense Burner"},{"floor":43.0,"key":"Magic Flower"}],"event_choices":[{"damage_healed":0.0,"max_hp_gain":0.0,"max_hp_loss":0.0,"gold_gain":0.0,"event_name":"Shining Light","player_choice":"Entered Light","floor":2.0,"gold_loss":0.0,"damage_taken":23.0,"cards_upgraded":["Defend_R","Clothesline"]},{"damage_healed":0.0,"max_hp_gain":0.0,"max_hp_loss":0.0,"gold_gain":100.0,"event_name":"Wheel of Change","player_choice":"Gold","floor":5.0,"gold_loss":0.0,"damage_taken":0.0},{"damage_healed":0.0,"max_hp_gain":0.0,"max_hp_loss":0.0,"gold_gain":0.0,"event_name":"Ghosts","player_choice":"Ignored","floor":21.0,"gold_loss":0.0,"damage_taken":0.0},{"damage_healed":0.0,"max_hp_gain":0.0,"max_hp_loss":0.0,"gold_gain":0.0,"event_name":"Addict","player_choice":"Stole Relic","floor":22.0,"gold_loss":0.0,"damage_taken":0.0,"relics_obtained":["Paper Frog"],"cards_obtained":["Shame"]},{"damage_healed":0.0,"max_hp_gain":0.0,"max_hp_loss":0.0,"gold_gain":0.0,"event_name":"Cursed Tome","player_choice":"Obtained Book","floor":31.0,"gold_loss":0.0,"damage_taken":21.0},{"damage_healed":0.0,"max_hp_gain":0.0,"max_hp_loss":0.0,"gold_gain":0.0,"event_name":"Tomb of Lord Red Mask","player_choice":"Paid","floor":38.0,"gold_loss":180.0,"damage_taken":0.0,"relics_obtained":["Red Mask"]},{"damage_healed":0.0,"max_hp_gain":0.0,"max_hp_loss":0.0,"gold_gain":0.0,"event_name":"Mysterious Sphere","player_choice":"Fight","floor":39.0,"gold_loss":0.0,"damage_taken":0.0},{"cards_removed":["Defend_R"],"damage_healed":0.0,"max_hp_gain":0.0,"max_hp_loss":0.0,"gold_gain":0.0,"event_name":"Falling","player_choice":"Removed Skill","floor":41.0,"gold_loss":0.0,"damage_taken":0.0},{"damage_healed":0.0,"max_hp_gain":0.0,"max_hp_loss":0.0,"gold_gain":0.0,"event_name":"SecretPortal","player_choice":"Ignored","floor":48.0,"gold_loss":0.0,"damage_taken":0.0}],"is_beta":false,"boss_relics":[{"not_picked":["Runic Dome","Pandora\u0027s Box"],"picked":"Busted Crown"},{"not_picked":["Snecko Eye","Eternal Feather"],"picked":"Cursed Key"}],"items_purged_floors":[20],"is_endless":false,"potions_floor_spawned":[6,7,10,13,14,19,24,30,36,37,46],"killed_by":"Donu and Deca","ascension_level":20}