{"gold_per_floor":[115,190,206,186,203,203,235,246,246,246,39,39,57,75,75,149,149,167,187,187,198,159,159,159,209,209,222,240,240,240,259,259,331,331,351,351,366,381,42,42,42],"floor_reached":41,"playtime":1526,"items_purged":["Strike_R"],"score":795,"play_id":"a7ba9629-2f15-44b8-9ff4-74bf913aa437","local_time":"20190410004109","is_ascension_mode":true,"campfire_choices":[{"data":"Bash","floor":6.0,"key":"SMITH"},{"data":"Flame Barrier","floor":10.0,"key":"SMITH"},{"data":"Inflame","floor":15.0,"key":"SMITH"},{"data":"Inflame","floor":23.0,"key":"SMITH"},{"data":"Bite","floor":32.0,"key":"SMITH"},{"data":"1","floor":40.0,"key":"LIFT"}],"neow_cost":"NONE","seed_source_timestamp":59200604181982,"circlet_count":0,"master_deck":["AscendersBane","Defend_R","Defend_R","Defend_R","Defend_R","Bash+1","Dropkick","Battle Trance","Flame Barrier+1","Shrug It Off","Inflame+1","Headbutt","Offering","True Grit+1","Pommel Strike+1","Rampage+1","Inflame+1","Bite+1","Bite","Bite","Bite","Bite","Impervious","Shockwave+1","Decay","J.A.X.","Exhume","Intimidate+1","Clothesline+1","Pummel","Uppercut"],"special_seed":0,"relics":["Burning Blood","NeowsBlessing","Red Skull","Question Card","Coffee Dripper","Unceasing Top","Eternal Feather","Girya","Meat on the Bone"],"potions_floor_usage":[41],"damage_taken":[{"damage":0.0,"enemies":"Small Slimes","floor":1.0,"turns":1.0},{"damage":0.0,"enemies":"2 Louse","floor":3.0,"turns":1.0},{"damage":0.0,"enemies":"Cultist","floor":5.0,"turns":1.0},{"damage":27.0,"enemies":"Gremlin Nob","floor":7.0,"turns":4.0},{"damage":25.0,"enemies":"Exordium Thugs","floor":8.0,"turns":5.0},{"damage":3.0,"enemies":"Blue Slaver","floor":13.0,"turns":4.0},{"damage":0.0,"enemies":"2 Fungi Beasts","floor":14.0,"turns":3.0},{"damage":24.0,"enemies":"Slime Boss","floor":16.0,"turns":7.0},{"damage":11.0,"enemies":"Shell Parasite","floor":18.0,"turns":4.0},{"damage":3.0,"enemies":"3 Byrds","floor":19.0,"turns":3.0},{"damage":13.0,"enemies":"Colosseum Slavers","floor":20.0,"turns":5.0},{"damage":41.0,"enemies":"Shelled Parasite and Fungi","floor":21.0,"turns":5.0},{"damage":25.0,"enemies":"Sentry and Sphere","floor":27.0,"turns":4.0},{"damage":15.0,"enemies":"Snake Plant","floor":28.0,"turns":5.0},{"damage":8.0,"enemies":"Centurion and Healer","floor":31.0,"turns":5.0},{"damage":25.0,"enemies":"Champ","floor":33.0,"turns":8.0},{"damage":43.0,"enemies":"3 Darklings","floor":35.0,"turns":7.0},{"damage":23.0,"enemies":"Orb Walker","floor":37.0,"turns":4.0},{"damage":23.0,"enemies":"3 Darklings","floor":38.0,"turns":5.0},{"damage":50,"enemies":"Nemesis","floor":41,"turns":6}],"seed_played":"3798401722359850387","potions_obtained":[{"floor":4.0,"key":"SkillPotion"},{"floor":5.0,"key":"Energy Potion"},{"floor":7.0,"key":"Energy Potion"},{"floor":14.0,"key":"Fire Potion"},{"floor":18.0,"key":"SpeedPotion"},{"floor":28.0,"key":"Fruit Juice"},{"floor":31.0,"key":"FearPotion"},{"floor":38.0,"key":"PowerPotion"}],"is_trial":false,"path_per_floor":["M","?","M","?","M","R","E","M","T","R","$","?","M","M","R","B",null,"M","M","?","M","$","R","?","?","T","M","M","?","?","M","R","B",null,"M","?","M","M","$","R","E"],"character_chosen":"IRONCLAD","items_purchased":["Shrug It Off","Inflame","Inflame","Meat on the Bone","Uppercut"],"campfire_rested":0,"item_purchase_floors":[11,11,22,39,39],"current_hp_per_floor":[74,63,69,69,75,75,54,35,35,35,35,35,38,44,44,26,63,58,61,54,19,19,19,19,19,19,14,22,22,22,34,34,39,53,28,28,19,13,13,31,0],"gold":42,"neow_bonus":"THREE_ENEMY_KILL","is_prod":false,"is_daily":false,"chose_seed":false,"campfire_upgraded":5,"win_rate":0,"timestamp":1554882069,"path_taken":["M","?","M","?","?","R","E","M","T","R","$","?","M","M","R","BOSS","M","M","?","M","$","R","?","?","T","M","M","?","?","M","R","BOSS","M","?","M","?","$","R","E"],"build_version":"2019-01-23","purchased_purges":1,"victory":false,"max_hp_per_floor":[75,75,75,75,75,75,75,75,75,75,75,75,75,75,75,75,75,75,75,75,75,75,75,52,52,52,52,57,57,57,57,57,57,57,57,57,57,57,57,57,57],"card_choices":[{"not_picked":["Heavy Blade","Burning Pact","Body Slam"],"picked":"SKIP","floor":1.0},{"not_picked":["Bloodletting","Thunderclap"],"picked":"Dropkick","floor":3.0},{"not_picked":["Pummel","Anger","Thunderclap"],"picked":"SKIP","floor":5.0},{"not_picked":["Brutality","Headbutt"],"picked":"Battle Trance","floor":7.0},{"not_picked":["Sentinel","True Grit"],"picked":"Flame Barrier","floor":8.0},{"not_picked":["Combust","Wild Strike","Ghostly Armor","Sword Boomerang"],"picked":"SKIP","floor":13.0},{"not_picked":["Twin Strike","Flex","Clash"],"picked":"Headbutt","floor":14.0},{"not_picked":["Juggernaut","Fiend Fire","Barricade"],"picked":"Offering","floor":16.0},{"not_picked":["Warcry","Iron Wave","Blood for Blood"],"picked":"True Grit+1","floor":18.0},{"not_picked":["Heavy Blade","Headbutt","Entrench"],"picked":"Pommel Strike+1","floor":19.0},{"not_picked":["Warcry","Clash","Heavy Blade"],"picked":"Rampage+1","floor":21.0},{"not_picked":["Rampage","Spot Weakness","Sever Soul"],"picked":"Impervious","floor":27.0},{"not_picked":["Sever Soul","Intimidate","Armaments+1"],"picked":"Shockwave+1","floor":28.0},{"not_picked":["Sever Soul","Pommel Strike","Carnage","Havoc"],"picked":"SKIP","floor":31.0},{"not_picked":["Bludgeon","Berserk","Double Tap"],"picked":"Exhume","floor":33.0},{"not_picked":["Evolve+1","True Grit","Warcry+1"],"picked":"Intimidate+1","floor":35.0},{"not_picked":["Evolve","Warcry","Sword Boomerang+1"],"picked":"Clothesline+1","floor":37.0},{"not_picked":["Warcry+1","Combust+1","Armaments"],"picked":"Pummel","floor":38.0}],"player_experience":1003398,"relics_obtained":[{"floor":7.0,"key":"Red Skull"},{"floor":9.0,"key":"Question Card"},{"floor":26.0,"key":"Unceasing Top"},{"floor":36.0,"key":"Girya"}],"event_choices":[{"damage_healed":0.0,"max_hp_gain":0.0,"max_hp_loss":0.0,"gold_gain":75.0,"event_name":"World of Goop","player_choice":"Gather Gold","floor":2.0,"gold_loss":0.0,"damage_taken":11.0},{"damage_healed":0.0,"max_hp_gain":0.0,"max_hp_loss":0.0,"gold_gain":0.0,"event_name":"The Woman in Blue","player_choice":"Bought 1 Potion","floor":4.0,"gold_loss":0.0,"damage_taken":0.0},{"damage_healed":0.0,"max_hp_gain":0.0,"max_hp_loss":0.0,"gold_gain":0.0,"event_name":"Liars Game","player_choice":"Ignored","floor":12.0,"gold_loss":0.0,"damage_taken":0.0},{"damage_healed":0.0,"max_hp_gain":0.0,"max_hp_loss":0.0,"gold_gain":0.0,"event_name":"Colosseum","player_choice":"Fight","floor":20.0,"gold_loss":0.0,"damage_taken":0.0},{"damage_healed":0.0,"max_hp_gain":0.0,"max_hp_loss":0.0,"gold_gain":0.0,"event_name":"Colosseum","player_choice":"Fled From Nobs","floor":20.0,"gold_loss":0.0,"damage_taken":0.0},{"damage_healed":0.0,"max_hp_gain":0.0,"max_hp_loss":23.0,"gold_gain":0.0,"event_name":"Vampires","player_choice":"Became a vampire","floor":24.0,"gold_loss":0.0,"damage_taken":0.0,"cards_obtained":["Bite","Bite","Bite","Bite","Bite"]},{"damage_healed":0.0,"max_hp_gain":0.0,"max_hp_loss":0.0,"gold_gain":50.0,"event_name":"Nest","player_choice":"Stole From Cult","floor":25.0,"gold_loss":0.0,"damage_taken":0.0},{"damage_healed":0.0,"max_hp_gain":0.0,"max_hp_loss":0.0,"gold_gain":0.0,"event_name":"Forgotten Altar","player_choice":"Smashed Altar","floor":29.0,"gold_loss":0.0,"damage_taken":0.0,"cards_obtained":["Decay"]},{"damage_healed":0.0,"max_hp_gain":0.0,"max_hp_loss":0.0,"gold_gain":0.0,"event_name":"Drug Dealer","player_choice":"Obtain J.A.X.","floor":30.0,"gold_loss":0.0,"damage_taken":0.0,"cards_obtained":["J.A.X."]},{"damage_healed":0.0,"max_hp_gain":0.0,"max_hp_loss":0.0,"gold_gain":0.0,"event_name":"Wheel of Change","player_choice":"Relic","floor":36.0,"gold_loss":0.0,"damage_taken":0.0}],"is_beta":false,"boss_relics":[{"not_picked":["Lizard Tail","Black Star"],"picked":"Coffee Dripper"},{"not_picked":["Cursed Key","Philosopher\u0027s Stone"],"picked":"Eternal Feather"}],"items_purged_floors":[11],"is_endless":false,"potions_floor_spawned":[5,7,14,18,20,28,31,38],"killed_by":"Nemesis","ascension_level":19}