{"gold_per_floor":[111,122,122,132,132,132,163,163,163,194,194,15,15,15,15,88,88,105,105,125,50,60,60,60,60,83,112,112,112,123,153,153,153],"floor_reached":33,"playtime":945,"items_purged":["Strike_R"],"score":563,"play_id":"ead582af-e93f-4958-84b6-22791e144277","local_time":"20190916003222","is_ascension_mode":true,"campfire_choices":[{"data":"Sword Boomerang","floor":6.0,"key":"SMITH"},{"data":"Flame Barrier","floor":11.0,"key":"SMITH"},{"data":"Spot Weakness","floor":13.0,"key":"SMITH"},{"data":"Limit Break","floor":15.0,"key":"SMITH"},{"data":"Reaper","floor":23.0,"key":"SMITH"},{"data":"Bash","floor":25.0,"key":"SMITH"},{"data":"Seeing Red","floor":28.0,"key":"SMITH"},{"data":"Pummel","floor":32.0,"key":"SMITH"}],"neow_cost":"NONE","seed_source_timestamp":421251093164723,"circlet_count":0,"master_deck":["AscendersBane","Strike_R","Strike_R","Strike_R","Strike_R","Defend_R","Defend_R","Defend_R","Defend_R","Bash+1","Twin Strike","Spot Weakness+1","Seeing Red+1","Sword Boomerang+1","Flame Barrier+1","Limit Break+1","Reaper+1","Shrug It Off","Pummel+1"],"special_seed":0,"relics":["Burning Blood","Sundial","Oddly Smooth Stone","Letter Opener","Singing Bowl","Orichalcum","Coffee Dripper","Incense Burner","Strawberry","Bottled Flame","Red Mask"],"potions_floor_usage":[],"damage_taken":[{"damage":1.0,"enemies":"Cultist","floor":1.0,"turns":3.0},{"damage":7.0,"enemies":"2 Louse","floor":2.0,"turns":2.0},{"damage":4.0,"enemies":"Small Slimes","floor":4.0,"turns":4.0},{"damage":24.0,"enemies":"Lagavulin","floor":7.0,"turns":4.0},{"damage":15.0,"enemies":"3 Sentries","floor":10.0,"turns":5.0},{"damage":32.0,"enemies":"Hexaghost","floor":16.0,"turns":8.0},{"damage":19.0,"enemies":"Chosen","floor":18.0,"turns":5.0},{"damage":11.0,"enemies":"Spheric Guardian","floor":20.0,"turns":4.0},{"damage":24.0,"enemies":"Centurion and Healer","floor":22.0,"turns":7.0},{"damage":47.0,"enemies":"Book of Stabbing","floor":27.0,"turns":5.0},{"damage":21.0,"enemies":"Shelled Parasite and Fungi","floor":30.0,"turns":3.0},{"damage":30.0,"enemies":"Masked Bandits","floor":31.0,"turns":4.0},{"damage":65,"enemies":"Automaton","floor":33,"turns":6}],"seed_played":"-5875584852122615675","potions_obtained":[{"floor":2.0,"key":"Strength Potion"},{"floor":4.0,"key":"PowerPotion"},{"floor":16.0,"key":"Energy Potion"},{"floor":18.0,"key":"Fire Potion"},{"floor":22.0,"key":"SmokeBomb"},{"floor":27.0,"key":"Regen Potion"}],"is_trial":false,"path_per_floor":["M","M","T","M","?","R","E","?","T","E","R","$","R","$","R","B",null,"M","?","M","$","M","R","?","R","T","E","R","?","M","?","R","B"],"character_chosen":"IRONCLAD","items_purchased":["Limit Break"],"campfire_rested":0,"item_purchase_floors":[12],"current_hp_per_floor":[73,72,72,74,79,79,61,56,56,49,49,49,49,49,49,23,67,59,59,62,62,56,56,56,56,63,37,37,37,53,37,37,0],"gold":153,"neow_bonus":"THREE_CARDS","is_prod":false,"is_daily":false,"chose_seed":false,"campfire_upgraded":8,"win_rate":0,"timestamp":1568619142,"path_taken":["M","M","?","M","?","R","E","?","T","E","R","$","R","$","R","BOSS","M","?","M","?","M","R","?","R","T","E","R","?","M","?","R","BOSS"],"build_version":"2019-07-17","purchased_purges":1,"victory":false,"max_hp_per_floor":[75,75,75,75,80,80,80,80,80,82,82,82,82,82,82,82,82,84,84,84,84,86,86,86,86,93,95,95,95,95,97,97,97],"card_choices":[{"not_picked":["Perfected Strike","Havoc"],"picked":"Twin Strike","floor":0.0},{"not_picked":["Heavy Blade","Sentinel"],"picked":"Spot Weakness","floor":1.0},{"not_picked":["Havoc","Headbutt"],"picked":"Seeing Red","floor":2.0},{"not_picked":["Havoc","Entrench"],"picked":"Sword Boomerang","floor":4.0},{"not_picked":["Pommel Strike","Reckless Charge"],"picked":"Flame Barrier","floor":7.0},{"not_picked":["Seeing Red","Heavy Blade","Bloodletting"],"picked":"Singing Bowl","floor":10.0},{"not_picked":["Juggernaut","Feed"],"picked":"Reaper","floor":16.0},{"not_picked":["Second Wind","Thunderclap","Clash"],"picked":"Singing Bowl","floor":18.0},{"not_picked":["Clothesline","Armaments"],"picked":"Shrug It Off","floor":20.0},{"not_picked":["Anger+1","Armaments","Wild Strike"],"picked":"Singing Bowl","floor":22.0},{"not_picked":["Cleave","Twin Strike","Entrench"],"picked":"Singing Bowl","floor":27.0},{"not_picked":["Sword Boomerang","Entrench+1"],"picked":"Pummel","floor":30.0},{"not_picked":["Corruption","Sword Boomerang","Twin Strike"],"picked":"Singing Bowl","floor":31.0}],"player_experience":1148445,"relics_obtained":[{"floor":3.0,"key":"Sundial"},{"floor":7.0,"key":"Oddly Smooth Stone"},{"floor":9.0,"key":"Singing Bowl"},{"floor":10.0,"key":"Orichalcum"},{"floor":26.0,"key":"Strawberry"},{"floor":27.0,"key":"Bottled Flame"},{"floor":31.0,"key":"Red Mask"}],"event_choices":[{"damage_healed":0.0,"max_hp_gain":5.0,"max_hp_loss":0.0,"gold_gain":0.0,"event_name":"Big Fish","player_choice":"Donut","floor":5.0,"gold_loss":0.0,"damage_taken":0.0},{"damage_healed":0.0,"max_hp_gain":0.0,"max_hp_loss":0.0,"gold_gain":0.0,"event_name":"Scrap Ooze","player_choice":"Success","floor":8.0,"gold_loss":0.0,"damage_taken":5.0,"relics_obtained":["Letter Opener"]},{"damage_healed":0.0,"max_hp_gain":0.0,"max_hp_loss":0.0,"gold_gain":0.0,"event_name":"WeMeetAgain","player_choice":"Gave Potion","floor":19.0,"gold_loss":0.0,"damage_taken":0.0,"relics_obtained":["Incense Burner"]},{"damage_healed":0.0,"max_hp_gain":0.0,"max_hp_loss":0.0,"gold_gain":0.0,"event_name":"The Mausoleum","player_choice":"Ignored","floor":24.0,"gold_loss":0.0,"damage_taken":0.0},{"damage_healed":0.0,"max_hp_gain":0.0,"max_hp_loss":0.0,"gold_gain":0.0,"event_name":"Ghosts","player_choice":"Ignored","floor":29.0,"gold_loss":0.0,"damage_taken":0.0},{"damage_healed":0.0,"max_hp_gain":0.0,"max_hp_loss":0.0,"gold_gain":0.0,"event_name":"Masked Bandits","player_choice":"Fought Bandits","floor":31.0,"gold_loss":0.0,"damage_taken":0.0}],"is_beta":false,"boss_relics":[{"not_picked":["Tiny House","Snecko Eye"],"picked":"Coffee Dripper"}],"items_purged_floors":[21],"is_endless":false,"potions_floor_spawned":[2,4,16,18,22,27],"killed_by":"Automaton","ascension_level":20}