{"gold_per_floor":[14,27,27,47,47,74,74,39,39,39,39,39,53,63,63,135,135,152,152,77,77,77,77,89,101,101,101,119,119,147,197,197,268,268,279,290,20,20,20,20,37,37,61,61,77,89,100,117,117,117],"floor_reached":51,"playtime":2154,"items_purged":["Strike_R"],"score":1278,"play_id":"ad0643aa-495f-4e77-9014-b942c26f2bab","local_time":"20190411020926","is_ascension_mode":true,"campfire_choices":[{"floor":7.0,"key":"REST"},{"data":"Inflame","floor":10.0,"key":"SMITH"},{"data":"Battle Trance","floor":15.0,"key":"SMITH"},{"data":"Rampage","floor":23.0,"key":"SMITH"},{"floor":32.0,"key":"REST"},{"floor":40.0,"key":"REST"},{"data":"Demon Form","floor":49.0,"key":"SMITH"}],"neow_cost":"NO_GOLD","seed_source_timestamp":150143535168945,"circlet_count":0,"master_deck":["AscendersBane","Strike_R+1","Strike_R+1","Strike_R+1","Defend_R+1","Defend_R+1","Defend_R+1","Defend_R+1","Bash+1","Offering","Inflame+1","Battle Trance+1","Headbutt","Shrug It Off","Shrug It Off","Demon Form+1","Rampage+1","Pommel Strike","Dramatic Entrance","Disarm"],"special_seed":0,"relics":["Burning Blood","Self Forming Clay","Ornamental Fan","Sundial","Busted Crown","Letter Opener","Dream Catcher","Blood Vial","Philosopher\u0027s Stone","Meat on the Bone","Anchor"],"potions_floor_usage":[50,50],"damage_taken":[{"damage":13.0,"enemies":"Jaw Worm","floor":1.0,"turns":2.0},{"damage":7.0,"enemies":"Cultist","floor":2.0,"turns":3.0},{"damage":9.0,"enemies":"Small Slimes","floor":4.0,"turns":3.0},{"damage":49.0,"enemies":"3 Sentries","floor":6.0,"turns":13.0},{"damage":1.0,"enemies":"2 Fungi Beasts","floor":13.0,"turns":3.0},{"damage":13.0,"enemies":"Exordium Thugs","floor":14.0,"turns":4.0},{"damage":42.0,"enemies":"The Guardian","floor":16.0,"turns":16.0},{"damage":10.0,"enemies":"2 Thieves","floor":18.0,"turns":5.0},{"damage":20.0,"enemies":"3 Byrds","floor":24.0,"turns":5.0},{"damage":22.0,"enemies":"Centurion and Healer","floor":25.0,"turns":5.0},{"damage":12.0,"enemies":"Snake Plant","floor":28.0,"turns":3.0},{"damage":49.0,"enemies":"Book of Stabbing","floor":30.0,"turns":6.0},{"damage":40.0,"enemies":"Automaton","floor":33.0,"turns":8.0},{"damage":17.0,"enemies":"3 Shapes","floor":35.0,"turns":4.0},{"damage":40.0,"enemies":"3 Darklings","floor":36.0,"turns":6.0},{"damage":21.0,"enemies":"Spire Growth","floor":41.0,"turns":4.0},{"damage":6.0,"enemies":"Maw","floor":45.0,"turns":6.0},{"damage":10.0,"enemies":"Transient","floor":46.0,"turns":6.0},{"damage":12.0,"enemies":"Jaw Worm Horde","floor":47.0,"turns":4.0},{"damage":10.0,"enemies":"Writhing Mass","floor":48.0,"turns":4.0},{"damage":49,"enemies":"Donu and Deca","floor":50,"turns":9}],"seed_played":"185347410066963327","potions_obtained":[{"floor":1.0,"key":"EssenceOfSteel"},{"floor":6.0,"key":"Fire Potion"},{"floor":13.0,"key":"Energy Potion"},{"floor":16.0,"key":"Regen Potion"},{"floor":28.0,"key":"BloodPotion"},{"floor":35.0,"key":"BloodPotion"},{"floor":44.0,"key":"Ancient Potion"},{"floor":44.0,"key":"FearPotion"},{"floor":46.0,"key":"Strength Potion"},{"floor":48.0,"key":"EssenceOfSteel"}],"is_trial":false,"path_per_floor":["M","M","?","M","$","E","R","?","T","R","?","?","M","M","R","B",null,"M","?","$","T","?","R","M","M","T","?","M","?","E","?","R","B",null,"M","M","$","?","$","R","M","$","T","?","M","M","M","M","R","B",null],"character_chosen":"IRONCLAD","items_purchased":["Meat on the Bone"],"campfire_rested":3,"item_purchase_floors":[37],"current_hp_per_floor":[61,60,60,57,57,14,36,54,54,54,47,47,52,45,45,9,59,55,75,75,75,75,75,61,45,45,45,39,39,18,18,40,8,58,49,24,24,24,24,46,45,45,45,45,47,45,53,51,51,22],"gold":117,"neow_bonus":"THREE_RARE_CARDS","is_prod":false,"is_daily":false,"chose_seed":false,"campfire_upgraded":4,"win_rate":0,"timestamp":1554973766,"path_taken":["M","M","?","M","?","E","R","?","T","R","?","?","M","?","R","BOSS","M","?","$","?","?","R","M","M","T","?","?","?","E","?","R","BOSS","M","?","$","?","$","R","M","?","T","?","M","?","M","M","R","BOSS"],"build_version":"2019-01-23","purchased_purges":1,"victory":true,"max_hp_per_floor":[75,75,75,75,75,75,75,75,75,75,75,75,75,75,75,75,75,75,75,75,75,75,75,75,75,75,75,75,75,75,75,75,75,75,75,75,75,75,75,75,75,75,75,75,75,75,75,75,75,75],"card_choices":[{"not_picked":["Feed","Barricade"],"picked":"Offering","floor":0.0},{"not_picked":["Reckless Charge","Perfected Strike","Flex"],"picked":"SKIP","floor":1.0},{"not_picked":["True Grit","Second Wind"],"picked":"Inflame","floor":2.0},{"not_picked":["Wild Strike","True Grit"],"picked":"Battle Trance","floor":4.0},{"not_picked":["Havoc","Perfected Strike"],"picked":"Headbutt","floor":6.0},{"not_picked":["Wild Strike","Flex"],"picked":"Shrug It Off","floor":13.0},{"not_picked":["Entrench","Burning Pact"],"picked":"Shrug It Off","floor":14.0},{"not_picked":["Berserk","Juggernaut"],"picked":"Demon Form","floor":16.0},{"not_picked":[],"picked":"Rampage","floor":18.0},{"not_picked":["Sword Boomerang"],"picked":"SKIP","floor":24.0},{"not_picked":["Wild Strike+1"],"picked":"SKIP","floor":25.0},{"not_picked":["Wild Strike+1"],"picked":"SKIP","floor":25.0},{"not_picked":["Wild Strike+1"],"picked":"SKIP","floor":25.0},{"not_picked":["Combust"],"picked":"SKIP","floor":28.0},{"not_picked":["Rampage"],"picked":"SKIP","floor":30.0},{"not_picked":["Fire Breathing"],"picked":"SKIP","floor":35.0},{"not_picked":[],"picked":"Pommel Strike","floor":36.0},{"not_picked":[],"picked":"Dramatic Entrance","floor":38.0},{"not_picked":["Shockwave"],"picked":"SKIP","floor":41.0},{"not_picked":["Havoc+1"],"picked":"SKIP","floor":45.0},{"not_picked":["Perfected Strike"],"picked":"SKIP","floor":46.0},{"not_picked":[],"picked":"Disarm","floor":47.0},{"not_picked":["Perfected Strike"],"picked":"SKIP","floor":48.0}],"player_experience":1017620,"relics_obtained":[{"floor":6.0,"key":"Ornamental Fan"},{"floor":9.0,"key":"Sundial"},{"floor":21.0,"key":"Letter Opener"},{"floor":26.0,"key":"Dream Catcher"},{"floor":30.0,"key":"Blood Vial"},{"floor":43.0,"key":"Anchor"}],"event_choices":[{"damage_healed":0.0,"max_hp_gain":0.0,"max_hp_loss":0.0,"gold_gain":0.0,"event_name":"WeMeetAgain","player_choice":"Gave Potion","floor":3.0,"gold_loss":0.0,"damage_taken":0.0,"relics_obtained":["Self Forming Clay"]},{"damage_healed":18.0,"max_hp_gain":0.0,"max_hp_loss":0.0,"gold_gain":0.0,"event_name":"The Cleric","player_choice":"Healed","floor":8.0,"gold_loss":35.0,"damage_taken":0.0},{"cards_removed":["Strike_R"],"damage_healed":0.0,"max_hp_gain":0.0,"max_hp_loss":0.0,"gold_gain":0.0,"event_name":"Golden Wing","player_choice":"Card Removal","floor":11.0,"gold_loss":0.0,"damage_taken":7.0},{"damage_healed":0.0,"max_hp_gain":0.0,"max_hp_loss":0.0,"gold_gain":0.0,"event_name":"Upgrade Shrine","player_choice":"Upgraded","floor":12.0,"gold_loss":0.0,"damage_taken":0.0,"cards_upgraded":["Bash"]},{"damage_healed":20.0,"max_hp_gain":0.0,"max_hp_loss":0.0,"gold_gain":0.0,"event_name":"Wheel of Change","player_choice":"Full Heal","floor":19.0,"gold_loss":0.0,"damage_taken":0.0},{"damage_healed":0.0,"max_hp_gain":0.0,"max_hp_loss":0.0,"gold_gain":0.0,"event_name":"Match and Keep!","player_choice":"0 cards matched","floor":27.0,"gold_loss":0.0,"damage_taken":0.0,"cards_obtained":[]},{"damage_healed":0.0,"max_hp_gain":0.0,"max_hp_loss":0.0,"gold_gain":0.0,"event_name":"Back to Basics","player_choice":"Simplicity","floor":29.0,"gold_loss":0.0,"damage_taken":0.0,"cards_upgraded":["Strike_R","Strike_R","Strike_R","Defend_R","Defend_R","Defend_R","Defend_R"]},{"damage_healed":0.0,"max_hp_gain":0.0,"max_hp_loss":0.0,"gold_gain":50.0,"event_name":"Golden Shrine","player_choice":"Pray","floor":31.0,"gold_loss":0.0,"damage_taken":0.0},{"damage_healed":0.0,"max_hp_gain":0.0,"max_hp_loss":0.0,"gold_gain":0.0,"event_name":"SensoryStone","player_choice":"Memory 1","floor":38.0,"gold_loss":0.0,"damage_taken":0.0},{"damage_healed":0.0,"max_hp_gain":0.0,"max_hp_loss":0.0,"gold_gain":0.0,"event_name":"Lab","player_choice":"Got Potions","floor":44.0,"gold_loss":0.0,"damage_taken":0.0}],"is_beta":false,"boss_relics":[{"not_picked":["Runic Dome","Astrolabe"],"picked":"Busted Crown"},{"not_picked":["Lizard Tail","Empty Cage"],"picked":"Philosopher\u0027s Stone"}],"items_purged_floors":[20],"is_endless":false,"potions_floor_spawned":[1,6,13,16,28,35,45,46,48],"ascension_level":19}