{"gold_per_floor":[115,115,13,13,13,49,119,143,143,143,143,194,217,238,238,329,329,352,352,391,391,269,269,293,313,313,313,338,361,381,430,430,521,521,542,542,321,342,342,342,356,356,379,379,164,207,222,238,238,238,238],"floor_reached":51,"playtime":3472,"items_purged":[],"score":1325,"play_id":"ff981d16-bd12-4270-99f2-e6a89fb3360e","local_time":"20190501225227","is_ascension_mode":true,"campfire_choices":[{"data":"Discovery","floor":10.0,"key":"SMITH"},{"data":"Bash","floor":15.0,"key":"SMITH"},{"data":"Whirlwind","floor":23.0,"key":"SMITH"},{"data":"Seeing Red","floor":27.0,"key":"SMITH"},{"data":"Inflame","floor":32.0,"key":"SMITH"},{"data":"Clothesline","floor":40.0,"key":"SMITH"},{"data":"Exhume","floor":42.0,"key":"SMITH"},{"data":"Offering","floor":44.0,"key":"SMITH"},{"floor":49.0,"key":"REST"}],"neow_cost":"NONE","seed_source_timestamp":447974569723104,"circlet_count":0,"master_deck":["AscendersBane","Bash+1","Discovery+1","Clothesline+1","Shrug It Off","Shrug It Off","Inflame+1","Offering+1","Whirlwind+1","Seeing Red+1","Exhume+1"],"special_seed":0,"relics":["Burning Blood","NeowsBlessing","Golden Idol","Question Card","Orichalcum","Red Skull","Bag of Preparation","Pandora\u0027s Box","Nilry\u0027s Codex","Red Mask","Letter Opener","Pen Nib","Busted Crown","OrangePellets","Smiling Mask","HandDrill","Happy Flower"],"potions_floor_usage":[51],"damage_taken":[{"damage":0.0,"enemies":"Small Slimes","floor":1.0,"turns":1.0},{"damage":0.0,"enemies":"Lagavulin","floor":6.0,"turns":1.0},{"damage":0.0,"enemies":"Gremlin Nob","floor":7.0,"turns":1.0},{"damage":5.0,"enemies":"Jaw Worm","floor":8.0,"turns":3.0},{"damage":0.0,"enemies":"2 Louse","floor":13.0,"turns":3.0},{"damage":3.0,"enemies":"Large Slime","floor":14.0,"turns":6.0},{"damage":38.0,"enemies":"Slime Boss","floor":16.0,"turns":10.0},{"damage":12.0,"enemies":"Chosen","floor":18.0,"turns":4.0},{"damage":6.0,"enemies":"Masked Bandits","floor":20.0,"turns":2.0},{"damage":6.0,"enemies":"Spheric Guardian","floor":24.0,"turns":1.0},{"damage":7.0,"enemies":"Shelled Parasite and Fungi","floor":25.0,"turns":3.0},{"damage":6.0,"enemies":"Snake Plant","floor":28.0,"turns":2.0},{"damage":10.0,"enemies":"Centurion and Healer","floor":29.0,"turns":2.0},{"damage":6.0,"enemies":"3 Cultists","floor":30.0,"turns":1.0},{"damage":23.0,"enemies":"Champ","floor":33.0,"turns":7.0},{"damage":6.0,"enemies":"3 Shapes","floor":35.0,"turns":3.0},{"damage":6.0,"enemies":"3 Darklings","floor":38.0,"turns":1.0},{"damage":20.0,"enemies":"Writhing Mass","floor":41.0,"turns":3.0},{"damage":37.0,"enemies":"Nemesis","floor":46.0,"turns":3.0},{"damage":3.0,"enemies":"Sphere and 2 Shapes","floor":47.0,"turns":3.0},{"damage":0.0,"enemies":"Transient","floor":48.0,"turns":6.0},{"damage":62.0,"enemies":"Donu and Deca","floor":50.0,"turns":10.0},{"damage":16,"enemies":"Awakened One","floor":51,"turns":3}],"seed_played":"-3453725683589810143","potions_obtained":[{"floor":6.0,"key":"LiquidBronze"},{"floor":8.0,"key":"SkillPotion"},{"floor":14.0,"key":"AttackPotion"},{"floor":25.0,"key":"Energy Potion"},{"floor":33.0,"key":"Fire Potion"},{"floor":39.0,"key":"FairyPotion"},{"floor":39.0,"key":"EntropicBrew"}],"is_trial":false,"path_per_floor":["M","?","$","?","$","E","?","M","T","R","?","T","M","M","R","B",null,"M","?","?","?","$","R","M","M","T","R","M","M","M","T","R","B",null,"M","?","$","M","?","R","M","R","T","R","$","E","M","M","R","B","B"],"character_chosen":"IRONCLAD","items_purchased":["Discovery","Whirlwind","Seeing Red","OrangePellets","HandDrill"],"campfire_rested":1,"item_purchase_floors":[3,22,22,37,45],"current_hp_per_floor":[74,51,51,51,51,57,63,64,64,64,57,57,63,66,66,34,65,59,38,38,43,43,43,43,42,42,42,42,38,38,38,38,21,62,62,62,62,62,62,62,48,48,48,48,48,17,20,26,48,13,0],"gold":238,"neow_bonus":"THREE_ENEMY_KILL","is_prod":false,"is_daily":false,"chose_seed":false,"campfire_upgraded":8,"win_rate":0,"timestamp":1556776347,"path_taken":["M","?","$","?","$","E","?","M","T","R","?","?","M","M","R","BOSS","M","?","?","?","$","R","M","M","T","R","?","M","M","?","R","BOSS","M","?","$","M","?","R","?","R","T","R","?","E","M","?","R","BOSS","BOSS"],"build_version":"2019-01-23","purchased_purges":0,"victory":false,"max_hp_per_floor":[75,75,75,75,75,75,75,75,75,75,75,75,75,75,75,75,75,75,75,75,75,75,75,75,75,75,75,75,75,75,75,75,75,75,75,75,75,75,75,75,75,75,75,75,75,75,75,75,75,75,75],"card_choices":[{"not_picked":["Clash","Warcry"],"picked":"Pommel Strike","floor":1.0},{"not_picked":["Pummel","Perfected Strike","Rupture"],"picked":"SKIP","floor":6.0},{"not_picked":["Headbutt","Anger","Perfected Strike"],"picked":"Clothesline","floor":7.0},{"not_picked":["Twin Strike","Rampage","Intimidate"],"picked":"Shrug It Off","floor":8.0},{"not_picked":["Body Slam","Clothesline","Thunderclap"],"picked":"Shrug It Off","floor":13.0},{"not_picked":["Flex","Searing Blow","Reaper"],"picked":"Inflame","floor":14.0},{"not_picked":["Double Tap","Dark Embrace","Fiend Fire"],"picked":"Offering","floor":16.0},{"not_picked":["Rage","Iron Wave","Wild Strike","Clash"],"picked":"SKIP","floor":18.0},{"not_picked":["Perfected Strike","Thunderclap","Clash","Dual Wield"],"picked":"SKIP","floor":24.0},{"not_picked":["Cleave","Pummel","Armaments+1","Perfected Strike"],"picked":"SKIP","floor":25.0},{"not_picked":["Shockwave+1","Clothesline","Armaments+1","Thunderclap"],"picked":"SKIP","floor":28.0},{"not_picked":["Pommel Strike","Warcry","Juggernaut","Iron Wave"],"picked":"SKIP","floor":29.0},{"not_picked":["Perfected Strike","Body Slam","Iron Wave","Intimidate"],"picked":"SKIP","floor":30.0},{"not_picked":["Fiend Fire","Reaper","Immolate"],"picked":"Exhume","floor":33.0},{"not_picked":["Heavy Blade","Perfected Strike+1"],"picked":"SKIP","floor":35.0},{"not_picked":["Blood for Blood","Ghostly Armor"],"picked":"SKIP","floor":38.0},{"not_picked":["Headbutt","Clash"],"picked":"SKIP","floor":41.0},{"not_picked":["Headbutt","Clash"],"picked":"SKIP","floor":41.0},{"not_picked":["Hemokinesis","Heavy Blade"],"picked":"SKIP","floor":46.0},{"not_picked":["Twin Strike","Body Slam+1"],"picked":"SKIP","floor":47.0},{"not_picked":["Dual Wield+1","Sword Boomerang"],"picked":"SKIP","floor":48.0}],"player_experience":1053173,"relics_obtained":[{"floor":6.0,"key":"Question Card"},{"floor":7.0,"key":"Orichalcum"},{"floor":9.0,"key":"Red Skull"},{"floor":12.0,"key":"Bag of Preparation"},{"floor":19.0,"key":"Nilry\u0027s Codex"},{"floor":20.0,"key":"Red Mask"},{"floor":26.0,"key":"Letter Opener"},{"floor":31.0,"key":"Pen Nib"},{"floor":43.0,"key":"Smiling Mask"},{"floor":46.0,"key":"Happy Flower"}],"event_choices":[{"damage_healed":0.0,"max_hp_gain":0.0,"max_hp_loss":0.0,"gold_gain":0.0,"event_name":"Shining Light","player_choice":"Entered Light","floor":2.0,"gold_loss":0.0,"damage_taken":23.0,"cards_upgraded":["Strike_R","Defend_R"]},{"damage_healed":0.0,"max_hp_gain":0.0,"max_hp_loss":0.0,"gold_gain":0.0,"event_name":"Golden Idol","player_choice":"Take Wound","floor":4.0,"gold_loss":0.0,"damage_taken":0.0,"relics_obtained":["Golden Idol"],"cards_obtained":["Injury"]},{"damage_healed":0.0,"max_hp_gain":0.0,"max_hp_loss":0.0,"gold_gain":0.0,"event_name":"Dead Adventurer","player_choice":"Searched \u00271\u0027 times","floor":7.0,"gold_loss":0.0,"damage_taken":0.0},{"cards_removed":["Injury"],"damage_healed":0.0,"max_hp_gain":0.0,"max_hp_loss":0.0,"gold_gain":0.0,"event_name":"Golden Wing","player_choice":"Card Removal","floor":11.0,"gold_loss":0.0,"damage_taken":7.0},{"damage_healed":0.0,"max_hp_gain":0.0,"max_hp_loss":0.0,"gold_gain":0.0,"event_name":"Cursed Tome","player_choice":"Obtained Book","floor":19.0,"gold_loss":0.0,"damage_taken":21.0},{"damage_healed":0.0,"max_hp_gain":0.0,"max_hp_loss":0.0,"gold_gain":0.0,"event_name":"Masked Bandits","player_choice":"Fought Bandits","floor":20.0,"gold_loss":0.0,"damage_taken":0.0},{"cards_removed":["Pommel Strike"],"damage_healed":5.0,"max_hp_gain":0.0,"max_hp_loss":0.0,"gold_gain":0.0,"event_name":"Bonfire Elementals","player_choice":"Offered Common","floor":21.0,"gold_loss":0.0,"damage_taken":0.0},{"cards_removed":["Pommel Strike"],"damage_healed":5.0,"max_hp_gain":0.0,"max_hp_loss":0.0,"gold_gain":0.0,"event_name":"Bonfire Elementals","player_choice":"Offered Special","floor":21.0,"gold_loss":0.0,"damage_taken":0.0},{"damage_healed":0.0,"max_hp_gain":0.0,"max_hp_loss":0.0,"gold_gain":0.0,"event_name":"SensoryStone","player_choice":"Memory 1","floor":36.0,"gold_loss":0.0,"damage_taken":0.0},{"damage_healed":0.0,"max_hp_gain":0.0,"max_hp_loss":0.0,"gold_gain":0.0,"event_name":"Lab","player_choice":"Got Potions","floor":39.0,"gold_loss":0.0,"damage_taken":0.0}],"is_beta":false,"boss_relics":[{"not_picked":["Tiny House","Black Star"],"picked":"Pandora\u0027s Box"},{"not_picked":["Runic Cube","Mark of Pain"],"picked":"Busted Crown"}],"items_purged_floors":[],"is_endless":false,"potions_floor_spawned":[6,8,14,25,28,33,38,41],"killed_by":"Awakened One","ascension_level":20}