{"gold_per_floor":[111,111,130,146,71,71,56,56,82,82,108,125,159,172,172,172],"floor_reached":16,"playtime":644,"items_purged":["Strike_R"],"score":196,"play_id":"35da6888-7bd9-4117-8dd2-8c88de18fa0e","local_time":"20190916201001","is_ascension_mode":true,"campfire_choices":[{"data":"True Grit","floor":6,"key":"SMITH"},{"data":"Body Slam","floor":8,"key":"SMITH"},{"data":"Defend_R","floor":10,"key":"SMITH"},{"data":"Entrench","floor":15,"key":"SMITH"}],"neow_cost":"NONE","seed_source_timestamp":90827420809900,"circlet_count":0,"master_deck":["AscendersBane","Strike_R","Strike_R","Strike_R","Strike_R","Defend_R+1","Defend_R","Defend_R","Defend_R","Bash","Body Slam+1","Body Slam+1","True Grit+1","Entrench+1","Inflame"],"relics":["Burning Blood","Dream Catcher","Vajra","Bag of Marbles"],"potions_floor_usage":[16],"damage_taken":[{"damage":7,"enemies":"Small Slimes","floor":1,"turns":4},{"damage":0,"enemies":"Cultist","floor":3,"turns":3},{"damage":9,"enemies":"2 Louse","floor":4,"turns":3},{"damage":15,"enemies":"Exordium Thugs","floor":7,"turns":4},{"damage":38,"enemies":"Lagavulin","floor":11,"turns":8},{"damage":1,"enemies":"2 Fungi Beasts","floor":12,"turns":3},{"damage":40,"enemies":"3 Sentries","floor":13,"turns":9},{"damage":3,"enemies":"Looter","floor":14,"turns":3},{"damage":11,"enemies":"Hexaghost","floor":16,"turns":8}],"seed_played":"-4271952235519983343","potions_obtained":[{"floor":1,"key":"EssenceOfSteel"},{"floor":12,"key":"SpeedPotion"}],"is_trial":false,"path_per_floor":["M","?","M","M","$","R","M","R","T","R","E","M","E","M","R","B"],"character_chosen":"IRONCLAD","items_purchased":[],"campfire_rested":0,"item_purchase_floors":[],"current_hp_per_floor":[74,74,80,77,77,77,68,68,68,68,36,41,7,10,10,0],"gold":172,"neow_bonus":"TEN_PERCENT_HP_BONUS","is_prod":false,"is_daily":false,"chose_seed":false,"campfire_upgraded":4,"win_rate":0,"timestamp":1568635801,"path_taken":["M","?","M","M","$","R","M","R","T","R","E","?","E","M","R","BOSS"],"build_version":"2019-07-17","purchased_purges":1,"victory":false,"max_hp_per_floor":[82,82,82,82,82,82,82,82,82,82,82,82,82,82,82,82],"card_choices":[{"not_picked":["Sentinel","Anger"],"picked":"Body Slam","floor":1},{"not_picked":["Heavy Blade","Perfected Strike"],"picked":"Body Slam","floor":3},{"not_picked":["Armaments","Iron Wave"],"picked":"True Grit","floor":4},{"not_picked":["Bloodletting","Immolate","Anger"],"picked":"SKIP","floor":7},{"not_picked":["Iron Wave","Brutality"],"picked":"Entrench","floor":11},{"not_picked":["Twin Strike","Havoc"],"picked":"Inflame","floor":12},{"not_picked":["Blood for Blood","Rage","Hemokinesis"],"picked":"SKIP","floor":13},{"not_picked":["Thunderclap","Clothesline","Havoc"],"picked":"SKIP","floor":14}],"player_experience":624074,"relics_obtained":[{"floor":9,"key":"Dream Catcher"},{"floor":11,"key":"Vajra"},{"floor":13,"key":"Bag of Marbles"}],"event_choices":[{"damage_healed":0,"gold_gain":0,"player_choice":"Forge","damage_taken":0,"max_hp_gain":0,"max_hp_loss":0,"event_name":"Accursed Blacksmith","floor":2,"gold_loss":0,"cards_upgraded":["Body Slam"]}],"is_beta":false,"boss_relics":[],"items_purged_floors":[5],"is_endless":false,"potions_floor_spawned":[1,12,13,14],"killed_by":"Hexaghost","ascension_level":15}