{"gold_per_floor":[118,8,8,8,283,283,311,311,311,311,328,478,493,509,509,509],"floor_reached":16,"playtime":394,"items_purged":[],"score":246,"play_id":"bc3bac73-6a06-48c6-a77f-7cdb190f5e33","local_time":"20190916001140","is_ascension_mode":true,"campfire_choices":[{"data":"Bash","floor":6,"key":"SMITH"},{"data":"True Grit","floor":8,"key":"SMITH"},{"data":"Feel No Pain","floor":10,"key":"SMITH"},{"data":"Shrug It Off","floor":15,"key":"SMITH"}],"neow_cost":"NONE","seed_source_timestamp":420846956256796,"circlet_count":0,"master_deck":["AscendersBane","Strike_R","Strike_R","Strike_R","Strike_R","Strike_R","Defend_R","Defend_R","Defend_R","Defend_R","Bash+1","Shrug It Off+1","Feel No Pain+1","Regret","True Grit+1","Doubt","Dropkick","Dropkick"],"relics":["Burning Blood","NeowsBlessing","Oddly Smooth Stone","Bag of Marbles","Pear"],"potions_floor_usage":[],"damage_taken":[{"damage":0,"enemies":"Small Slimes","floor":1,"turns":1},{"damage":2,"enemies":"3 Sentries","floor":7,"turns":2},{"damage":0,"enemies":"Cultist","floor":11,"turns":1},{"damage":3,"enemies":"Jaw Worm","floor":13,"turns":4},{"damage":5,"enemies":"Looter","floor":14,"turns":4},{"damage":88,"enemies":"Slime Boss","floor":16,"turns":8}],"seed_played":"6311362168299920310","potions_obtained":[{"floor":1,"key":"AttackPotion"},{"floor":13,"key":"FearPotion"}],"is_trial":false,"path_per_floor":["M","$","?","$","?","R","E","R","T","R","M","?","M","M","R","B"],"character_chosen":"IRONCLAD","items_purchased":["Shrug It Off","Feel No Pain"],"campfire_rested":0,"item_purchase_floors":[2,2],"current_hp_per_floor":[74,74,74,74,74,74,75,75,85,85,85,85,85,85,85,0],"gold":509,"neow_bonus":"THREE_ENEMY_KILL","is_prod":false,"is_daily":false,"chose_seed":false,"campfire_upgraded":4,"win_rate":0,"timestamp":1568617900,"path_taken":["M","$","?","?","?","R","E","R","T","R","?","?","M","M","R","BOSS"],"build_version":"2019-07-17","purchased_purges":0,"victory":false,"max_hp_per_floor":[75,75,75,75,75,75,75,75,85,85,85,85,85,85,85,85],"card_choices":[{"not_picked":["Second Wind","Sentinel","Perfected Strike"],"picked":"SKIP","floor":1},{"not_picked":["Blood for Blood","Dark Embrace"],"picked":"True Grit","floor":7},{"not_picked":["Perfected Strike","Flex","Rage"],"picked":"SKIP","floor":11},{"not_picked":["Perfected Strike","Flex"],"picked":"Dropkick","floor":13},{"not_picked":["Blood for Blood","Warcry"],"picked":"Dropkick","floor":14}],"player_experience":1148051,"relics_obtained":[{"floor":7,"key":"Bag of Marbles"},{"floor":9,"key":"Pear"}],"event_choices":[{"damage_healed":0,"gold_gain":0,"player_choice":"Gave Potion","damage_taken":0,"relics_obtained":["Oddly Smooth Stone"],"max_hp_gain":0,"max_hp_loss":0,"event_name":"WeMeetAgain","floor":3,"gold_loss":0},{"damage_healed":0,"gold_gain":275,"player_choice":"Desecrate","damage_taken":0,"max_hp_gain":0,"max_hp_loss":0,"event_name":"Golden Shrine","floor":5,"gold_loss":0,"cards_obtained":["Regret"]},{"damage_healed":0,"gold_gain":150,"player_choice":"AGREE","damage_taken":0,"max_hp_gain":0,"max_hp_loss":0,"event_name":"Liars Game","floor":12,"gold_loss":0,"cards_obtained":["Doubt"]}],"is_beta":false,"boss_relics":[],"items_purged_floors":[],"is_endless":false,"potions_floor_spawned":[1,13],"killed_by":"Slime Boss","ascension_level":20}