{"gold_per_floor":[110,110,128,128,148,181,181,220,220,245,245,260,304,329,329,329],"floor_reached":16,"playtime":608,"items_purged":[],"score":179,"play_id":"9846b177-7a9f-44e3-ae29-30e7f4473223","local_time":"20190910010615","daily_mods":["Heirloom","Blue Cards","DeadlyEvents"],"is_ascension_mode":true,"campfire_choices":[{"data":"Beam Cell","floor":7,"key":"SMITH"},{"data":"Capacitor","floor":11,"key":"SMITH"},{"data":"Buffer","floor":15,"key":"SMITH"}],"neow_cost":"","seed_source_timestamp":0,"circlet_count":0,"master_deck":["Strike_R","Strike_R","Strike_R","Strike_R","Strike_R","Defend_R","Defend_R","Defend_R","Defend_R","Bash","Headbutt","Regret","Beam Cell+1","Coolheaded","Capacitor+1","Buffer+1","Whirlwind","Go for the Eyes"],"relics":["Burning Blood","FossilizedHelix","Darkstone Periapt","Golden Idol","Mango","Mummified Hand","Gambling Chip","Singing Bowl"],"potions_floor_usage":[6,6,13,16],"damage_taken":[{"damage":0,"enemies":"Small Slimes","floor":1,"turns":3},{"damage":3,"enemies":"Jaw Worm","floor":3,"turns":3},{"damage":6,"enemies":"Cultist","floor":5,"turns":3},{"damage":17,"enemies":"Lagavulin","floor":6,"turns":6},{"damage":29,"enemies":"3 Sentries","floor":8,"turns":11},{"damage":6,"enemies":"Red Slaver","floor":10,"turns":4},{"damage":2,"enemies":"Exordium Wildlife","floor":12,"turns":4},{"damage":0,"enemies":"Gremlin Nob","floor":13,"turns":4},{"damage":0,"enemies":"Exordium Thugs","floor":14,"turns":5},{"damage":63,"enemies":"The Guardian","floor":16,"turns":12}],"seed_played":"-5059516058532384876","potions_obtained":[{"floor":1,"key":"SkillPotion"},{"floor":3,"key":"PowerPotion"},{"floor":10,"key":"Explosive Potion"},{"floor":13,"key":"GamblersBrew"}],"is_trial":true,"path_per_floor":["M","?","M","?","M","E","R","E","T","M","R","M","E","M","R","B"],"character_chosen":"IRONCLAD","items_purchased":[],"campfire_rested":0,"item_purchase_floors":[],"current_hp_per_floor":[80,86,86,65,65,68,68,45,45,45,45,49,55,61,61,0],"gold":329,"neow_bonus":"","is_prod":false,"is_daily":false,"chose_seed":false,"campfire_upgraded":3,"win_rate":0,"timestamp":1568102775,"path_taken":["M","?","M","?","M","E","R","E","T","M","R","M","E","M","R","BOSS"],"build_version":"2019-07-17","purchased_purges":0,"victory":false,"max_hp_per_floor":[80,86,86,86,86,100,100,100,100,100,100,100,100,100,100,100],"card_choices":[{"not_picked":["Flex","Aggregate"],"picked":"Headbutt","floor":1},{"not_picked":["Turbo","Sever Soul"],"picked":"Beam Cell","floor":3},{"not_picked":["Warcry","Body Slam"],"picked":"Coolheaded","floor":5},{"not_picked":["True Grit","Sweeping Beam","Power Through"],"picked":"SKIP","floor":6},{"not_picked":["Power Through","Bloodletting"],"picked":"Capacitor","floor":8},{"not_picked":["Combust","Wild Strike","Static Discharge"],"picked":"SKIP","floor":10},{"not_picked":["Double Energy","BootSequence"],"picked":"Buffer","floor":12},{"not_picked":["Dual Wield","BootSequence"],"picked":"Whirlwind","floor":13},{"not_picked":["Rip and Tear","Clash"],"picked":"Go for the Eyes","floor":14}],"player_experience":1097803,"relics_obtained":[{"floor":6,"key":"Mango"},{"floor":8,"key":"Mummified Hand"},{"floor":9,"key":"Gambling Chip"},{"floor":13,"key":"Singing Bowl"}],"event_choices":[{"damage_healed":0,"gold_gain":0,"player_choice":"Box","damage_taken":0,"relics_obtained":["Darkstone Periapt"],"max_hp_gain":0,"max_hp_loss":0,"event_name":"Big Fish","floor":2,"gold_loss":0,"cards_obtained":["Regret"]},{"damage_healed":0,"gold_gain":0,"player_choice":"Take Damage","damage_taken":21,"relics_obtained":["Golden Idol"],"max_hp_gain":0,"max_hp_loss":0,"event_name":"Golden Idol","floor":4,"gold_loss":0}],"is_beta":false,"boss_relics":[],"items_purged_floors":[],"is_endless":false,"potions_floor_spawned":[1,3,10,13],"killed_by":"The Guardian","ascension_level":1}