{"gold_per_floor":[116,116,133,152,167,167,192,192,192,209,220,245,245,245,245,317,317,332,147,147,71,90,90,101,101,125,125,125],"floor_reached":28,"playtime":1868,"items_purged":["Bash"],"score":399,"play_id":"4430e485-dbc1-43d0-9844-a27a172e7d05","local_time":"20190919011443","is_ascension_mode":true,"campfire_choices":[{"floor":6,"key":"RECALL"},{"data":"Double Tap","floor":8,"key":"SMITH"},{"data":"Flame Barrier","floor":13,"key":"SMITH"},{"data":"Battle Trance","floor":15,"key":"SMITH"},{"data":"Metallicize","floor":23,"key":"SMITH"},{"data":"Shockwave","floor":25,"key":"SMITH"},{"data":"Metallicize","floor":27,"key":"SMITH"}],"neow_cost":"NONE","seed_source_timestamp":280684967360500,"circlet_count":0,"master_deck":["AscendersBane","Strike_R","Strike_R","Strike_R","Strike_R","Strike_R","Defend_R","Defend_R","Defend_R","Defend_R","Pommel Strike","Battle Trance+1","Perfected Strike","Double Tap+1","Flame Barrier+1","Brutality","Rupture+1","Metallicize+1","Shockwave+1","Metallicize+1","Rupture+1"],"relics":["Black Blood","Ice Cream","Pocketwatch","PreservedInsect"],"potions_floor_usage":[12,12,12,28],"damage_taken":[{"damage":6,"enemies":"2 Louse","floor":1,"turns":3},{"damage":1,"enemies":"Cultist","floor":3,"turns":3},{"damage":4,"enemies":"Jaw Worm","floor":4,"turns":5},{"damage":12,"enemies":"Blue Slaver","floor":5,"turns":6},{"damage":53,"enemies":"Gremlin Nob","floor":7,"turns":5},{"damage":11,"enemies":"Exordium Wildlife","floor":10,"turns":3},{"damage":10,"enemies":"Large Slime","floor":11,"turns":6},{"damage":18,"enemies":"Lagavulin","floor":12,"turns":5},{"damage":9,"enemies":"The Guardian","floor":16,"turns":12},{"damage":40,"enemies":"Shell Parasite","floor":18,"turns":13},{"damage":5,"enemies":"Chosen","floor":22,"turns":5},{"damage":34,"enemies":"Sentry and Sphere","floor":24,"turns":10},{"damage":25,"enemies":"3 Cultists","floor":28,"turns":5}],"seed_played":"5164939068117773249","potions_obtained":[{"floor":7,"key":"EntropicBrew"},{"floor":11,"key":"Block Potion"},{"floor":16,"key":"Poison Potion"},{"floor":18,"key":"Dexterity Potion"}],"is_trial":false,"path_per_floor":["M","?","M","M","M","R","E","R","T","M","M","E","R","?","R","B",null,"M","$","?","$","M","R","M","R","T","R","M"],"character_chosen":"IRONCLAD","items_purchased":["Metallicize","Shockwave","Metallicize"],"campfire_rested":0,"item_purchase_floors":[19,19,21],"current_hp_per_floor":[75,75,80,82,76,76,29,29,29,24,20,8,8,35,35,32,70,40,40,40,40,45,45,21,21,21,21,0],"gold":125,"neow_bonus":"TEN_PERCENT_HP_BONUS","is_prod":false,"is_daily":false,"chose_seed":false,"campfire_upgraded":6,"win_rate":0,"timestamp":1568826883,"path_taken":["M","?","M","?","M","R","E","R","T","M","M","E","R","?","R","BOSS","M","$","?","$","M","R","M","R","T","R","M"],"build_version":"2019-07-17","purchased_purges":1,"victory":false,"max_hp_per_floor":[82,82,82,82,82,82,82,82,82,82,82,82,82,82,82,82,82,82,82,82,82,82,82,82,82,82,82,82],"card_choices":[{"not_picked":["Twin Strike","Perfected Strike"],"picked":"Pommel Strike","floor":1},{"not_picked":["Spot Weakness","Feel No Pain"],"picked":"Battle Trance","floor":3},{"not_picked":["Combust","Havoc","Clash"],"picked":"SKIP","floor":4},{"not_picked":["Wild Strike","Anger"],"picked":"Perfected Strike","floor":5},{"not_picked":["Bludgeon","Headbutt"],"picked":"Double Tap","floor":7},{"not_picked":["Dropkick","Bloodletting","Anger"],"picked":"SKIP","floor":10},{"not_picked":["Armaments","Dropkick","Body Slam"],"picked":"SKIP","floor":11},{"not_picked":["Exhume","Thunderclap"],"picked":"Flame Barrier","floor":12},{"not_picked":["Double Tap","Bludgeon"],"picked":"Brutality","floor":16},{"not_picked":["Rampage","Iron Wave"],"picked":"Rupture+1","floor":18},{"not_picked":["Carnage","Body Slam","Perfected Strike"],"picked":"SKIP","floor":22},{"not_picked":["Armaments","Spot Weakness"],"picked":"Rupture+1","floor":24}],"player_experience":635321,"relics_obtained":[{"floor":7,"key":"Ice Cream"},{"floor":12,"key":"Pocketwatch"},{"floor":26,"key":"PreservedInsect"}],"event_choices":[{"damage_healed":0,"gold_gain":0,"player_choice":"0 cards matched","damage_taken":0,"max_hp_gain":0,"max_hp_loss":0,"event_name":"Match and Keep!","floor":2,"gold_loss":0,"cards_obtained":[]},{"damage_healed":27,"gold_gain":0,"player_choice":"Banana","damage_taken":0,"max_hp_gain":0,"max_hp_loss":0,"event_name":"Big Fish","floor":14,"gold_loss":0},{"damage_healed":0,"gold_gain":0,"player_choice":"Ignored","damage_taken":0,"max_hp_gain":0,"max_hp_loss":0,"event_name":"Ghosts","floor":20,"gold_loss":0}],"is_beta":false,"boss_relics":[{"not_picked":["Black Star","Tiny House"],"picked":"Black Blood"}],"items_purged_floors":[19],"is_endless":false,"potions_floor_spawned":[7,11,16,18],"killed_by":"3 Cultists","ascension_level":15}