{"gold_per_floor":[113,113,130,80,80,114,139,64,64,94,3,3,24,45,45,174,174,192,216,216,40,40,81,81,81,135,148,23,23,61,80,80,199,199,212,545,564,12,12],"floor_reached":39,"playtime":1234,"items_purged":["Strike_P","Strike_P","Strike_P+1","LessonLearned"],"score":515,"play_id":"6f165615-ff40-48a5-8f0b-59785857f393","local_time":"20190923215839","is_ascension_mode":false,"campfire_choices":[{"data":"Alpha","floor":12,"key":"SMITH"},{"floor":15,"key":"REST"},{"data":"Establishment","floor":25,"key":"SMITH"},{"floor":29,"key":"REST"},{"floor":32,"key":"REST"}],"neow_cost":"NONE","seed_source_timestamp":781443624143000,"circlet_count":0,"master_deck":["Strike_P+1","Defend_P","Defend_P","Defend_P","Defend_P","Eruption","Vigilance","Alpha+1","ClearTheMind","DeusExMachina","Protect","TalkToTheHand+1","Establishment+1","Protect+1","Protect","WindmillStrike"],"relics":["PureWater","NeowsBlessing","WarpedTongs","Shuriken","InkBottle","Matryoshka","Strawberry","Black Star","Eternal Feather","Ice Cream","HornCleat","Whetstone","WingedGreaves","Akabeko","MealTicket","PreservedInsect","StoneCalendar","Runic Pyramid","Incense Burner"],"potions_floor_usage":[13,23,33,33,37],"damage_taken":[{"damage":0,"enemies":"Cultist","floor":1,"turns":1},{"damage":2,"enemies":"Small Slimes","floor":3,"turns":1},{"damage":0,"enemies":"Gremlin Nob","floor":6,"turns":1},{"damage":9,"enemies":"2 Louse","floor":13,"turns":4},{"damage":7,"enemies":"Blue Slaver","floor":14,"turns":7},{"damage":35,"enemies":"Slime Boss","floor":16,"turns":5},{"damage":25,"enemies":"2 Thieves","floor":18,"turns":4},{"damage":0,"enemies":"Chosen","floor":19,"turns":7},{"damage":30,"enemies":"Book of Stabbing","floor":23,"turns":6},{"damage":39,"enemies":"Shelled Parasite and Fungi","floor":27,"turns":6},{"damage":47,"enemies":"Slavers","floor":30,"turns":5},{"damage":8,"enemies":"Snake Plant","floor":31,"turns":5},{"damage":0,"enemies":"Champ","floor":33,"turns":10},{"damage":14,"enemies":"3 Shapes","floor":35,"turns":5},{"damage":25,"enemies":"Orb Walker","floor":37,"turns":5},{"damage":50,"enemies":"Sphere and 2 Shapes","floor":39,"turns":5}],"seed_played":"357750792265754556","potions_obtained":[{"floor":3,"key":"AttackPotion"},{"floor":14,"key":"Strength Potion"},{"floor":18,"key":"DuplicationPotion"},{"floor":23,"key":"BottledMiracle"},{"floor":31,"key":"Explosive Potion"}],"is_trial":false,"path_per_floor":["M","?","M","?","?","E","T","$","T","?","?","R","M","M","R","B",null,"M","M","?","$","?","E","T","R","T","M","$","R","E","M","R","B",null,"M","?","M","$","M"],"character_chosen":"WATCHER","items_purchased":["Establishment","Incense Burner","Protect","WindmillStrike"],"campfire_rested":3,"item_purchase_floors":[21,38,38,38],"current_hp_per_floor":[65,65,63,63,47,47,47,47,47,47,54,54,45,38,59,24,72,47,47,71,71,71,41,41,50,50,11,26,56,9,1,31,31,72,58,58,33,48,0],"gold":12,"neow_bonus":"THREE_ENEMY_KILL","is_prod":false,"is_daily":false,"chose_seed":false,"campfire_upgraded":2,"win_rate":0,"timestamp":1569268719,"path_taken":["M","?","?","?","?","E","?","?","T","?","?","R","M","M","R","BOSS","M","M","?","$","?","E","?","R","T","M","$","R","E","?","R","BOSS","M","?","M","$","M"],"build_version":"2019-09-23","purchased_purges":4,"victory":false,"max_hp_per_floor":[65,65,65,65,65,65,65,65,65,65,72,72,72,72,72,72,72,72,72,72,72,72,72,72,72,72,72,72,72,72,72,72,72,72,72,72,72,72,72],"card_choices":[{"not_picked":["EmptyBody","FollowUp","Scrawl"],"picked":"SKIP","floor":1},{"not_picked":["Sanctity","Vengeance","Prostrate"],"picked":"SKIP","floor":3},{"not_picked":["CrushJoints","Prostrate"],"picked":"Alpha","floor":6},{"not_picked":["Swivel","CutThroughFate"],"picked":"ClearTheMind","floor":13},{"not_picked":["SashWhip","Worship","Sanctity"],"picked":"SKIP","floor":14},{"not_picked":["ReachHeaven","Nirvana"],"picked":"DeusExMachina","floor":16},{"not_picked":["EmptyFist","SashWhip"],"picked":"Protect","floor":18},{"not_picked":["Crescendo","InnerPeace+1"],"picked":"TalkToTheHand+1","floor":19},{"not_picked":["CrushJoints","Tantrum"],"picked":"LessonLearned","floor":23},{"not_picked":["ThirdEye","Crescendo"],"picked":"Protect","floor":27},{"not_picked":["Wireheading+1","DeceiveReality","CutThroughFate+1"],"picked":"SKIP","floor":30},{"not_picked":["PathToVictory","FlyingSleeves","Blasphemy"],"picked":"SKIP","floor":31},{"not_picked":["JustLucky+1","CutThroughFate","ThirdEye"],"picked":"SKIP","floor":35},{"not_picked":["SashWhip","Worship","Vengeance"],"picked":"SKIP","floor":37}],"player_experience":487925,"relics_obtained":[{"floor":6,"key":"Shuriken"},{"floor":7,"key":"InkBottle"},{"floor":9,"key":"Matryoshka"},{"floor":23,"key":"Ice Cream"},{"floor":23,"key":"HornCleat"},{"floor":24,"key":"Whetstone"},{"floor":24,"key":"WingedGreaves"},{"floor":26,"key":"Akabeko"},{"floor":26,"key":"MealTicket"},{"floor":30,"key":"PreservedInsect"},{"floor":30,"key":"StoneCalendar"}],"event_choices":[{"damage_healed":0,"gold_gain":0,"player_choice":"Rummage","damage_taken":0,"relics_obtained":["WarpedTongs"],"max_hp_gain":0,"max_hp_loss":0,"event_name":"Accursed Blacksmith","floor":2,"gold_loss":0,"cards_obtained":["Pain"]},{"cards_removed":["Pain"],"damage_healed":0,"gold_gain":0,"player_choice":"Card Removal","damage_taken":0,"max_hp_gain":0,"max_hp_loss":0,"event_name":"The Cleric","floor":4,"gold_loss":50},{"damage_healed":0,"gold_gain":0,"player_choice":"Take Damage","damage_taken":16,"relics_obtained":["Golden Idol"],"max_hp_gain":0,"max_hp_loss":0,"event_name":"Golden Idol","floor":5,"gold_loss":0},{"damage_healed":0,"gold_gain":30,"player_choice":"Searched \u00272\u0027 times","damage_taken":0,"max_hp_gain":0,"max_hp_loss":0,"event_name":"Dead Adventurer","floor":10,"gold_loss":0},{"damage_healed":0,"gold_gain":0,"player_choice":"Paid Gold","damage_taken":0,"relics_obtained":["Strawberry"],"max_hp_gain":0,"max_hp_loss":0,"event_name":"WeMeetAgain","floor":11,"gold_loss":91},{"damage_healed":24,"gold_gain":0,"player_choice":"Heal","damage_taken":0,"max_hp_gain":0,"max_hp_loss":0,"event_name":"The Library","floor":20,"gold_loss":0},{"damage_healed":0,"gold_gain":0,"player_choice":"Opened","damage_taken":0,"relics_obtained":["Eternal Feather"],"max_hp_gain":0,"max_hp_loss":0,"event_name":"The Mausoleum","floor":22,"gold_loss":0},{"damage_healed":0,"gold_gain":333,"player_choice":"Gave Idol","damage_taken":0,"max_hp_gain":0,"max_hp_loss":0,"event_name":"The Moai Head","floor":36,"relics_lost":["Golden Idol"],"gold_loss":0}],"is_beta":true,"boss_relics":[{"not_picked":["Cursed Key","Pandora\u0027s Box"],"picked":"Black Star"},{"not_picked":["Astrolabe","Fusion Hammer"],"picked":"Runic Pyramid"}],"items_purged_floors":[8,21,28,38],"is_endless":false,"potions_floor_spawned":[3,14,18,23,31],"killed_by":"Sphere and 2 Shapes","ascension_level":0}