{"gold_per_floor":[116,116,116,131,150,180,238,314,385,418,493,493,504,520,520,615,615,629,409,423,423,450,478,478,510,510,510,530,530,563,582,582,687,687,702,310,355,355,355,388,388,417,417,436,448,448,474,509,509,509,509,509,17,48,48],"floor_reached":56,"playtime":3052,"items_purged":[],"score":1898,"play_id":"c86245be-7d1d-4323-a0e4-dc5d45dc4ecb","local_time":"20190917030254","daily_mods":["Draft","Hoarder","Lethality"],"is_ascension_mode":true,"campfire_choices":[{"data":"Hologram","floor":12.0,"key":"SMITH"},{"data":"Hologram","floor":15.0,"key":"SMITH"},{"floor":24.0,"key":"REST"},{"data":"Self Repair","floor":27.0,"key":"SMITH"},{"floor":32.0,"key":"REST"},{"floor":46.0,"key":"RECALL"},{"floor":49.0,"key":"REST"},{"data":"Skim","floor":52.0,"key":"SMITH"}],"neow_cost":"","seed_source_timestamp":511447254645381,"circlet_count":0,"master_deck":["BootSequence","BootSequence","Ball Lightning","Ball Lightning","Ball Lightning","Aggregate","Aggregate","Aggregate","Go for the Eyes","Go for the Eyes","Go for the Eyes","Hologram","Hologram+1","Hologram+1","Stack","Stack","Stack","Skim","Skim","Skim+1","Turbo","Turbo","Turbo","Sweeping Beam","Sweeping Beam","Sweeping Beam","Loop","Loop","Loop","FTL","FTL","FTL","Turbo","Turbo","Turbo","Aggregate","Aggregate","Aggregate","Doom and Gloom","Doom and Gloom","Doom and Gloom","Capacitor","Capacitor","Capacitor","Stack","Stack","Stack","Core Surge","Core Surge","Core Surge","Stack","Stack","Stack","Gash","Gash","Gash","Gash","Gash","Gash","Coolheaded","Coolheaded","Coolheaded","Conserve Battery","Conserve Battery","Conserve Battery","Self Repair+1","Self Repair","Self Repair","Biased Cognition","Biased Cognition","Biased Cognition","Defragment","Defragment","Defragment","Ball Lightning","Ball Lightning","Ball Lightning","Compile Driver","Compile Driver","Compile Driver","Hologram","Hologram","Hologram","Hologram","Hologram","Hologram","Coolheaded","Coolheaded","Coolheaded","All For One","All For One","All For One","Gash","Gash","Gash","Finesse","Finesse","Finesse","Madness","Madness","Madness","Madness","Madness","Madness","Coolheaded+1","Coolheaded+1","Coolheaded+1","Buffer+1","Buffer+1","Buffer+1","Apotheosis","Apotheosis","Apotheosis","Gash","Gash","Gash","Hologram","Hologram","Hologram","Loop+1","Loop+1","Loop+1"],"special_seed":0,"relics":["Cracked Core","WingedGreaves","Tiny Chest","Gremlin Horn","Omamori","Black Star","Oddly Smooth Stone","Red Mask","Bag of Preparation","Pen Nib","Boot","Bottled Lightning","Regal Pillow","Bag of Marbles","Singing Bowl","Busted Crown","Frozen Egg 2","Ginger","Mummified Hand","Emotion Chip","Matryoshka","Ancient Tea Set","The Courier","Potion Belt","Bronze Scales","Dream Catcher","Pocketwatch","Orichalcum","Ornamental Fan","Vajra","Bird Faced Urn","Bottled Flame"],"potions_floor_usage":[55,55,55,55],"damage_taken":[{"damage":0.0,"enemies":"2 Louse","floor":1.0,"turns":2.0},{"damage":0.0,"enemies":"Small Slimes","floor":4.0,"turns":2.0},{"damage":0.0,"enemies":"Cultist","floor":5.0,"turns":4.0},{"damage":2.0,"enemies":"Gremlin Nob","floor":6.0,"turns":3.0},{"damage":25.0,"enemies":"3 Sentries","floor":7.0,"turns":4.0},{"damage":9.0,"enemies":"Gremlin Nob","floor":10.0,"turns":3.0},{"damage":0.0,"enemies":"Red Slaver","floor":13.0,"turns":2.0},{"damage":0.0,"enemies":"Looter","floor":14.0,"turns":2.0},{"damage":19.0,"enemies":"The Guardian","floor":16.0,"turns":11.0},{"damage":14.0,"enemies":"Shell Parasite","floor":18.0,"turns":6.0},{"damage":20.0,"enemies":"2 Thieves","floor":20.0,"turns":4.0},{"damage":0.0,"enemies":"Masked Bandits","floor":22.0,"turns":2.0},{"damage":21.0,"enemies":"Gremlin Leader","floor":23.0,"turns":5.0},{"damage":23.0,"enemies":"Slavers","floor":25.0,"turns":3.0},{"damage":12.0,"enemies":"Snake Plant","floor":28.0,"turns":5.0},{"damage":27.0,"enemies":"Book of Stabbing","floor":30.0,"turns":4.0},{"damage":0.0,"enemies":"Cultist and Chosen","floor":31.0,"turns":3.0},{"damage":0.0,"enemies":"Automaton","floor":33.0,"turns":9.0},{"damage":18.0,"enemies":"Orb Walker","floor":35.0,"turns":4.0},{"damage":6.0,"enemies":"2 Orb Walkers","floor":37.0,"turns":3.0},{"damage":0.0,"enemies":"Reptomancer","floor":40.0,"turns":3.0},{"damage":4.0,"enemies":"Giant Head","floor":42.0,"turns":8.0},{"damage":0.0,"enemies":"3 Shapes","floor":44.0,"turns":3.0},{"damage":36.0,"enemies":"3 Darklings","floor":45.0,"turns":5.0},{"damage":18.0,"enemies":"Nemesis","floor":47.0,"turns":6.0},{"damage":46.0,"enemies":"Giant Head","floor":48.0,"turns":7.0},{"damage":0.0,"enemies":"Donu and Deca","floor":50.0,"turns":10.0},{"damage":0.0,"enemies":"Shield and Spear","floor":54.0,"turns":3.0},{"damage":96,"enemies":"The Heart","floor":55,"turns":5}],"seed_played":"-2806370835920273998","potions_obtained":[{"floor":4.0,"key":"Dexterity Potion"},{"floor":6.0,"key":"Weak Potion"},{"floor":7.0,"key":"Weak Potion"},{"floor":28.0,"key":"FocusPotion"},{"floor":47.0,"key":"PowerPotion"},{"floor":54.0,"key":"SkillPotion"}],"is_trial":true,"path_per_floor":["M","?","?","M","M","E","E","?","T","E","?","R","M","M","R","B",null,"M","$","M","?","?","E","R","E","T","R","M","?","E","M","R","B",null,"M","$","?","T","T","E","?","E","T","M","M","R","E","E","R","B",null,"R","$","E","B",null],"character_chosen":"DEFECT","items_purchased":["Defragment","Oddly Smooth Stone","Gash","Finesse","Frozen Egg 2","Apotheosis","Gash","Hologram","Loop+1","Vajra","AttackPotion","Strength Potion","SkillPotion"],"campfire_rested":3,"item_purchase_floors":[19,19,36,36,36,53,53,53,53,53,53,53,53],"current_hp_per_floor":[75,80,80,80,80,78,53,53,53,44,33,33,33,33,33,35,80,73,73,53,53,60,39,63,54,54,54,52,52,34,36,76,84,84,75,75,71,71,71,90,79,85,85,87,60,60,54,15,60,67,98,98,98,100,28],"gold":48,"neow_bonus":"","is_prod":false,"is_daily":false,"chose_seed":false,"campfire_upgraded":4,"win_rate":0,"timestamp":1568714574,"path_taken":["M","?","?","M","M","E","E","?","T","E","?","R","M","M","R","BOSS","M","$","M","?","?","E","R","E","T","R","M","?","E","M","R","BOSS","M","$","?","?","?","E","?","E","T","M","?","R","E","E","R","BOSS","R","$","E","BOSS"],"build_version":"2019-07-17","purchased_purges":0,"victory":true,"max_hp_per_floor":[75,80,80,80,80,80,80,80,80,80,80,80,80,80,80,80,80,80,80,80,80,80,80,80,80,80,80,80,80,82,84,84,84,84,86,86,88,88,88,90,90,90,90,92,94,94,96,96,98,98,98,98,98,100,100],"card_choices":[{"not_picked":["Rebound","Fusion"],"picked":"BootSequence","floor":0.0},{"not_picked":["Turbo","Loop"],"picked":"Ball Lightning","floor":0.0},{"not_picked":["Streamline","Ball Lightning"],"picked":"Aggregate","floor":0.0},{"not_picked":["Fusion","Chill"],"picked":"Go for the Eyes","floor":0.0},{"not_picked":["Ball Lightning","Sweeping Beam"],"picked":"Hologram","floor":0.0},{"not_picked":["Ball Lightning","White Noise"],"picked":"Stack","floor":0.0},{"not_picked":["Streamline","Recycle"],"picked":"Skim","floor":0.0},{"not_picked":["Coolheaded","Conserve Battery"],"picked":"Turbo","floor":0.0},{"not_picked":["Ball Lightning","Rebound"],"picked":"Sweeping Beam","floor":0.0},{"not_picked":["Barrage","Sweeping Beam"],"picked":"Loop","floor":0.0},{"not_picked":["Cold Snap","Reprogram"],"picked":"FTL","floor":0.0},{"not_picked":["Sweeping Beam","Tempest"],"picked":"Turbo","floor":0.0},{"not_picked":["Sweeping Beam","Lockon"],"picked":"Aggregate","floor":0.0},{"not_picked":["Turbo","Hello World"],"picked":"Doom and Gloom","floor":0.0},{"not_picked":["Loop","Coolheaded"],"picked":"Capacitor","floor":0.0},{"not_picked":["Scrape","Gash"],"picked":"Stack","floor":1.0},{"not_picked":["Go for the Eyes","Beam Cell"],"picked":"Stack","floor":4.0},{"not_picked":["Steam","Beam Cell","Recycle"],"picked":"SKIP","floor":5.0},{"not_picked":["Reprogram","Steam"],"picked":"Gash","floor":6.0},{"not_picked":["Coolheaded","Double Energy"],"picked":"Gash","floor":7.0},{"not_picked":["Reboot","Self Repair"],"picked":"Coolheaded","floor":10.0},{"not_picked":["Rebound","Steam"],"picked":"Conserve Battery","floor":13.0},{"not_picked":["Chill","Fusion"],"picked":"Self Repair","floor":14.0},{"not_picked":["Machine Learning","Fission"],"picked":"Biased Cognition","floor":16.0},{"not_picked":["Darkness","Recycle","Stack"],"picked":"SKIP","floor":18.0},{"not_picked":["Beam Cell","Machine Learning"],"picked":"Ball Lightning","floor":20.0},{"not_picked":["Blizzard","Steam"],"picked":"Compile Driver","floor":22.0},{"not_picked":["Reinforced Body","Leap"],"picked":"Hologram","floor":23.0},{"not_picked":["Static Discharge","Barrage+1","Ball Lightning+1"],"picked":"SKIP","floor":25.0},{"not_picked":["Blizzard","Go for the Eyes"],"picked":"Hologram","floor":28.0},{"not_picked":["Rebound","Rip and Tear","Auto Shields+1"],"picked":"Singing Bowl","floor":30.0},{"not_picked":["Barrage","Go for the Eyes","Genetic Algorithm"],"picked":"Singing Bowl","floor":31.0},{"not_picked":["Rainbow","Meteor Strike"],"picked":"All For One","floor":33.0},{"not_picked":["Leap+1"],"picked":"Singing Bowl","floor":35.0},{"not_picked":["Ball Lightning"],"picked":"Singing Bowl","floor":37.0},{"not_picked":["Streamline"],"picked":"Singing Bowl","floor":40.0},{"not_picked":[],"picked":"Coolheaded+1","floor":42.0},{"not_picked":["Hello World+1"],"picked":"Singing Bowl","floor":44.0},{"not_picked":["Cold Snap"],"picked":"Singing Bowl","floor":45.0},{"not_picked":["Rebound+1"],"picked":"Singing Bowl","floor":47.0},{"not_picked":[],"picked":"Buffer+1","floor":48.0},{"not_picked":["Redo+1"],"picked":"Singing Bowl","floor":49.0},{"not_picked":["Lockon+1"],"picked":"Singing Bowl","floor":54.0}],"player_experience":1163516,"relics_obtained":[{"floor":6.0,"key":"WingedGreaves"},{"floor":7.0,"key":"Tiny Chest"},{"floor":9.0,"key":"Gremlin Horn"},{"floor":10.0,"key":"Omamori"},{"floor":22.0,"key":"Red Mask"},{"floor":23.0,"key":"Bag of Preparation"},{"floor":23.0,"key":"Pen Nib"},{"floor":25.0,"key":"Boot"},{"floor":25.0,"key":"Bottled Lightning"},{"floor":26.0,"key":"Regal Pillow"},{"floor":30.0,"key":"Bag of Marbles"},{"floor":30.0,"key":"Singing Bowl"},{"floor":37.0,"key":"Ginger"},{"floor":38.0,"key":"Mummified Hand"},{"floor":39.0,"key":"Emotion Chip"},{"floor":40.0,"key":"Matryoshka"},{"floor":40.0,"key":"Ancient Tea Set"},{"floor":42.0,"key":"The Courier"},{"floor":42.0,"key":"Potion Belt"},{"floor":43.0,"key":"Bronze Scales"},{"floor":47.0,"key":"Dream Catcher"},{"floor":47.0,"key":"Pocketwatch"},{"floor":48.0,"key":"Orichalcum"},{"floor":48.0,"key":"Ornamental Fan"},{"floor":54.0,"key":"Bird Faced Urn"},{"floor":54.0,"key":"Bottled Flame"}],"event_choices":[{"damage_healed":0.0,"max_hp_gain":5.0,"max_hp_loss":0.0,"gold_gain":0.0,"event_name":"Big Fish","player_choice":"Donut","floor":2.0,"gold_loss":0.0,"damage_taken":0.0},{"damage_healed":0.0,"max_hp_gain":0.0,"max_hp_loss":0.0,"gold_gain":0.0,"cards_transformed":["BootSequence"],"event_name":"Living Wall","player_choice":"Change","floor":3.0,"gold_loss":0.0,"damage_taken":0.0,"cards_obtained":["Core Surge"]},{"damage_healed":0.0,"max_hp_gain":0.0,"max_hp_loss":0.0,"gold_gain":76.0,"event_name":"Golden Wing","player_choice":"Gained Gold","floor":8.0,"gold_loss":0.0,"damage_taken":0.0},{"damage_healed":0.0,"max_hp_gain":0.0,"max_hp_loss":0.0,"gold_gain":75.0,"event_name":"World of Goop","player_choice":"Gather Gold","floor":11.0,"gold_loss":0.0,"damage_taken":11.0},{"damage_healed":0.0,"max_hp_gain":0.0,"max_hp_loss":0.0,"gold_gain":0.0,"event_name":"Beggar","player_choice":"Ignored","floor":21.0,"gold_loss":0.0,"damage_taken":0.0},{"damage_healed":0.0,"max_hp_gain":0.0,"max_hp_loss":0.0,"gold_gain":0.0,"event_name":"Masked Bandits","player_choice":"Fought Bandits","floor":22.0,"gold_loss":0.0,"damage_taken":0.0},{"damage_healed":0.0,"max_hp_gain":0.0,"max_hp_loss":0.0,"gold_gain":0.0,"event_name":"The Library","player_choice":"Read","floor":29.0,"gold_loss":0.0,"damage_taken":0.0,"cards_obtained":["Coolheaded"]},{"damage_healed":0.0,"max_hp_gain":0.0,"max_hp_loss":0.0,"gold_gain":0.0,"event_name":"Mysterious Sphere","player_choice":"Fight","floor":37.0,"gold_loss":0.0,"damage_taken":0.0},{"damage_healed":0.0,"max_hp_gain":0.0,"max_hp_loss":0.0,"gold_gain":0.0,"event_name":"Winding Halls","player_choice":"Embrace Madness","floor":41.0,"gold_loss":0.0,"damage_taken":11.0,"cards_obtained":["Madness","Madness"]}],"is_beta":false,"boss_relics":[{"not_picked":["Velvet Choker","Inserter"],"picked":"Black Star"},{"not_picked":["Eternal Feather","Empty Cage"],"picked":"Busted Crown"}],"items_purged_floors":[],"is_endless":false,"potions_floor_spawned":[4,6,7,10,16,18,23,28,30,33,35,40,47,54],"ascension_level":1}