{"gold_per_floor":[109,36,49,49,66,96,114,143,155,167,197,209],"floor_reached":12,"playtime":346,"items_purged":[],"score":95,"play_id":"f76ce801-0b3e-4da1-968d-3022acdc8739","local_time":"20190920235640","daily_mods":["Heirloom","Red Cards","Binary"],"is_ascension_mode":true,"campfire_choices":[{"floor":10.0,"key":"REST"}],"neow_cost":"","seed_source_timestamp":0,"circlet_count":0,"master_deck":["Strike_B","Strike_B","Strike_B","Strike_B","Defend_B","Defend_B","Defend_B","Defend_B","Zap","Dualcast","FTL","Leap","Gash","Leap","Coolheaded"],"special_seed":0,"relics":["Cracked Core","Ginger","Dream Catcher","MawBank","Kunai"],"potions_floor_usage":[12],"damage_taken":[{"damage":3.0,"enemies":"2 Louse","floor":1.0,"turns":2.0},{"damage":1.0,"enemies":"Jaw Worm","floor":3.0,"turns":3.0},{"damage":0.0,"enemies":"Cultist","floor":5.0,"turns":3.0},{"damage":31.0,"enemies":"Gremlin Nob","floor":6.0,"turns":5.0},{"damage":0.0,"enemies":"Looter","floor":7.0,"turns":3.0},{"damage":25.0,"enemies":"3 Sentries","floor":8.0,"turns":8.0},{"damage":2.0,"enemies":"3 Louse","floor":11.0,"turns":3.0},{"damage":44,"enemies":"Gremlin Nob","floor":12,"turns":4}],"seed_played":"-2454651175448261409","potions_obtained":[{"floor":1.0,"key":"Weak Potion"},{"floor":3.0,"key":"SneckoOil"},{"floor":8.0,"key":"LiquidBronze"}],"is_trial":true,"path_per_floor":["M","$","M","?","M","E","M","E","T","R","M","E"],"character_chosen":"DEFECT","items_purchased":["FTL"],"campfire_rested":1,"item_purchase_floors":[2],"current_hp_per_floor":[72,72,71,71,71,40,40,15,15,37,35,0],"gold":209,"neow_bonus":"","is_prod":false,"is_daily":false,"chose_seed":false,"campfire_upgraded":0,"win_rate":0,"timestamp":1569049000,"path_taken":["M","?","M","?","M","E","M","E","T","R","M","E"],"build_version":"2019-07-17","purchased_purges":0,"victory":false,"max_hp_per_floor":[75,75,75,75,75,75,75,75,75,75,75,75],"card_choices":[{"not_picked":["Combust","Inflame"],"picked":"SKIP","floor":1.0},{"not_picked":["Body Slam"],"picked":"Leap","floor":3.0},{"not_picked":["Perfected Strike"],"picked":"Gash","floor":5.0},{"not_picked":["Stack","Cleave"],"picked":"SKIP","floor":6.0},{"not_picked":["Sword Boomerang","Warcry"],"picked":"SKIP","floor":7.0},{"not_picked":["Undo"],"picked":"Leap","floor":8.0},{"not_picked":["Doom and Gloom"],"picked":"Coolheaded","floor":11.0}],"player_experience":1201460,"relics_obtained":[{"floor":6.0,"key":"Dream Catcher"},{"floor":8.0,"key":"MawBank"},{"floor":9.0,"key":"Kunai"}],"event_choices":[{"damage_healed":0.0,"max_hp_gain":0.0,"max_hp_loss":0.0,"gold_gain":0.0,"event_name":"Liars Game","player_choice":"Ignored","floor":4.0,"gold_loss":0.0,"damage_taken":0.0}],"is_beta":false,"boss_relics":[],"items_purged_floors":[],"is_endless":false,"potions_floor_spawned":[1,3,8],"killed_by":"Gremlin Nob","ascension_level":1}