{"gold_per_floor":[216,235,235,235,245,276,276,290,290,290,300,335,10,23,23,119,119,139,139,139,54,54,54,83,8,35,35,68,68,80,80,80,178,178,191,191,207,217,117,117,150,169,250,250,269,269,269,93,93,93],"floor_reached":51,"playtime":3984,"items_purged":["Strike_B","Strike_B","Defend_B"],"score":1059,"play_id":"6976a813-0c92-4eb2-bb78-2801c5c2a3f4","local_time":"20190922220030","is_ascension_mode":true,"campfire_choices":[{"data":"Self Repair","floor":7.0,"key":"SMITH"},{"data":"Recycle","floor":10.0,"key":"SMITH"},{"floor":15.0,"key":"REST"},{"floor":23.0,"key":"REST"},{"floor":27.0,"key":"REST"},{"floor":32.0,"key":"REST"},{"floor":40,"key":"REST"},{"floor":44,"key":"REST"},{"floor":47,"key":"REST"},{"floor":49,"key":"REST"}],"neow_cost":"NONE","seed_source_timestamp":0,"circlet_count":0,"master_deck":["AscendersBane","Defend_B+1","Defend_B+1","Defend_B","Zap","Dualcast","Gash","Gash","Recycle+1","Beam Cell","Steam","Conserve Battery","Gash","Hologram","Gash","Beam Cell+1","Gash","Machine Learning+1","Flash of Steel","Gash+1","Gash+1","Gash+1","Leap+1"],"special_seed":0,"relics":["FrozenCore","Prayer Wheel","Incense Burner","Mercury Hourglass","DollysMirror","Fusion Hammer","Boot","Frozen Egg 2","MutagenicStrength","Darkstone Periapt","Centennial Puzzle","Red Mask","Ornamental Fan","Omamori","Pear"],"potions_floor_usage":[50],"damage_taken":[{"damage":3.0,"enemies":"2 Louse","floor":1.0,"turns":3.0},{"damage":7.0,"enemies":"Small Slimes","floor":2.0,"turns":4.0},{"damage":3.0,"enemies":"Cultist","floor":5.0,"turns":4.0},{"damage":25.0,"enemies":"3 Sentries","floor":6.0,"turns":8.0},{"damage":10.0,"enemies":"Red Slaver","floor":8.0,"turns":4.0},{"damage":0.0,"enemies":"Large Slime","floor":11.0,"turns":4.0},{"damage":28.0,"enemies":"Gremlin Nob","floor":12.0,"turns":4.0},{"damage":0.0,"enemies":"Looter","floor":14.0,"turns":3.0},{"damage":24.0,"enemies":"The Guardian","floor":16.0,"turns":11.0},{"damage":17.0,"enemies":"3 Byrds","floor":18.0,"turns":5.0},{"damage":47.0,"enemies":"Slavers","floor":24.0,"turns":7.0},{"damage":17.0,"enemies":"Masked Bandits","floor":28.0,"turns":4.0},{"damage":15.0,"enemies":"Spheric Guardian","floor":30.0,"turns":4.0},{"damage":49.0,"enemies":"Collector","floor":33.0,"turns":9.0},{"damage":0.0,"enemies":"Orb Walker","floor":35.0,"turns":4.0},{"damage":18.0,"enemies":"3 Darklings","floor":37.0,"turns":5.0},{"damage":16.0,"enemies":"4 Shapes","floor":38.0,"turns":6.0},{"damage":28,"enemies":"Nemesis","floor":41,"turns":5},{"damage":0,"enemies":"Spire Growth","floor":42,"turns":4},{"damage":0,"enemies":"Sphere and 2 Shapes","floor":45,"turns":4},{"damage":63,"enemies":"Time Eater","floor":50,"turns":9}],"seed_played":"-7182619240073669278","potions_obtained":[{"floor":2.0,"key":"AttackPotion"},{"floor":11.0,"key":"FearPotion"},{"floor":12.0,"key":"SkillPotion"},{"floor":18.0,"key":"SmokeBomb"},{"floor":24.0,"key":"EssenceOfSteel"},{"floor":28.0,"key":"Strength Potion"},{"floor":33.0,"key":"SkillPotion"},{"floor":37.0,"key":"EssenceOfSteel"},{"floor":45,"key":"SkillPotion"}],"is_trial":false,"path_per_floor":["M","M","?","?","M","E","R","M","T","R","M","E","$","M","R","B",null,"M","T","?","?","?","R","E","?","T","R","?","T","M","?","R","B",null,"M","?","M","M","$","R","E","M","T","R","M","?","R","$","R","B",null],"character_chosen":"DEFECT","items_purchased":["DollysMirror","Block Potion","Swift Potion"],"campfire_rested":8,"item_purchase_floors":[13,13,48],"current_hp_per_floor":[65,58,43,43,47,29,29,29,29,29,39,21,21,21,43,29,64,57,57,43,43,43,67,30,30,30,54,47,47,42,42,66,27,67,77,77,69,63,63,80,62,72,82,90,90,90,90,90,90,27],"gold":93,"neow_bonus":"HUNDRED_GOLD","is_prod":false,"is_daily":false,"chose_seed":false,"campfire_upgraded":2,"win_rate":0,"timestamp":1569204030,"path_taken":["M","M","?","?","M","E","R","?","T","R","M","E","$","M","R","BOSS","M","?","?","?","?","R","E","?","T","R","?","?","?","?","R","BOSS","M","?","M","M","$","R","E","M","T","R","M","?","R","$","R","BOSS"],"build_version":"2019-07-17","purchased_purges":3,"victory":true,"max_hp_per_floor":[75,75,75,75,75,75,75,75,75,75,75,75,75,75,75,75,75,75,75,80,80,80,80,80,80,80,80,80,80,80,80,80,80,80,80,80,80,80,80,80,80,80,90,90,90,90,90,90,90,90],"card_choices":[{"not_picked":["Skim","Rebound"],"picked":"Gash","floor":1.0},{"not_picked":["Skim","Leap"],"picked":"Self Repair","floor":2.0},{"not_picked":["Coolheaded","Ball Lightning","Redo"],"picked":"SKIP","floor":5.0},{"not_picked":["Turbo","Sweeping Beam"],"picked":"Gash","floor":6.0},{"not_picked":["Cold Snap","Sweeping Beam"],"picked":"Recycle","floor":8.0},{"not_picked":["Stack","Barrage"],"picked":"Beam Cell","floor":8.0},{"not_picked":["Cold Snap","Ball Lightning"],"picked":"Steam","floor":11.0},{"not_picked":["BootSequence","Hello World","Barrage"],"picked":"SKIP","floor":11.0},{"not_picked":["Machine Learning","Auto Shields"],"picked":"Conserve Battery","floor":12.0},{"not_picked":["Ball Lightning","Steam"],"picked":"Hologram","floor":14.0},{"not_picked":["Beam Cell","Ball Lightning","Loop"],"picked":"SKIP","floor":14.0},{"not_picked":["Rebound","Reprogram+1"],"picked":"Gash","floor":18.0},{"not_picked":["Aggregate","Conserve Battery","Barrage"],"picked":"SKIP","floor":18.0},{"not_picked":["Consume+1","Redo","Streamline"],"picked":"SKIP","floor":24.0},{"not_picked":["Barrage","Hello World+1"],"picked":"Beam Cell+1","floor":28.0},{"not_picked":["Redo","Streamline","Consume"],"picked":"SKIP","floor":30.0},{"not_picked":["Cold Snap+1","Scrape","Turbo"],"picked":"SKIP","floor":30.0},{"not_picked":["Multi-Cast","Biased Cognition+1"],"picked":"Machine Learning+1","floor":33.0},{"not_picked":["Self Repair+1","Sweeping Beam","Fusion+1"],"picked":"SKIP","floor":35.0},{"not_picked":["Stack+1","Tempest+1","Go for the Eyes"],"picked":"SKIP","floor":35.0},{"not_picked":["Mind Blast","Deep Breath"],"picked":"Flash of Steel","floor":36.0},{"not_picked":["Reprogram+1","Redo+1","Beam Cell+1"],"picked":"SKIP","floor":37.0},{"not_picked":["Beam Cell","Cold Snap+1","Meteor Strike"],"picked":"SKIP","floor":37.0},{"not_picked":["BootSequence","Recycle+1"],"picked":"Gash+1","floor":38.0},{"not_picked":["Chaos","White Noise+1","Streamline"],"picked":"SKIP","floor":38.0},{"not_picked":["Turbo","Melter+1"],"picked":"Gash+1","floor":41},{"not_picked":["Streamline+1","Hologram"],"picked":"Gash+1","floor":42},{"not_picked":["Glacier","Beam Cell","Streamline"],"picked":"SKIP","floor":42},{"not_picked":["Genetic Algorithm","Undo+1"],"picked":"Leap+1","floor":45},{"not_picked":["Reprogram+1","Steam","Stack+1"],"picked":"SKIP","floor":45}],"player_experience":344875,"relics_obtained":[{"floor":6.0,"key":"Prayer Wheel"},{"floor":9.0,"key":"Incense Burner"},{"floor":12.0,"key":"Mercury Hourglass"},{"floor":19.0,"key":"Boot"},{"floor":24.0,"key":"Darkstone Periapt"},{"floor":26.0,"key":"Centennial Puzzle"},{"floor":28.0,"key":"Red Mask"},{"floor":29.0,"key":"Ornamental Fan"},{"floor":41,"key":"Omamori"},{"floor":43,"key":"Pear"}],"event_choices":[{"damage_healed":0.0,"max_hp_gain":0.0,"max_hp_loss":0.0,"gold_gain":0.0,"event_name":"Shining Light","player_choice":"Entered Light","floor":3.0,"gold_loss":0.0,"damage_taken":15.0,"cards_upgraded":["Defend_B","Defend_B"]},{"cards_removed":["Strike_B"],"damage_healed":0.0,"max_hp_gain":0.0,"max_hp_loss":0.0,"gold_gain":0.0,"event_name":"Bonfire Elementals","player_choice":"Offered Basic","floor":4.0,"gold_loss":0.0,"damage_taken":0.0},{"damage_healed":0.0,"max_hp_gain":5.0,"max_hp_loss":0.0,"gold_gain":0.0,"event_name":"Forgotten Altar","player_choice":"Shed Blood","floor":20.0,"gold_loss":0.0,"damage_taken":19.0},{"damage_healed":0.0,"max_hp_gain":0.0,"max_hp_loss":0.0,"gold_gain":0.0,"event_name":"Addict","player_choice":"Obtained Relic","floor":21.0,"gold_loss":85.0,"damage_taken":0.0,"relics_obtained":["Frozen Egg 2"]},{"damage_healed":0.0,"max_hp_gain":0.0,"max_hp_loss":0.0,"gold_gain":0.0,"event_name":"Drug Dealer","player_choice":"Inject Mutagens","floor":22.0,"gold_loss":0.0,"damage_taken":0.0,"relics_obtained":["MutagenicStrength"]},{"cards_removed":["Strike_B"],"damage_healed":0.0,"max_hp_gain":0.0,"max_hp_loss":0.0,"gold_gain":0.0,"event_name":"Beggar","player_choice":"Gave Gold","floor":25.0,"gold_loss":75.0,"damage_taken":0.0},{"damage_healed":0.0,"max_hp_gain":0.0,"max_hp_loss":0.0,"gold_gain":0.0,"event_name":"Masked Bandits","player_choice":"Fought Bandits","floor":28.0,"gold_loss":0.0,"damage_taken":0.0},{"damage_healed":0.0,"max_hp_gain":0.0,"max_hp_loss":0.0,"gold_gain":0.0,"event_name":"The Library","player_choice":"Read","floor":31.0,"gold_loss":0.0,"damage_taken":0.0,"cards_obtained":["Gash"]},{"damage_healed":0.0,"max_hp_gain":0.0,"max_hp_loss":0.0,"gold_gain":0.0,"event_name":"SensoryStone","player_choice":"Memory 1","floor":36.0,"gold_loss":0.0,"damage_taken":0.0},{"cards_removed":["Self Repair"],"damage_healed":0,"gold_gain":0,"player_choice":"Removed Power","damage_taken":0,"max_hp_gain":0,"max_hp_loss":0,"event_name":"Falling","floor":46,"gold_loss":0}],"is_beta":false,"boss_relics":[{"not_picked":["Tiny House","Snecko Eye"],"picked":"Fusion Hammer"},{"not_picked":["Coffee Dripper","Orrery"],"picked":"FrozenCore"}],"items_purged_floors":[13,39,48],"is_endless":false,"potions_floor_spawned":[2,11,12,18,24,28,33,37,45],"ascension_level":11}