{"gold_per_floor":[110,110,39,39,39,75,108,141,141,141,172,172,206,242,242,371,371,389,389,266,266,266,305,305,338,338,382,417,448,483,39,39,159,159,182,182,205,205,205,249,249,280,280,321,356,356,286,0,0,0,0,0,0,43,43],"floor_reached":56,"playtime":2327,"items_purged":["Decay"],"score":1806,"play_id":"c0bc7050-a247-4882-80d9-a8dc09e69c80","local_time":"20190919053007","daily_mods":["SealedDeck","Flight","Lethality"],"is_ascension_mode":true,"campfire_choices":[{"data":"Beam Cell","floor":10,"key":"SMITH"},{"data":"Hologram","floor":12,"key":"SMITH"},{"data":"Coolheaded","floor":15,"key":"SMITH"},{"data":"Go for the Eyes","floor":24,"key":"SMITH"},{"data":"Hologram","floor":32,"key":"SMITH"},{"floor":49,"key":"RECALL"},{"floor":52,"key":"DIG"}],"neow_cost":"","seed_source_timestamp":0,"circlet_count":0,"master_deck":["Compile Driver","Leap+1","Conserve Battery+1","Gash","Coolheaded+1","Go for the Eyes","Beam Cell+1","Hologram+1","Skim","Gash","Glacier","Hologram+1","Skim","White Noise+1","Hologram+1","Rebound","Go for the Eyes+1","Chill+1","Glacier+1","Cold Snap+1","Core Surge+1","Hologram+1","Conserve Battery+1","Fission+1","All For One+1","FTL+1","Coolheaded+1"],"relics":["FrozenCore","Golden Idol","Kunai","Shovel","Darkstone Periapt","War Paint","Matryoshka","Bottled Flame","Art of War","Juzu Bracelet","Inserter","Mercury Hourglass","Meat on the Bone","Boot","Ornamental Fan","Toxic Egg 2","Blood Vial","Happy Flower","Molten Egg 2","Bronze Scales","Prayer Wheel","Strawberry","Smiling Mask","Regal Pillow","Centennial Puzzle","Symbiotic Virus","Red Mask","Dodecahedron","Anchor"],"potions_floor_usage":[29,55,55,55],"damage_taken":[{"damage":0,"enemies":"Jaw Worm","floor":1,"turns":2},{"damage":0,"enemies":"Lagavulin","floor":6,"turns":4},{"damage":4,"enemies":"Gremlin Nob","floor":7,"turns":3},{"damage":0,"enemies":"Lagavulin","floor":8,"turns":3},{"damage":1,"enemies":"3 Sentries","floor":11,"turns":4},{"damage":0,"enemies":"Gremlin Nob","floor":13,"turns":2},{"damage":0,"enemies":"3 Sentries","floor":14,"turns":4},{"damage":9,"enemies":"Hexaghost","floor":16,"turns":5},{"damage":0,"enemies":"2 Thieves","floor":18,"turns":3},{"damage":10,"enemies":"Book of Stabbing","floor":23,"turns":3},{"damage":35,"enemies":"Slavers","floor":25,"turns":4},{"damage":4,"enemies":"Book of Stabbing","floor":27,"turns":4},{"damage":5,"enemies":"Gremlin Leader","floor":28,"turns":4},{"damage":2,"enemies":"Slavers","floor":29,"turns":3},{"damage":7,"enemies":"Book of Stabbing","floor":30,"turns":5},{"damage":14,"enemies":"Collector","floor":33,"turns":8},{"damage":0,"enemies":"3 Darklings","floor":35,"turns":4},{"damage":0,"enemies":"3 Shapes","floor":37,"turns":4},{"damage":0,"enemies":"Giant Head","floor":40,"turns":7},{"damage":0,"enemies":"Nemesis","floor":42,"turns":6},{"damage":1,"enemies":"Reptomancer","floor":44,"turns":5},{"damage":0,"enemies":"Giant Head","floor":45,"turns":6},{"damage":0,"enemies":"Awakened One","floor":50,"turns":7},{"damage":0,"enemies":"Shield and Spear","floor":54,"turns":3},{"damage":18,"enemies":"The Heart","floor":55,"turns":6}],"seed_played":"2470643118308447557","potions_obtained":[{"floor":6,"key":"Strength Potion"},{"floor":11,"key":"Swift Potion"},{"floor":13,"key":"Explosive Potion"},{"floor":29,"key":"Energy Potion"}],"is_trial":true,"path_per_floor":["M","?","$","?","?","E","E","E","T","R","E","R","E","E","R","B",null,"M","?","$","?","?","E","R","E","T","E","E","E","E","$","R","B",null,"M","?","M","?","?","E","?","E","T","E","E","?","$","?","R","B",null,"R","$","E","B",null],"character_chosen":"DEFECT","items_purchased":["Skim","Hologram","Bronze Scales","Prayer Wheel","FTL+1"],"campfire_rested":0,"item_purchase_floors":[3,20,31,31,47],"current_hp_per_floor":[75,57,57,57,57,57,53,53,53,53,52,52,52,52,52,43,75,75,81,81,81,81,71,71,36,36,44,51,51,46,46,46,46,81,81,81,81,81,77,84,84,84,84,83,84,84,84,84,84,84,84,84,84,84,66],"gold":43,"neow_bonus":"","is_prod":false,"is_daily":false,"chose_seed":false,"campfire_upgraded":5,"win_rate":0,"timestamp":1568896207,"path_taken":["M","?","$","?","?","E","E","E","T","R","E","R","E","E","R","BOSS","M","?","$","?","?","E","R","E","T","E","E","E","E","$","R","BOSS","M","?","M","?","?","E","?","E","T","E","E","?","$","?","R","BOSS","R","$","E","BOSS"],"build_version":"2019-07-17","purchased_purges":1,"victory":true,"max_hp_per_floor":[75,75,75,75,75,75,75,75,75,75,75,75,75,75,75,75,75,75,81,81,81,81,81,81,81,81,81,81,81,81,81,81,81,81,81,81,81,81,77,84,84,84,84,84,84,84,84,84,84,84,84,84,84,84,84],"card_choices":[{"not_picked":["Steam","Coolheaded"],"picked":"Hologram","floor":1},{"not_picked":["Darkness","Creative AI"],"picked":"Gash","floor":6},{"not_picked":["Sunder","Multi-Cast"],"picked":"Glacier","floor":7},{"not_picked":["Sweeping Beam","Hyperbeam","Turbo"],"picked":"SKIP","floor":8},{"not_picked":["Cold Snap","Ball Lightning"],"picked":"Hologram","floor":11},{"not_picked":["Chaos","Streamline"],"picked":"Skim","floor":13},{"not_picked":["Ball Lightning","Heatsinks","Compile Driver"],"picked":"SKIP","floor":14},{"not_picked":["Undo","Sweeping Beam+1"],"picked":"White Noise+1","floor":18},{"not_picked":["Barrage","Leap+1"],"picked":"Go for the Eyes","floor":23},{"not_picked":["Barrage","Turbo","Sweeping Beam"],"picked":"SKIP","floor":25},{"not_picked":["Double Energy","Streamline","Cold Snap"],"picked":"SKIP","floor":27},{"not_picked":["Redo+1","Doom and Gloom+1"],"picked":"Chill+1","floor":28},{"not_picked":["Force Field+1","Reprogram+1"],"picked":"Glacier+1","floor":29},{"not_picked":["Streamline","Rip and Tear"],"picked":"Cold Snap","floor":30},{"not_picked":["Hyperbeam+1","Seek+1"],"picked":"Core Surge+1","floor":33},{"not_picked":["Beam Cell+1","Capacitor"],"picked":"Hologram+1","floor":35},{"not_picked":["Stack+1","Chaos+1","Barrage+1"],"picked":"SKIP","floor":35},{"not_picked":["Ball Lightning+1","Double Energy+1"],"picked":"Conserve Battery+1","floor":37},{"not_picked":["Chaos+1","Capacitor","Genetic Algorithm+1"],"picked":"SKIP","floor":37},{"not_picked":["Skim+1","Redo+1"],"picked":"Fission+1","floor":40},{"not_picked":["Ball Lightning+1","Genetic Algorithm+1","Leap+1"],"picked":"SKIP","floor":42},{"not_picked":["Static Discharge","Sunder+1"],"picked":"All For One+1","floor":44},{"not_picked":["Streamline+1","BootSequence+1","Go for the Eyes+1"],"picked":"SKIP","floor":45},{"not_picked":["Streamline+1","Compile Driver+1"],"picked":"Coolheaded+1","floor":54}],"player_experience":1178692,"relics_obtained":[{"floor":6,"key":"Shovel"},{"floor":7,"key":"Darkstone Periapt"},{"floor":8,"key":"War Paint"},{"floor":9,"key":"Matryoshka"},{"floor":11,"key":"Bottled Flame"},{"floor":13,"key":"Art of War"},{"floor":14,"key":"Juzu Bracelet"},{"floor":23,"key":"Mercury Hourglass"},{"floor":25,"key":"Meat on the Bone"},{"floor":26,"key":"Boot"},{"floor":26,"key":"Ornamental Fan"},{"floor":27,"key":"Toxic Egg 2"},{"floor":28,"key":"Blood Vial"},{"floor":29,"key":"Happy Flower"},{"floor":30,"key":"Molten Egg 2"},{"floor":40,"key":"Strawberry"},{"floor":42,"key":"Smiling Mask"},{"floor":43,"key":"Regal Pillow"},{"floor":44,"key":"Centennial Puzzle"},{"floor":45,"key":"Symbiotic Virus"},{"floor":52,"key":"Dodecahedron"},{"floor":54,"key":"Anchor"}],"event_choices":[{"damage_healed":0,"gold_gain":0,"player_choice":"Take Damage","damage_taken":18,"relics_obtained":["Golden Idol"],"max_hp_gain":0,"max_hp_loss":0,"event_name":"Golden Idol","floor":2,"gold_loss":0},{"damage_healed":0,"gold_gain":0,"player_choice":"Grow","damage_taken":0,"max_hp_gain":0,"max_hp_loss":0,"event_name":"Living Wall","floor":4,"gold_loss":0,"cards_upgraded":["Hologram"]},{"cards_removed":["Leap"],"damage_healed":0,"gold_gain":0,"player_choice":"Gave Card","damage_taken":0,"relics_obtained":["Kunai"],"max_hp_gain":0,"max_hp_loss":0,"event_name":"WeMeetAgain","floor":5,"gold_loss":0},{"damage_healed":0,"gold_gain":0,"player_choice":"Cursed","damage_taken":0,"max_hp_gain":0,"max_hp_loss":0,"event_name":"Wheel of Change","floor":19,"gold_loss":0,"cards_obtained":["Decay"]},{"damage_healed":0,"gold_gain":0,"player_choice":"Ignored","damage_taken":0,"max_hp_gain":0,"max_hp_loss":0,"event_name":"Ghosts","floor":21,"gold_loss":0},{"damage_healed":0,"gold_gain":0,"player_choice":"Read","damage_taken":0,"max_hp_gain":0,"max_hp_loss":0,"event_name":"The Library","floor":22,"gold_loss":0,"cards_obtained":["Rebound"]},{"damage_healed":0,"gold_gain":0,"player_choice":"Got Potions","damage_taken":0,"max_hp_gain":0,"max_hp_loss":0,"event_name":"Lab","floor":36,"gold_loss":0},{"cards_removed":["Leap"],"damage_healed":0,"gold_gain":0,"player_choice":"Purged","damage_taken":0,"max_hp_gain":0,"max_hp_loss":0,"event_name":"Purifier","floor":38,"gold_loss":0},{"damage_healed":0,"gold_gain":0,"player_choice":"Max HP","damage_taken":0,"max_hp_gain":0,"max_hp_loss":4,"event_name":"Winding Halls","floor":39,"gold_loss":0},{"damage_healed":0,"gold_gain":0,"player_choice":"Memory 1","damage_taken":0,"max_hp_gain":0,"max_hp_loss":0,"event_name":"SensoryStone","floor":41,"gold_loss":0},{"cards_removed":["Ball Lightning"],"damage_healed":0,"gold_gain":0,"player_choice":"Removed Attack","damage_taken":0,"max_hp_gain":0,"max_hp_loss":0,"event_name":"Falling","floor":46,"gold_loss":0},{"damage_healed":0,"gold_gain":0,"player_choice":"Paid","damage_taken":0,"relics_obtained":["Red Mask"],"max_hp_gain":0,"max_hp_loss":0,"event_name":"Tomb of Lord Red Mask","floor":48,"gold_loss":286}],"is_beta":false,"boss_relics":[{"not_picked":["Runic Dome","Nuclear Battery"],"picked":"Inserter"},{"not_picked":["Empty Cage","Philosopher\u0027s Stone"],"picked":"FrozenCore"}],"items_purged_floors":[20],"is_endless":false,"potions_floor_spawned":[6,11,13,14,18,27,29,33,37,40,45,54],"ascension_level":1}