{"gold_per_floor":[214,214,233,256,256,256,272,252,277,310,334,347,62,83,83,181,181,206,206,206,229,229,259,259,277,301,301,46,63,63,82,82,82],"floor_reached":33,"playtime":1697,"items_purged":["Strike_G"],"score":494,"play_id":"9968ab72-63b1-4d3a-b6b8-23b4c929bcb1","local_time":"20190409023257","is_ascension_mode":true,"campfire_choices":[{"data":"Neutralize","floor":6.0,"key":"SMITH"},{"floor":15.0,"key":"REST"},{"floor":24.0,"key":"REST"},{"floor":27,"key":"REST"},{"data":"Cloak And Dagger","floor":30,"key":"SMITH"},{"floor":32,"key":"REST"}],"neow_cost":"NONE","seed_source_timestamp":341431363527227,"circlet_count":0,"master_deck":["AscendersBane","Defend_G","Defend_G","Defend_G","Defend_G","Defend_G","Strike_G","Strike_G","Strike_G","Strike_G","Survivor","Neutralize+1","Noxious Fumes","PiercingWail","Caltrops","Calculated Gamble","Dash","Cloak And Dagger+1","Noxious Fumes","Corpse Explosion","Expertise","Writhe","Underhanded Strike","Cloak And Dagger","Heel Hook","Backflip","Escape Plan","Dodge and Roll+1","Expertise"],"special_seed":0,"relics":["Ring of the Snake","Bloody Idol","Juzu Bracelet","Blood Vial","Centennial Puzzle","HoveringKite","Vajra","Regal Pillow","Dream Catcher","Snake Skull"],"potions_floor_usage":[],"damage_taken":[{"damage":0.0,"enemies":"Small Slimes","floor":1.0,"turns":5.0},{"damage":12.0,"enemies":"Jaw Worm","floor":3.0,"turns":6.0},{"damage":0.0,"enemies":"Cultist","floor":7.0,"turns":5.0},{"damage":24.0,"enemies":"Gremlin Nob","floor":10.0,"turns":5.0},{"damage":3.0,"enemies":"Blue Slaver","floor":11.0,"turns":6.0},{"damage":5.0,"enemies":"Looter","floor":12.0,"turns":4.0},{"damage":4.0,"enemies":"2 Fungi Beasts","floor":14.0,"turns":4.0},{"damage":13.0,"enemies":"Hexaghost","floor":16.0,"turns":10.0},{"damage":17.0,"enemies":"Chosen","floor":18.0,"turns":6.0},{"damage":11.0,"enemies":"2 Thieves","floor":21.0,"turns":3.0},{"damage":13.0,"enemies":"Slavers","floor":23.0,"turns":5.0},{"damage":42,"enemies":"3 Cultists","floor":25,"turns":5},{"damage":9,"enemies":"Centurion and Healer","floor":29,"turns":7},{"damage":30,"enemies":"Snake Plant","floor":31,"turns":5},{"damage":70,"enemies":"Collector","floor":33,"turns":7}],"seed_played":"2009063955554940719","potions_obtained":[{"floor":7.0,"key":"AttackPotion"},{"floor":8.0,"key":"Weak Potion"},{"floor":10.0,"key":"PowerPotion"},{"floor":31,"key":"Explosive Potion"}],"is_trial":false,"path_per_floor":["M","?","M","T","?","R","M","?","T","E","M","M","$","M","R","B",null,"M","?","?","M","?","E","R","M","T","R","$","M","R","M","R","B"],"character_chosen":"THE_SILENT","items_purchased":["Dash","Cloak And Dagger","Noxious Fumes","Snake Skull","Escape Plan"],"campfire_rested":4,"item_purchase_floors":[13,13,13,28,28],"current_hp_per_floor":[59,59,47,47,47,47,47,47,47,25,24,21,21,19,37,26,52,37,37,37,28,28,22,55,20,25,58,58,56,56,33,60,0],"gold":82,"neow_bonus":"HUNDRED_GOLD","is_prod":false,"is_daily":false,"chose_seed":false,"campfire_upgraded":2,"win_rate":0,"timestamp":1554802377,"path_taken":["M","?","M","?","?","R","M","?","T","E","M","M","$","M","R","BOSS","M","?","?","M","?","E","R","M","T","R","$","M","R","M","R","BOSS"],"build_version":"2019-01-23","purchased_purges":1,"victory":false,"max_hp_per_floor":[66,60,60,60,60,60,60,60,60,60,60,60,60,60,60,60,60,60,60,60,60,60,60,60,60,60,60,60,60,60,60,60,60],"card_choices":[{"not_picked":["Outmaneuver","Dagger Throw","Slice"],"picked":"SKIP","floor":1.0},{"not_picked":["Endless Agony","Poisoned Stab"],"picked":"Noxious Fumes","floor":3.0},{"not_picked":["Terror","Dagger Throw"],"picked":"PiercingWail","floor":7.0},{"not_picked":["Choke","Poisoned Stab"],"picked":"Caltrops","floor":10.0},{"not_picked":["Endless Agony","Outmaneuver"],"picked":"Calculated Gamble","floor":11.0},{"not_picked":["Slice","Prepared","Finisher"],"picked":"SKIP","floor":12.0},{"not_picked":["Flechettes","Eviscerate","Flying Knee"],"picked":"SKIP","floor":14.0},{"not_picked":["Wraith Form v2","Doppelganger"],"picked":"Corpse Explosion","floor":16.0},{"not_picked":["Flechettes","Flying Knee"],"picked":"Expertise","floor":18.0},{"not_picked":["Footwork","Blade Dance"],"picked":"Underhanded Strike","floor":21.0},{"not_picked":["Deadly Poison","PiercingWail"],"picked":"Cloak And Dagger","floor":23.0},{"not_picked":["Riddle With Holes+1","Backstab"],"picked":"Heel Hook","floor":25},{"not_picked":["Underhanded Strike","Dash"],"picked":"Backflip","floor":27},{"not_picked":["Blade Dance","Concentrate"],"picked":"Dodge and Roll+1","floor":29},{"not_picked":["Dodge and Roll","Slice","Flying Knee"],"picked":"SKIP","floor":31},{"not_picked":["Cloak And Dagger","Dagger Throw"],"picked":"Expertise","floor":32}],"player_experience":987138,"relics_obtained":[{"floor":4.0,"key":"Juzu Bracelet"},{"floor":9.0,"key":"Blood Vial"},{"floor":10.0,"key":"Centennial Puzzle"},{"floor":23.0,"key":"Regal Pillow"},{"floor":26,"key":"Dream Catcher"}],"event_choices":[{"damage_healed":0.0,"max_hp_gain":0.0,"max_hp_loss":6.0,"gold_gain":0.0,"event_name":"Golden Idol","player_choice":"Lose Max HP","floor":2.0,"gold_loss":0.0,"damage_taken":0.0,"relics_obtained":["Golden Idol"]},{"damage_healed":0.0,"max_hp_gain":0.0,"max_hp_loss":0.0,"gold_gain":0.0,"event_name":"Liars Game","player_choice":"Ignored","floor":5.0,"gold_loss":0.0,"damage_taken":0.0},{"damage_healed":0.0,"max_hp_gain":0.0,"max_hp_loss":0.0,"gold_gain":0.0,"event_name":"The Woman in Blue","player_choice":"Bought 1 Potion","floor":8.0,"gold_loss":0.0,"damage_taken":0.0},{"damage_healed":0.0,"max_hp_gain":0.0,"max_hp_loss":0.0,"gold_gain":0.0,"event_name":"The Mausoleum","player_choice":"Opened","floor":19.0,"gold_loss":0.0,"damage_taken":0.0,"relics_obtained":["Vajra"],"cards_obtained":["Writhe"]},{"damage_healed":0.0,"max_hp_gain":0.0,"max_hp_loss":0.0,"gold_gain":0.0,"event_name":"Cursed Tome","player_choice":"Ignored","floor":20.0,"gold_loss":0.0,"damage_taken":0.0},{"damage_healed":0.0,"max_hp_gain":0.0,"max_hp_loss":0.0,"gold_gain":0.0,"event_name":"Forgotten Altar","player_choice":"Gave Idol","floor":22.0,"relics_lost":["Golden Idol"],"gold_loss":0.0,"damage_taken":0.0,"relics_obtained":["Bloody Idol"]}],"is_beta":false,"boss_relics":[{"not_picked":["Runic Pyramid","Ectoplasm"],"picked":"HoveringKite"}],"items_purged_floors":[13],"is_endless":false,"potions_floor_spawned":[7,10,11,14,18,31],"killed_by":"Collector","ascension_level":17}