{"gold_per_floor":[113,113,125,145,145,175,175,205,283,310,310,338,351,366,366,467,467,485,505,505,188,204,204,235,254,277,277,292,292,303,320,320,420,420,439,455,455,11,64,64,82,82,105,105,137,137,156,156,156,156],"floor_reached":51,"playtime":3484,"items_purged":["Strike_R","Strike_R"],"score":905,"play_id":"4a358620-de65-43dd-8f0a-72c3c708b8f0","local_time":"20190205105230","is_ascension_mode":true,"campfire_choices":[{"floor":7.0,"key":"REST"},{"data":"Bash","floor":11.0,"key":"SMITH"},{"floor":15.0,"key":"REST"},{"data":"Armaments","floor":23.0,"key":"SMITH"},{"data":"Pain","floor":27.0,"key":"PURGE"},{"data":"True Grit","floor":29.0,"key":"SMITH"},{"data":"Clothesline","floor":32,"key":"SMITH"},{"data":"Limit Break","floor":40,"key":"SMITH"},{"data":"Spot Weakness","floor":42,"key":"SMITH"},{"data":"Doubt","floor":44,"key":"PURGE"},{"data":"Limit Break","floor":46,"key":"SMITH"},{"floor":49,"key":"REST"}],"neow_cost":"NONE","seed_source_timestamp":1150395848404229,"circlet_count":0,"master_deck":["Strike_R","Strike_R","Defend_R","Defend_R","Defend_R","Defend_R","Bash+1","Limit Break+1","Evolve","Anger","Pommel Strike+1","True Grit+1","Spot Weakness+1","Ghostly Armor","Flame Barrier","Reaper","Whirlwind+1","Limit Break+1","Armaments+1","Havoc+1","Clothesline+1","Headbutt","Battle Trance+1","Disarm","Double Tap","Flame Barrier","Madness","Madness","Wild Strike+1","Armaments+1","Clothesline+1","Good Instincts","Trip","Dark Shackles"],"special_seed":0,"relics":["Burning Blood","Gambling Chip","Centennial Puzzle","Oddly Smooth Stone","Bottled Lightning","Bag of Preparation","Peace Pipe","Cursed Key","Lee\u0027s Waffle","The Courier","Philosopher\u0027s Stone","Bronze Scales","Whetstone","Blood Vial","Pocketwatch","Bag of Marbles","Regal Pillow"],"potions_floor_usage":[35,45,50,50],"damage_taken":[{"damage":1.0,"enemies":"2 Louse","floor":1.0,"turns":3.0},{"damage":9.0,"enemies":"Jaw Worm","floor":3.0,"turns":4.0},{"damage":0.0,"enemies":"Cultist","floor":4.0,"turns":2.0},{"damage":35.0,"enemies":"3 Sentries","floor":6.0,"turns":7.0},{"damage":8.0,"enemies":"Gremlin Nob","floor":8.0,"turns":3.0},{"damage":30.0,"enemies":"3 Sentries","floor":10.0,"turns":7.0},{"damage":20.0,"enemies":"Lagavulin","floor":12.0,"turns":5.0},{"damage":6.0,"enemies":"Exordium Thugs","floor":13.0,"turns":5.0},{"damage":3.0,"enemies":"Looter","floor":14.0,"turns":3.0},{"damage":34.0,"enemies":"Slime Boss","floor":16.0,"turns":11.0},{"damage":5.0,"enemies":"3 Byrds","floor":18.0,"turns":5.0},{"damage":22.0,"enemies":"2 Thieves","floor":19.0,"turns":2.0},{"damage":6.0,"enemies":"3 Cultists","floor":22.0,"turns":3.0},{"damage":16.0,"enemies":"Gremlin Leader","floor":24.0,"turns":5.0},{"damage":12.0,"enemies":"Chosen and Byrds","floor":25.0,"turns":4.0},{"damage":3.0,"enemies":"Centurion and Healer","floor":28.0,"turns":3.0},{"damage":24.0,"enemies":"Shelled Parasite and Fungi","floor":30.0,"turns":4.0},{"damage":8,"enemies":"Snecko","floor":31,"turns":5},{"damage":44,"enemies":"Champ","floor":33,"turns":7},{"damage":6,"enemies":"Orb Walker","floor":35,"turns":2},{"damage":22,"enemies":"3 Shapes","floor":36,"turns":4},{"damage":14,"enemies":"2 Orb Walkers","floor":39,"turns":2},{"damage":25,"enemies":"Spire Growth","floor":41,"turns":5},{"damage":37,"enemies":"Reptomancer","floor":45,"turns":5},{"damage":3,"enemies":"4 Shapes","floor":47,"turns":4},{"damage":46,"enemies":"Time Eater","floor":50,"turns":8}],"seed_played":"1782467468385169988","potions_obtained":[{"floor":3.0,"key":"SpeedPotion"},{"floor":4.0,"key":"GamblersBrew"},{"floor":6.0,"key":"BloodPotion"},{"floor":12.0,"key":"Poison Potion"},{"floor":13.0,"key":"Dexterity Potion"},{"floor":16.0,"key":"SteroidPotion"},{"floor":25.0,"key":"SkillPotion"},{"floor":31,"key":"Dexterity Potion"},{"floor":36,"key":"Explosive Potion"},{"floor":39,"key":"Strength Potion"}],"is_trial":false,"path_per_floor":["M","?","M","M","?","E","R","E","T","E","R","E","M","M","R","B",null,"M","M","?","$","M","R","E","M","T","R","M","R","M","M","R","B",null,"M","M","?","$","?","R","M","R","T","R","E","R","M","?","R","B",null],"character_chosen":"IRONCLAD","items_purchased":["Lee\u0027s Waffle","Armaments","Bronze Scales","Whetstone","Blood Vial"],"campfire_rested":3,"item_purchase_floors":[21,21,38,38,38],"current_hp_per_floor":[77,70,67,73,66,37,61,59,59,35,35,21,21,24,48,20,65,79,63,63,87,87,87,77,71,71,71,74,74,83,81,81,43,76,76,77,66,66,60,60,72,72,72,72,43,43,60,50,87,87],"gold":156,"neow_bonus":"ONE_RANDOM_RARE_CARD","is_prod":false,"is_daily":false,"chose_seed":false,"campfire_upgraded":7,"win_rate":0,"timestamp":1549392750,"path_taken":["M","?","M","M","?","E","R","E","T","E","R","E","M","M","R","BOSS","M","M","?","$","M","R","E","M","T","R","M","R","?","M","R","BOSS","M","M","?","$","?","R","M","R","T","R","E","R","M","?","R","BOSS"],"build_version":"2019-01-23","purchased_purges":2,"victory":true,"max_hp_per_floor":[80,80,80,80,80,80,80,80,80,80,80,80,80,80,80,80,80,80,80,80,87,87,87,87,87,87,87,87,87,87,87,87,87,87,87,87,87,87,87,87,87,87,87,87,87,87,87,87,87,87],"card_choices":[{"not_picked":["Havoc","Dropkick"],"picked":"Evolve","floor":1.0},{"not_picked":["Infernal Blade","Warcry"],"picked":"Anger","floor":3.0},{"not_picked":["Rage","Rupture"],"picked":"Pommel Strike","floor":4.0},{"not_picked":["Brutality","Havoc","Warcry"],"picked":"SKIP","floor":6.0},{"not_picked":["Offering","Flex"],"picked":"True Grit","floor":8.0},{"not_picked":["Sword Boomerang","Havoc"],"picked":"Spot Weakness","floor":10.0},{"not_picked":["Clash","Warcry"],"picked":"Ghostly Armor","floor":12.0},{"not_picked":["Dual Wield","Perfected Strike"],"picked":"Flame Barrier","floor":13.0},{"not_picked":["Warcry","Havoc","Pommel Strike"],"picked":"SKIP","floor":14.0},{"not_picked":["Immolate","Dark Embrace"],"picked":"Reaper","floor":16.0},{"not_picked":["Dropkick","Twin Strike+1"],"picked":"Whirlwind","floor":18.0},{"not_picked":["Cleave","Warcry","Flex"],"picked":"SKIP","floor":19.0},{"not_picked":["Bloodletting","Clash+1"],"picked":"Havoc+1","floor":22.0},{"not_picked":["Dropkick","Feel No Pain"],"picked":"Clothesline","floor":24.0},{"not_picked":["Immolate","Flame Barrier"],"picked":"Headbutt","floor":25.0},{"not_picked":["Shrug It Off","Havoc+1"],"picked":"Battle Trance+1","floor":28.0},{"not_picked":["Warcry","Perfected Strike","Searing Blow"],"picked":"SKIP","floor":30.0},{"not_picked":["Metallicize+1","Warcry"],"picked":"Disarm","floor":31},{"not_picked":["Dark Embrace","Limit Break"],"picked":"Double Tap","floor":33},{"not_picked":["Perfected Strike+1","Wild Strike","Warcry"],"picked":"SKIP","floor":35},{"not_picked":["Spot Weakness","Blood for Blood+1"],"picked":"Flame Barrier","floor":36},{"not_picked":["Body Slam","Metallicize"],"picked":"Wild Strike+1","floor":39},{"not_picked":["Clothesline+1","Shrug It Off"],"picked":"Armaments+1","floor":41},{"not_picked":["Heavy Blade","Twin Strike"],"picked":"Clothesline+1","floor":45},{"not_picked":["Twin Strike","Second Wind+1","Metallicize+1"],"picked":"SKIP","floor":47},{"not_picked":["Discovery","Master of Strategy"],"picked":"Good Instincts","floor":48},{"not_picked":["Secret Weapon","Mind Blast"],"picked":"Trip","floor":48},{"not_picked":["Sadistic Nature","Finesse"],"picked":"Dark Shackles","floor":48}],"player_experience":923910,"relics_obtained":[{"floor":6.0,"key":"Centennial Puzzle"},{"floor":8.0,"key":"Oddly Smooth Stone"},{"floor":9.0,"key":"Bottled Lightning"},{"floor":10.0,"key":"Bag of Preparation"},{"floor":12.0,"key":"Peace Pipe"},{"floor":24.0,"key":"The Courier"},{"floor":39,"key":"Pocketwatch"},{"floor":43,"key":"Bag of Marbles"},{"floor":45,"key":"Regal Pillow"}],"event_choices":[{"damage_healed":0.0,"max_hp_gain":0.0,"max_hp_loss":0.0,"gold_gain":0.0,"event_name":"Scrap Ooze","player_choice":"Success","floor":2.0,"gold_loss":0.0,"damage_taken":7.0,"relics_obtained":["Gambling Chip"]},{"cards_removed":["Strike_R"],"damage_healed":0.0,"max_hp_gain":0.0,"max_hp_loss":0.0,"gold_gain":0.0,"event_name":"Golden Wing","player_choice":"Card Removal","floor":5.0,"gold_loss":0.0,"damage_taken":7.0},{"damage_healed":0.0,"max_hp_gain":0.0,"max_hp_loss":0.0,"gold_gain":0.0,"event_name":"Duplicator","player_choice":"Copied","floor":20.0,"gold_loss":0.0,"damage_taken":0.0,"cards_obtained":["Limit Break"]},{"damage_healed":0,"gold_gain":0,"player_choice":"Embrace Madness","damage_taken":11,"max_hp_gain":0,"max_hp_loss":0,"event_name":"Winding Halls","floor":37,"gold_loss":0,"cards_obtained":["Madness","Madness"]},{"damage_healed":0,"gold_gain":0,"player_choice":"Fight","damage_taken":0,"max_hp_gain":0,"max_hp_loss":0,"event_name":"Mysterious Sphere","floor":39,"gold_loss":0},{"damage_healed":0,"gold_gain":0,"player_choice":"Memory 3","damage_taken":10,"max_hp_gain":0,"max_hp_loss":0,"event_name":"SensoryStone","floor":48,"gold_loss":0}],"is_beta":false,"boss_relics":[{"not_picked":["Fusion Hammer","Velvet Choker"],"picked":"Cursed Key"},{"not_picked":["Astrolabe","White Beast Statue"],"picked":"Philosopher\u0027s Stone"}],"items_purged_floors":[21,38],"is_endless":false,"potions_floor_spawned":[3,4,6,12,13,16,19,24,25,31,36,39],"ascension_level":6}