{"gold_per_floor":[118,118,83,99,116,116,129,129,129,129,159,49,199,216,216,295,295,311,311,311,311,47,47],"floor_reached":23,"playtime":1112,"items_purged":["Strike_R","Doubt"],"score":327,"play_id":"7bd288dc-eac4-44c6-baff-ae71272be4fe","local_time":"20190823012652","is_ascension_mode":true,"campfire_choices":[{"data":"Uppercut","floor":6,"key":"SMITH"},{"data":"Rage","floor":8,"key":"SMITH"},{"data":"Warcry","floor":10,"key":"SMITH"},{"data":"Shockwave","floor":15,"key":"SMITH"}],"neow_cost":"NONE","seed_source_timestamp":184019978556800,"circlet_count":0,"master_deck":["AscendersBane","Strike_R","Strike_R","Strike_R","Strike_R+1","Defend_R","Defend_R+1","Defend_R+1","Defend_R","Bash+1","Rage+1","Uppercut+1","Warcry+1","Shrug It Off","Shockwave+1","Whirlwind","Offering","Warcry","RitualDagger","Bandage Up","Metallicize"],"relics":["Burning Blood","War Paint","Strawberry","Meat on the Bone","Lizard Tail","Ornamental Fan"],"potions_floor_usage":[11,16],"damage_taken":[{"damage":8,"enemies":"2 Louse","floor":1,"turns":3},{"damage":0,"enemies":"Small Slimes","floor":4,"turns":3},{"damage":4,"enemies":"Jaw Worm","floor":5,"turns":4},{"damage":14,"enemies":"3 Louse","floor":7,"turns":3},{"damage":10,"enemies":"Lagavulin","floor":11,"turns":6},{"damage":8,"enemies":"Blue Slaver","floor":14,"turns":4},{"damage":15,"enemies":"The Guardian","floor":16,"turns":12},{"damage":6,"enemies":"3 Byrds","floor":18,"turns":6},{"damage":104,"enemies":"Gremlin Leader","floor":23,"turns":9}],"seed_played":"-7316964681205380768","potions_obtained":[{"floor":4,"key":"Dexterity Potion"},{"floor":7,"key":"SpeedPotion"},{"floor":11,"key":"Strength Potion"},{"floor":16,"key":"Regen Potion"}],"is_trial":false,"path_per_floor":["M","?","$","M","M","R","M","R","T","R","E","$","?","M","R","B",null,"M","?","?","T","$","E"],"character_chosen":"IRONCLAD","items_purchased":["Rage","Shockwave","Bandage Up","Metallicize"],"campfire_rested":0,"item_purchase_floors":[3,12,22,22],"current_hp_per_floor":[66,43,43,49,51,51,43,43,50,50,46,46,46,56,56,59,76,76,70,46,46,46,0],"gold":47,"neow_bonus":"RANDOM_COMMON_RELIC","is_prod":false,"is_daily":false,"chose_seed":false,"campfire_upgraded":4,"win_rate":0,"timestamp":1566494812,"path_taken":["M","?","$","M","M","R","M","R","T","R","E","$","?","?","R","BOSS","M","?","?","?","$","E"],"build_version":"2019-07-17","purchased_purges":2,"victory":false,"max_hp_per_floor":[75,75,75,75,75,75,75,75,82,82,82,82,82,82,82,82,82,82,82,87,87,87,87],"card_choices":[{"not_picked":["Twin Strike","True Grit","Blood for Blood"],"picked":"SKIP","floor":1},{"not_picked":["Seeing Red","Clothesline"],"picked":"Uppercut","floor":4},{"not_picked":["Carnage","Havoc"],"picked":"Warcry","floor":5},{"not_picked":["Spot Weakness","Sentinel","Evolve"],"picked":"SKIP","floor":7},{"not_picked":["Cleave","Rupture"],"picked":"Shrug It Off","floor":11},{"not_picked":["Power Through","Evolve"],"picked":"Whirlwind","floor":14},{"not_picked":["Exhume","Reaper"],"picked":"Offering","floor":16},{"not_picked":["Twin Strike","Uppercut"],"picked":"Warcry","floor":18}],"player_experience":614509,"relics_obtained":[{"floor":9,"key":"Strawberry"},{"floor":11,"key":"Meat on the Bone"},{"floor":21,"key":"Ornamental Fan"}],"event_choices":[{"damage_healed":0,"gold_gain":0,"player_choice":"Entered Light","damage_taken":23,"max_hp_gain":0,"max_hp_loss":0,"event_name":"Shining Light","floor":2,"gold_loss":0,"cards_upgraded":["Bash","Strike_R"]},{"damage_healed":0,"gold_gain":150,"player_choice":"AGREE","damage_taken":0,"max_hp_gain":0,"max_hp_loss":0,"event_name":"Liars Game","floor":13,"gold_loss":0,"cards_obtained":["Doubt"]},{"damage_healed":0,"gold_gain":0,"player_choice":"Joined the Cult","damage_taken":6,"max_hp_gain":0,"max_hp_loss":0,"event_name":"Nest","floor":19,"gold_loss":0,"cards_obtained":["RitualDagger"]},{"damage_healed":0,"gold_gain":0,"player_choice":"Shed Blood","damage_taken":29,"max_hp_gain":5,"max_hp_loss":0,"event_name":"Forgotten Altar","floor":20,"gold_loss":0}],"is_beta":false,"boss_relics":[{"not_picked":["Philosopher\u0027s Stone","Orrery"],"picked":"Lizard Tail"}],"items_purged_floors":[12,22],"is_endless":false,"potions_floor_spawned":[4,7,11,16,18],"killed_by":"Gremlin Leader","ascension_level":15}