{"gold_per_floor":[111,12,28,41,41,71,98,133,156,189,234,259,259,278,278,381,381,399,126,326,336,350,376,392,420,420,447,121,121,135,149,149,244,244,256,180,195,211,226,226,252,252,320,352,370,395,395,427,427,427,427,427,30,60,60],"floor_reached":56,"playtime":2066,"items_purged":[],"score":1934,"play_id":"8c67edd8-e464-4017-9e01-c109ff04c54f","local_time":"20190910034349","daily_mods":["Insanity","Hoarder","Elite Swarm"],"is_ascension_mode":true,"campfire_choices":[{"data":"Perfected Strike","floor":13,"key":"SMITH"},{"data":"Perfected Strike","floor":15,"key":"SMITH"},{"data":"Perfected Strike","floor":32,"key":"SMITH"},{"data":"Perfected Strike","floor":40,"key":"SMITH"},{"floor":49,"key":"RECALL"},{"data":"Perfected Strike","floor":52,"key":"SMITH"}],"neow_cost":"","seed_source_timestamp":0,"circlet_count":0,"master_deck":["Sword Boomerang","Power Through","Rupture","Reckless Charge","Twin Strike","Perfected Strike","Iron Wave","Twin Strike","Flex","Wild Strike","Clothesline","Clash","Sentinel","Intimidate","Cleave","Cleave","Heavy Blade","Flex","Thunderclap","Burning Pact","Disarm","Cleave","Heavy Blade","Armaments","Clash","Thunderclap","Warcry","Wild Strike","Rage","Clash","Thunderclap","Clothesline","Twin Strike","Dual Wield","Armaments","Heavy Blade","Shockwave","Headbutt","Headbutt","Sever Soul","Sever Soul","Corruption","Clash","Armaments","Combust","Spot Weakness","Wild Strike","Wild Strike","Whirlwind","Thunderclap","Thunderclap","Thunderclap","Shrug It Off","Shrug It Off","Shrug It Off","Perfected Strike","Perfected Strike+1","Perfected Strike+1","Headbutt","Headbutt","Headbutt","Twin Strike","Twin Strike","Twin Strike","Regret","Regret","Regret","Double Tap","Double Tap","Double Tap","Pummel","Pummel","Pummel","Limit Break","Limit Break","Limit Break","Offering","Offering","Offering","Double Tap","Double Tap","Double Tap","Havoc","Havoc","Havoc","Demon Form","Demon Form","Demon Form","Disarm","Disarm","Disarm","Inflame","Inflame","Inflame","Battle Trance+1","Battle Trance+1","Battle Trance+1","Reckless Charge","Reckless Charge","Reckless Charge","Bludgeon","Bludgeon","Bludgeon","Whirlwind","Whirlwind","Whirlwind","Feed","Feed","Feed","Limit Break","Limit Break","Limit Break","Finesse","Finesse","Finesse","Headbutt","Headbutt","Headbutt","Perfected Strike+1","Perfected Strike+1","Perfected Strike+1","Limit Break","Limit Break","Limit Break","Corruption","Corruption","Corruption","Clash","Clash","Clash","Flex","Flex","Flex","Headbutt+1","Headbutt+1","Headbutt+1","Armaments+1","Armaments+1","Armaments+1","Uppercut","Uppercut","Uppercut","Impervious","Impervious","Impervious","Offering","Offering","Offering","Blood for Blood+1","Blood for Blood+1","Blood for Blood+1","Immolate","Immolate","Immolate","Reaper","Reaper","Reaper","Mayhem","Mayhem","Mayhem","Shrug It Off","Shrug It Off","Shrug It Off","Intimidate","Intimidate","Intimidate","Offering","Offering","Offering"],"special_seed":0,"relics":["Burning Blood","Red Skull","Dream Catcher","Odd Mushroom","Strawberry","Oddly Smooth Stone","Self Forming Clay","Bronze Scales","Turnip","Coffee Dripper","Medical Kit","Potion Belt","Art of War","Pen Nib","Lantern","Meat on the Bone","Lizard Tail","Mercury Hourglass","Boot","Champion Belt","Centennial Puzzle","Orichalcum"],"potions_floor_usage":[12,25,25,27,27,50,50,55,55,55,55],"damage_taken":[{"damage":0.0,"enemies":"Cultist","floor":1.0,"turns":2.0},{"damage":1,"enemies":"Small Slimes","floor":3,"turns":2},{"damage":0,"enemies":"Jaw Worm","floor":4,"turns":2},{"damage":0,"enemies":"Gremlin Nob","floor":6,"turns":2},{"damage":13,"enemies":"The Mushroom Lair","floor":7,"turns":3},{"damage":18,"enemies":"Lagavulin","floor":8,"turns":3},{"damage":18,"enemies":"3 Sentries","floor":10,"turns":4},{"damage":20,"enemies":"Lagavulin","floor":12,"turns":4},{"damage":10,"enemies":"Exordium Thugs","floor":14,"turns":2},{"damage":39,"enemies":"The Guardian","floor":16,"turns":6},{"damage":24,"enemies":"2 Thieves","floor":18,"turns":3},{"damage":13,"enemies":"Chosen","floor":21,"turns":4},{"damage":18,"enemies":"Centurion and Healer","floor":22,"turns":3},{"damage":45,"enemies":"Slavers","floor":23,"turns":3},{"damage":0,"enemies":"Snecko","floor":24,"turns":2},{"damage":10,"enemies":"Book of Stabbing","floor":25,"turns":3},{"damage":9,"enemies":"Gremlin Leader","floor":27,"turns":3},{"damage":0,"enemies":"Snake Plant","floor":30,"turns":1},{"damage":6,"enemies":"Shelled Parasite and Fungi","floor":31,"turns":3},{"damage":19,"enemies":"Collector","floor":33,"turns":4},{"damage":15,"enemies":"Orb Walker","floor":35,"turns":2},{"damage":0,"enemies":"3 Shapes","floor":37,"turns":2},{"damage":30,"enemies":"Sphere and 2 Shapes","floor":38,"turns":3},{"damage":50,"enemies":"Maw","floor":39,"turns":6},{"damage":42,"enemies":"Reptomancer","floor":41,"turns":3},{"damage":13,"enemies":"Giant Head","floor":44,"turns":4},{"damage":16,"enemies":"3 Darklings","floor":45,"turns":4},{"damage":37,"enemies":"Reptomancer","floor":46,"turns":5},{"damage":26,"enemies":"Giant Head","floor":48,"turns":2},{"damage":29,"enemies":"Time Eater","floor":50,"turns":7},{"damage":63,"enemies":"Shield and Spear","floor":54,"turns":5},{"damage":42,"enemies":"The Heart","floor":55,"turns":6}],"seed_played":"5643818729334524693","potions_obtained":[{"floor":3,"key":"EssenceOfSteel"},{"floor":4,"key":"Regen Potion"},{"floor":14,"key":"Weak Potion"},{"floor":16,"key":"GamblersBrew"},{"floor":25,"key":"Energy Potion"},{"floor":30,"key":"GamblersBrew"},{"floor":37,"key":"LiquidBronze"},{"floor":38,"key":"GamblersBrew"},{"floor":45,"key":"SteroidPotion"},{"floor":48,"key":"Dexterity Potion"},{"floor":54,"key":"Dexterity Potion"}],"is_trial":true,"path_per_floor":["M","$","M","M","?","E","?","E","T","E","T","E","R","M","R","B",null,"M","$","?","M","M","E","M","E","T","E","$","?","M","M","R","B",null,"M","$","M","M","M","R","E","?","T","E","M","E","?","E","R","B",null,"R","$","E","B",null],"character_chosen":"IRONCLAD","items_purchased":["Shrug It Off","Perfected Strike","Inflame","Medical Kit","Meat on the Bone","Finesse","Clash","Flex","Mayhem","Shrug It Off","Intimidate","BloodPotion"],"campfire_rested":0,"item_purchase_floors":[2,2,19,19,28,28,36,36,53,53,53,53],"current_hp_per_floor":[80,80,80,80,80,80,73,68,68,56,56,47,47,43,43,10,87,69,69,69,62,50,11,17,13,13,10,10,2,23,35,35,34,90,81,81,87,63,31,31,63,63,63,56,58,39,39,31,31,20,90,90,90,45,43],"gold":60,"neow_bonus":"","is_prod":false,"is_daily":false,"chose_seed":false,"campfire_upgraded":5,"win_rate":0,"timestamp":1568112229,"path_taken":["M","?","?","?","?","E","?","E","T","E","?","E","R","?","R","BOSS","M","?","?","M","M","E","?","E","T","E","$","?","M","M","R","BOSS","M","$","?","M","M","R","E","?","T","E","M","E","?","E","R","BOSS","R","$","E","BOSS"],"build_version":"2019-07-17","purchased_purges":0,"victory":true,"max_hp_per_floor":[80,80,80,80,80,80,80,87,87,87,87,87,87,87,87,87,87,87,87,87,87,87,87,87,87,87,87,87,87,90,90,90,90,90,90,90,90,90,90,90,90,90,90,90,90,90,90,90,90,90,90,90,90,90,90],"card_choices":[{"not_picked":["Armaments","Clothesline"],"picked":"Thunderclap","floor":1.0},{"not_picked":["Searing Blow","Sever Soul"],"picked":"Headbutt","floor":3},{"not_picked":["Impervious","Ghostly Armor"],"picked":"Twin Strike","floor":4},{"not_picked":["Limit Break","Brutality"],"picked":"Double Tap","floor":6},{"not_picked":["Combust","Body Slam"],"picked":"Pummel","floor":7},{"not_picked":["Bludgeon","Barricade"],"picked":"Limit Break","floor":8},{"not_picked":["Demon Form","Juggernaut"],"picked":"Offering","floor":10},{"not_picked":["Exhume","Berserk"],"picked":"Double Tap","floor":12},{"not_picked":["Pommel Strike","Pummel"],"picked":"Havoc","floor":14},{"not_picked":["Barricade","Immolate"],"picked":"Demon Form","floor":16},{"not_picked":["True Grit+1","Iron Wave"],"picked":"Disarm","floor":18},{"not_picked":["Rage","Clash+1"],"picked":"Battle Trance+1","floor":21},{"not_picked":["Thunderclap","Havoc"],"picked":"Reckless Charge","floor":22},{"not_picked":["Berserk","Dark Embrace"],"picked":"Bludgeon","floor":23},{"not_picked":["Armaments","Pummel"],"picked":"Whirlwind","floor":24},{"not_picked":["Demon Form","Exhume"],"picked":"Feed","floor":25},{"not_picked":["Barricade","Berserk"],"picked":"Limit Break","floor":27},{"not_picked":["Armaments","Dual Wield+1"],"picked":"Headbutt","floor":30},{"not_picked":["Dropkick","Armaments"],"picked":"Perfected Strike","floor":31},{"not_picked":["Dark Embrace","Berserk"],"picked":"Limit Break","floor":33},{"not_picked":["Pummel+1","Body Slam+1"],"picked":"Corruption","floor":35},{"not_picked":["Armaments","Anger"],"picked":"Headbutt+1","floor":37},{"not_picked":["Fiend Fire","Body Slam+1"],"picked":"Armaments+1","floor":38},{"not_picked":["Headbutt","Armaments"],"picked":"Uppercut","floor":39},{"not_picked":["Double Tap","Fiend Fire"],"picked":"Impervious","floor":41},{"not_picked":["Bludgeon","Barricade"],"picked":"Offering","floor":44},{"not_picked":["Anger+1","Body Slam"],"picked":"Blood for Blood+1","floor":45},{"not_picked":["Brutality","Limit Break"],"picked":"Immolate","floor":46},{"not_picked":["Berserk","Demon Form"],"picked":"Reaper","floor":48},{"not_picked":["Bludgeon","Dark Embrace"],"picked":"Offering","floor":54}],"player_experience":1104483,"relics_obtained":[{"floor":6,"key":"Dream Catcher"},{"floor":7,"key":"Odd Mushroom"},{"floor":8,"key":"Strawberry"},{"floor":9,"key":"Oddly Smooth Stone"},{"floor":10,"key":"Self Forming Clay"},{"floor":11,"key":"Bronze Scales"},{"floor":12,"key":"Turnip"},{"floor":23,"key":"Potion Belt"},{"floor":25,"key":"Art of War"},{"floor":26,"key":"Pen Nib"},{"floor":27,"key":"Lantern"},{"floor":41,"key":"Mercury Hourglass"},{"floor":44,"key":"Boot"},{"floor":46,"key":"Champion Belt"},{"floor":48,"key":"Centennial Puzzle"},{"floor":54,"key":"Orichalcum"}],"event_choices":[{"damage_healed":0,"gold_gain":0,"player_choice":"Box","damage_taken":0,"relics_obtained":["Red Skull"],"max_hp_gain":0,"max_hp_loss":0,"event_name":"Big Fish","floor":5,"gold_loss":0,"cards_obtained":["Regret"]},{"damage_healed":0,"gold_gain":0,"player_choice":"Fought Mushrooms","damage_taken":0,"max_hp_gain":0,"max_hp_loss":0,"event_name":"Mushrooms","floor":7,"gold_loss":0},{"damage_healed":0,"gold_gain":250,"player_choice":"Bet on Owner","damage_taken":0,"max_hp_gain":0,"max_hp_loss":0,"event_name":"The Joust","floor":20,"gold_loss":50},{"damage_healed":0,"gold_gain":0,"player_choice":"Damaged","damage_taken":8,"max_hp_gain":0,"max_hp_loss":0,"event_name":"Wheel of Change","floor":29,"gold_loss":0},{"cards_removed":["Evolve"],"damage_healed":0,"gold_gain":0,"player_choice":"Removed Power","damage_taken":0,"max_hp_gain":0,"max_hp_loss":0,"event_name":"Falling","floor":42,"gold_loss":0},{"damage_healed":0,"gold_gain":0,"player_choice":"Ignored","damage_taken":0,"max_hp_gain":0,"max_hp_loss":0,"event_name":"The Moai Head","floor":47,"gold_loss":0}],"is_beta":false,"boss_relics":[{"not_picked":["Calling Bell","Ectoplasm"],"picked":"Coffee Dripper"},{"not_picked":["Snecko Eye","Runic Pyramid"],"picked":"Lizard Tail"}],"items_purged_floors":[],"is_endless":false,"potions_floor_spawned":[3,4,14,16,18,21,25,30,37,38,45,48,54],"ascension_level":1}