{"gold_per_floor":[117,117,130,146,159,159,170,170,223,239,253,253,265,294,294,394,394,414,414,431,356,382,407,425,425,425,452,466,416,484,500,500,598,598,611,625,385,403,423,423,373,383,459,459,486,497,98,98,98,98],"floor_reached":51,"playtime":1662,"items_purged":["Strike_R","Defend_R","Strike_R","Defend_R","Defend_R"],"score":878,"play_id":"a72632ce-0407-447c-b6a5-697617460643","local_time":"20190410213747","is_ascension_mode":false,"campfire_choices":[{"data":"Bash","floor":6,"key":"SMITH"},{"data":"Cleave","floor":15,"key":"SMITH"},{"data":"Offering","floor":25,"key":"SMITH"},{"data":"Dropkick","floor":32,"key":"SMITH"},{"floor":40,"key":"REST"},{"floor":49,"key":"REST"}],"neow_cost":"NONE","seed_source_timestamp":135134849399312,"circlet_count":0,"master_deck":["Strike_R+1","Strike_R+1","Defend_R","Bash+1","Cleave+1","Dropkick+1","Offering+1","Dropkick"],"relics":["Burning Blood","Bag of Preparation","Tiny Chest","Happy Flower","PreservedInsect","Black Star","Orichalcum","Whetstone","Smiling Mask","Omamori","Pen Nib","Paper Frog","White Beast Statue","Toy Ornithopter","Pear","Frozen Egg 2","Anchor","Dodecahedron","FossilizedHelix"],"potions_floor_usage":[7,14,16,18,36,50],"damage_taken":[{"damage":0,"enemies":"Small Slimes","floor":1,"turns":4},{"damage":3,"enemies":"Jaw Worm","floor":3,"turns":5},{"damage":1,"enemies":"Cultist","floor":4,"turns":3},{"damage":6,"enemies":"Blue Slaver","floor":5,"turns":5},{"damage":17,"enemies":"Exordium Thugs","floor":7,"turns":5},{"damage":5,"enemies":"Lots of Slimes","floor":10,"turns":2},{"damage":6,"enemies":"2 Fungi Beasts","floor":11,"turns":3},{"damage":0,"enemies":"3 Louse","floor":13,"turns":3},{"damage":16,"enemies":"Gremlin Nob","floor":14,"turns":4},{"damage":33,"enemies":"Slime Boss","floor":16,"turns":7},{"damage":11,"enemies":"3 Byrds","floor":18,"turns":5},{"damage":6,"enemies":"Chosen","floor":20,"turns":3},{"damage":6,"enemies":"3 Cultists","floor":24,"turns":4},{"damage":7,"enemies":"Slavers","floor":27,"turns":2},{"damage":12,"enemies":"Centurion and Healer","floor":28,"turns":4},{"damage":6,"enemies":"Snake Plant","floor":31,"turns":1},{"damage":6,"enemies":"Collector","floor":33,"turns":1},{"damage":36,"enemies":"3 Darklings","floor":35,"turns":5},{"damage":15,"enemies":"3 Shapes","floor":36,"turns":3},{"damage":6,"enemies":"Writhing Mass","floor":38,"turns":1},{"damage":10,"enemies":"Jaw Worm Horde","floor":39,"turns":2},{"damage":37,"enemies":"4 Shapes","floor":42,"turns":4},{"damage":6,"enemies":"Reptomancer","floor":45,"turns":1},{"damage":6,"enemies":"Spire Growth","floor":46,"turns":1},{"damage":0,"enemies":"Awakened One","floor":50,"turns":2}],"seed_played":"6842595341176868925","potions_obtained":[{"floor":3,"key":"SkillPotion"},{"floor":4,"key":"Swift Potion"},{"floor":5,"key":"Weak Potion"},{"floor":10,"key":"Block Potion"},{"floor":11,"key":"Fire Potion"},{"floor":16,"key":"Energy Potion"},{"floor":18,"key":"Fruit Juice"},{"floor":20,"key":"Regen Potion"},{"floor":36,"key":"Energy Potion"}],"is_trial":false,"path_per_floor":["M","?","M","M","M","R","M","?","T","M","M","?","M","E","R","B",null,"M","?","M","$","T","T","M","R","T","E","M","$","T","M","R","B",null,"M","M","$","M","M","R","$","M","T","T","E","M","$","?","R","B",null],"character_chosen":"IRONCLAD","items_purchased":["Toy Ornithopter","Swift Potion","FossilizedHelix"],"campfire_rested":2,"item_purchase_floors":[37,47,47],"current_hp_per_floor":[80,85,85,85,85,85,74,74,74,75,75,57,63,53,53,26,85,85,85,85,85,85,85,85,85,85,84,78,78,78,78,78,78,90,60,60,60,60,56,83,83,52,62,62,62,62,62,62,90,95],"gold":98,"neow_bonus":"RANDOM_COMMON_RELIC","is_prod":false,"is_daily":false,"chose_seed":false,"campfire_upgraded":4,"win_rate":0,"timestamp":1554957467,"path_taken":["M","?","M","M","M","R","M","?","T","M","M","?","M","E","R","BOSS","M","?","M","$","?","?","?","R","T","E","M","$","?","M","R","BOSS","M","M","$","M","M","R","$","M","T","?","E","M","$","?","R","BOSS"],"build_version":"2019-01-23","purchased_purges":5,"victory":true,"max_hp_per_floor":[80,85,85,85,85,85,85,85,85,85,85,85,85,85,85,85,85,90,90,90,90,90,90,90,90,90,90,90,90,90,90,90,90,90,90,90,90,90,90,90,90,90,100,100,100,100,100,95,95,95],"card_choices":[{"not_picked":["Fire Breathing","Twin Strike"],"picked":"Cleave","floor":1},{"not_picked":["Shrug It Off","Headbutt"],"picked":"Dropkick","floor":3},{"not_picked":["Entrench","Seeing Red","Cleave"],"picked":"SKIP","floor":4},{"not_picked":["Twin Strike","Ghostly Armor","Flex"],"picked":"SKIP","floor":5},{"not_picked":["Feel No Pain","Havoc","Shrug It Off"],"picked":"SKIP","floor":7},{"not_picked":["Wild Strike","Burning Pact"],"picked":"Offering","floor":10},{"not_picked":["Warcry","Sword Boomerang","Second Wind"],"picked":"SKIP","floor":11},{"not_picked":["Perfected Strike","Dark Embrace","Pummel"],"picked":"SKIP","floor":13},{"not_picked":["Flex","Heavy Blade","Twin Strike"],"picked":"SKIP","floor":14},{"not_picked":["Searing Blow+1","Uppercut","Feel No Pain+1"],"picked":"SKIP","floor":18},{"not_picked":["Warcry","Sentinel+1","Carnage"],"picked":"SKIP","floor":20},{"not_picked":["Flame Barrier","Sever Soul","Headbutt+1"],"picked":"SKIP","floor":24},{"not_picked":["Double Tap","Power Through","Iron Wave"],"picked":"SKIP","floor":27},{"not_picked":["Pummel+1","Burning Pact","Clash+1"],"picked":"SKIP","floor":28},{"not_picked":["Intimidate+1","Flex","Heavy Blade"],"picked":"SKIP","floor":31},{"not_picked":["Shrug It Off","Ghostly Armor+1","Warcry+1"],"picked":"SKIP","floor":35},{"not_picked":["Infernal Blade+1","Second Wind","True Grit"],"picked":"SKIP","floor":36},{"not_picked":["Sword Boomerang+1","Sever Soul","Anger+1"],"picked":"SKIP","floor":38},{"not_picked":["Sword Boomerang","True Grit","Inflame+1"],"picked":"SKIP","floor":39},{"not_picked":["Whirlwind+1","Shrug It Off","Second Wind+1"],"picked":"SKIP","floor":42},{"not_picked":["Feed","Cleave+1","Twin Strike"],"picked":"SKIP","floor":45},{"not_picked":["Ghostly Armor","Thunderclap+1","Clothesline+1"],"picked":"SKIP","floor":46}],"player_experience":1012362,"relics_obtained":[{"floor":9,"key":"Tiny Chest"},{"floor":14,"key":"PreservedInsect"},{"floor":22,"key":"Orichalcum"},{"floor":23,"key":"Whetstone"},{"floor":26,"key":"Smiling Mask"},{"floor":27,"key":"Omamori"},{"floor":27,"key":"Pen Nib"},{"floor":30,"key":"Paper Frog"},{"floor":43,"key":"Pear"},{"floor":44,"key":"Frozen Egg 2"},{"floor":45,"key":"Anchor"},{"floor":45,"key":"Dodecahedron"}],"event_choices":[{"damage_healed":0,"gold_gain":0,"player_choice":"Donut","damage_taken":0,"max_hp_gain":5,"max_hp_loss":0,"event_name":"Big Fish","floor":2,"gold_loss":0},{"cards_removed":["Strike_R"],"damage_healed":0,"gold_gain":0,"player_choice":"Forget","damage_taken":0,"max_hp_gain":0,"max_hp_loss":0,"event_name":"Living Wall","floor":8,"gold_loss":0},{"damage_healed":0,"gold_gain":0,"player_choice":"Success","damage_taken":18,"relics_obtained":["Happy Flower"],"max_hp_gain":0,"max_hp_loss":0,"event_name":"Scrap Ooze","floor":12,"gold_loss":0},{"damage_healed":0,"gold_gain":0,"player_choice":"Copied","damage_taken":0,"max_hp_gain":0,"max_hp_loss":0,"event_name":"Duplicator","floor":19,"gold_loss":0,"cards_obtained":["Dropkick"]},{"damage_healed":0,"gold_gain":0,"player_choice":"Max HP","damage_taken":0,"max_hp_gain":0,"max_hp_loss":5,"event_name":"Winding Halls","floor":48,"gold_loss":0}],"is_beta":false,"boss_relics":[{"not_picked":["Snecko Eye","Runic Dome"],"picked":"Black Star"},{"not_picked":["Coffee Dripper","Cursed Key"],"picked":"White Beast Statue"}],"items_purged_floors":[21,29,37,41,47],"is_endless":false,"potions_floor_spawned":[3,4,5,10,11,16,18,20,27,28,35,36,38,39,42,45,46],"ascension_level":0}