{"gold_per_floor":[119,136,61,79,96,96,109,132,157,169,169,183,183],"floor_reached":13,"playtime":1039,"items_purged":["Bash"],"score":138,"play_id":"6d4be20d-0194-431b-b36a-ac9f0e98d4a9","local_time":"20190821193835","is_ascension_mode":true,"campfire_choices":[{"data":"Shockwave","floor":6,"key":"SMITH"},{"data":"Barricade","floor":11,"key":"SMITH"}],"neow_cost":"NONE","seed_source_timestamp":76796440978400,"circlet_count":0,"master_deck":["AscendersBane","Strike_R","Strike_R","Strike_R","Strike_R","Defend_R","Defend_R","Defend_R","Defend_R","Shockwave+1","Barricade+1","Sentinel","Flame Barrier"],"relics":["Burning Blood","Odd Mushroom","Pen Nib"],"potions_floor_usage":[7,8,12,12],"damage_taken":[{"damage":3,"enemies":"2 Louse","floor":1,"turns":4},{"damage":4,"enemies":"Jaw Worm","floor":2,"turns":4},{"damage":3,"enemies":"Small Slimes","floor":4,"turns":5},{"damage":11,"enemies":"Looter","floor":5,"turns":5},{"damage":34,"enemies":"Gremlin Gang","floor":7,"turns":9},{"damage":32,"enemies":"The Mushroom Lair","floor":8,"turns":8},{"damage":11,"enemies":"3 Louse","floor":10,"turns":5},{"damage":22,"enemies":"Lots of Slimes","floor":12,"turns":5},{"damage":18,"enemies":"Large Slime","floor":13,"turns":7}],"seed_played":"4684293430046775495","potions_obtained":[{"floor":1,"key":"Energy Potion"},{"floor":2,"key":"Swift Potion"},{"floor":7,"key":"Weak Potion"},{"floor":8,"key":"PowerPotion"},{"floor":10,"key":"Regen Potion"}],"is_trial":false,"path_per_floor":["M","M","$","M","M","R","M","?","T","M","R","M","M"],"character_chosen":"IRONCLAD","items_purchased":[],"campfire_rested":0,"item_purchase_floors":[],"current_hp_per_floor":[71,73,73,75,70,70,42,16,16,11,11,9,0],"gold":183,"neow_bonus":"REMOVE_CARD","is_prod":false,"is_daily":false,"chose_seed":false,"campfire_upgraded":2,"win_rate":0,"timestamp":1566387515,"path_taken":["M","M","$","M","M","R","M","?","T","M","R","M","M"],"build_version":"2019-07-17","purchased_purges":1,"victory":false,"max_hp_per_floor":[75,75,75,75,75,75,75,75,75,75,75,75,75],"card_choices":[{"not_picked":["Armaments","Entrench"],"picked":"Shockwave","floor":1},{"not_picked":["Twin Strike","Body Slam","Sword Boomerang"],"picked":"SKIP","floor":2},{"not_picked":["Anger","Twin Strike","True Grit"],"picked":"SKIP","floor":4},{"not_picked":["Bloodletting","Iron Wave","Blood for Blood"],"picked":"SKIP","floor":5},{"not_picked":["Havoc","Twin Strike"],"picked":"Barricade","floor":7},{"not_picked":["Clothesline","Wild Strike"],"picked":"Sentinel","floor":10},{"not_picked":["Clothesline","Flex"],"picked":"Flame Barrier","floor":12}],"player_experience":609789,"relics_obtained":[{"floor":8,"key":"Odd Mushroom"},{"floor":9,"key":"Pen Nib"}],"event_choices":[{"damage_healed":0,"gold_gain":0,"player_choice":"Fought Mushrooms","damage_taken":0,"max_hp_gain":0,"max_hp_loss":0,"event_name":"Mushrooms","floor":8,"gold_loss":0}],"is_beta":false,"boss_relics":[],"items_purged_floors":[3],"is_endless":false,"potions_floor_spawned":[1,2,7,8,10],"killed_by":"Large Slime","ascension_level":15}