{"gold_per_floor":[117,127,1,11,11,11,36,36,89,89,89,109,184,214,214,288,288,308,324,87,87,87,87,87,116,116,126,126,161,178,189,189,268,268,284,284,284,296,296,296,316,349,374,409,509,111,124,124,124,124],"floor_reached":51,"playtime":4588,"items_purged":["Strike_B","Strike_B","Strike_B"],"score":1302,"play_id":"8258ac64-7929-4735-9fad-52b3d669bfcd","local_time":"20190924022650","is_ascension_mode":true,"campfire_choices":[{"data":"Ball Lightning","floor":6.0,"key":"SMITH"},{"data":"Zap","floor":8.0,"key":"SMITH"},{"data":"Doom and Gloom","floor":11.0,"key":"SMITH"},{"data":"Coolheaded","floor":15.0,"key":"SMITH"},{"data":"Biased Cognition","floor":24.0,"key":"SMITH"},{"floor":28.0,"key":"REST"},{"floor":32.0,"key":"REST"},{"floor":40.0,"key":"REST"},{"floor":49.0,"key":"REST"}],"neow_cost":"NONE","seed_source_timestamp":249911456336700,"circlet_count":0,"master_deck":["AscendersBane","Defend_B","Defend_B","Defend_B","Defend_B","Zap+1","Dualcast","Ball Lightning+1","Doom and Gloom+1","Coolheaded+1","Redo","Biased Cognition+1","CurseOfTheBell","Cold Snap","Core Surge","Skim","Biased Cognition+1","Buffer","Glacier","Leap","Coolheaded+1","Multi-Cast+1","Defragment","Undo","Core Surge","Double Energy","Steam+1"],"special_seed":0,"relics":["Cracked Core","Dream Catcher","Bag of Preparation","Juzu Bracelet","Strawberry","Calling Bell","Happy Flower","Singing Bowl","Ice Cream","Orichalcum","Art of War","Centennial Puzzle","Fusion Hammer","TungstenRod","Blood Vial","Lantern","Ginger","War Paint"],"potions_floor_usage":[50,50],"damage_taken":[{"damage":16.0,"enemies":"Small Slimes","floor":1.0,"turns":4.0},{"damage":1.0,"enemies":"Cultist","floor":2.0,"turns":3.0},{"damage":2.0,"enemies":"2 Louse","floor":4.0,"turns":2.0},{"damage":16.0,"enemies":"Gremlin Nob","floor":7.0,"turns":3.0},{"damage":3.0,"enemies":"Blue Slaver","floor":12.0,"turns":2.0},{"damage":15.0,"enemies":"3 Sentries","floor":14.0,"turns":4.0},{"damage":20.0,"enemies":"The Guardian","floor":16.0,"turns":10.0},{"damage":21.0,"enemies":"Shell Parasite","floor":18.0,"turns":4.0},{"damage":38.0,"enemies":"2 Thieves","floor":19.0,"turns":4.0},{"damage":21.0,"enemies":"Book of Stabbing","floor":25.0,"turns":5.0},{"damage":0.0,"enemies":"Chosen and Byrds","floor":27.0,"turns":4.0},{"damage":24.0,"enemies":"Gremlin Leader","floor":29.0,"turns":6.0},{"damage":10.0,"enemies":"Centurion and Healer","floor":30.0,"turns":7.0},{"damage":0.0,"enemies":"Snecko","floor":31.0,"turns":6.0},{"damage":5.0,"enemies":"Champ","floor":33.0,"turns":13.0},{"damage":14.0,"enemies":"3 Shapes","floor":35.0,"turns":4.0},{"damage":0.0,"enemies":"Orb Walker","floor":38.0,"turns":2.0},{"damage":0.0,"enemies":"Spire Growth","floor":41.0,"turns":6.0},{"damage":0.0,"enemies":"Nemesis","floor":42.0,"turns":9.0},{"damage":15.0,"enemies":"Reptomancer","floor":44.0,"turns":9.0},{"damage":0.0,"enemies":"Mind Bloom Boss Battle","floor":45.0,"turns":5.0},{"damage":16.0,"enemies":"Transient","floor":47.0,"turns":5.0},{"damage":33,"enemies":"Awakened One","floor":50,"turns":13}],"seed_played":"5663511431593510968","potions_obtained":[{"floor":4.0,"key":"Swift Potion"},{"floor":14.0,"key":"Swift Potion"},{"floor":18.0,"key":"PotionOfCapacity"},{"floor":19.0,"key":"EssenceOfSteel"},{"floor":27.0,"key":"AttackPotion"},{"floor":29.0,"key":"Swift Potion"},{"floor":33.0,"key":"SteroidPotion"},{"floor":38.0,"key":"LiquidBronze"},{"floor":41.0,"key":"FocusPotion"},{"floor":44.0,"key":"Explosive Potion"}],"is_trial":false,"path_per_floor":["M","M","$","M","?","R","E","R","T","?","R","M","?","E","R","B",null,"M","M","$","?","?","?","R","E","T","M","R","E","M","M","R","B",null,"M","?","?","M","?","R","M","E","T","E","?","$","M","?","R","B",null],"character_chosen":"DEFECT","items_purchased":["Explosive Potion","Core Surge","Skim","PowerPotion","Double Energy","War Paint"],"campfire_rested":4,"item_purchase_floors":[3,20,20,46,46,46],"current_hp_per_floor":[48,47,47,45,45,45,29,29,29,52,52,49,38,30,30,10,61,40,4,4,4,4,30,30,9,9,11,35,13,3,5,30,25,71,59,59,59,61,61,86,86,88,88,75,79,79,67,67,94,61],"gold":124,"neow_bonus":"RANDOM_COMMON_RELIC","is_prod":false,"is_daily":false,"chose_seed":false,"campfire_upgraded":5,"win_rate":0,"timestamp":1569284810,"path_taken":["M","M","$","M","?","R","E","R","T","?","R","M","?","E","R","BOSS","M","M","$","?","?","?","R","E","T","M","R","E","M","M","R","BOSS","M","?","?","M","?","R","M","E","T","E","?","$","M","?","R","BOSS"],"build_version":"2019-09-23","purchased_purges":3,"victory":true,"max_hp_per_floor":[71,71,71,71,71,71,71,71,71,71,71,71,71,78,78,78,78,78,80,80,80,80,80,80,80,80,82,82,84,84,86,86,86,86,88,84,84,86,86,86,86,88,88,90,92,92,94,94,94,94],"card_choices":[{"not_picked":["Hologram","Beam Cell"],"picked":"Ball Lightning","floor":1.0},{"not_picked":["Beam Cell","Stack"],"picked":"Streamline","floor":2.0},{"not_picked":["Beam Cell","Turbo","Compile Driver"],"picked":"SKIP","floor":4.0},{"not_picked":["Streamline","Beam Cell"],"picked":"Doom and Gloom","floor":7.0},{"not_picked":["All For One","Aggregate"],"picked":"Coolheaded","floor":12.0},{"not_picked":["Scrape","BootSequence"],"picked":"Redo","floor":14.0},{"not_picked":["Amplify","Hyperbeam"],"picked":"Biased Cognition","floor":16.0},{"not_picked":["Darkness","Beam Cell+1"],"picked":"Cold Snap","floor":18.0},{"not_picked":["Redo","Beam Cell","Coolheaded"],"picked":"Singing Bowl","floor":19.0},{"not_picked":["Conserve Battery","Lockon"],"picked":"Buffer","floor":25.0},{"not_picked":["Lockon","White Noise","Turbo"],"picked":"Singing Bowl","floor":27.0},{"not_picked":["Turbo","Cold Snap"],"picked":"Glacier","floor":28.0},{"not_picked":["Darkness","Tempest","Rebound"],"picked":"Singing Bowl","floor":29.0},{"not_picked":["Streamline","Stack"],"picked":"Leap","floor":30.0},{"not_picked":["Conserve Battery","Barrage+1","Melter"],"picked":"Singing Bowl","floor":31.0},{"not_picked":["Sweeping Beam+1","Amplify"],"picked":"Coolheaded","floor":32.0},{"not_picked":["Meteor Strike","Biased Cognition"],"picked":"Multi-Cast","floor":33.0},{"not_picked":["Ball Lightning","Compile Driver","Hello World"],"picked":"Singing Bowl","floor":35.0},{"not_picked":["Sweeping Beam","Heatsinks+1","Beam Cell"],"picked":"Singing Bowl","floor":38.0},{"not_picked":["Gash","Leap"],"picked":"Undo","floor":40.0},{"not_picked":["Rebound","Compile Driver+1"],"picked":"Core Surge","floor":41.0},{"not_picked":["Coolheaded","White Noise","Fission"],"picked":"Singing Bowl","floor":42.0},{"not_picked":["Reboot","Static Discharge","Go for the Eyes"],"picked":"Singing Bowl","floor":44.0},{"not_picked":["Steam","Coolheaded","Gash"],"picked":"Singing Bowl","floor":45.0},{"not_picked":["Cold Snap","Gash","Fusion"],"picked":"Singing Bowl","floor":47.0},{"not_picked":["Meteor Strike","Rip and Tear"],"picked":"Steam+1","floor":49.0}],"player_experience":812061,"relics_obtained":[{"floor":7.0,"key":"Bag of Preparation"},{"floor":9.0,"key":"Juzu Bracelet"},{"floor":14.0,"key":"Strawberry"},{"floor":17.0,"key":"Happy Flower"},{"floor":17.0,"key":"Singing Bowl"},{"floor":17.0,"key":"Ice Cream"},{"floor":25.0,"key":"Orichalcum"},{"floor":26.0,"key":"Art of War"},{"floor":29.0,"key":"Centennial Puzzle"},{"floor":42.0,"key":"TungstenRod"},{"floor":43.0,"key":"Blood Vial"},{"floor":44.0,"key":"Lantern"},{"floor":45.0,"key":"Ginger"}],"event_choices":[{"damage_healed":0.0,"max_hp_gain":0.0,"max_hp_loss":0.0,"gold_gain":0.0,"event_name":"Match and Keep!","player_choice":"0 cards matched","floor":5.0,"gold_loss":0.0,"damage_taken":0.0,"cards_obtained":[]},{"damage_healed":23.0,"max_hp_gain":0.0,"max_hp_loss":0.0,"gold_gain":0.0,"event_name":"Big Fish","player_choice":"Banana","floor":10.0,"gold_loss":0.0,"damage_taken":0.0},{"damage_healed":0.0,"max_hp_gain":0.0,"max_hp_loss":0.0,"gold_gain":75.0,"event_name":"World of Goop","player_choice":"Gather Gold","floor":13.0,"gold_loss":0.0,"damage_taken":11.0},{"damage_healed":0.0,"max_hp_gain":0.0,"max_hp_loss":0.0,"gold_gain":0.0,"event_name":"Duplicator","player_choice":"Copied","floor":21.0,"gold_loss":0.0,"damage_taken":0.0,"cards_obtained":["Biased Cognition"]},{"damage_healed":0.0,"max_hp_gain":0.0,"max_hp_loss":0.0,"gold_gain":0.0,"event_name":"Accursed Blacksmith","player_choice":"Forge","floor":22.0,"gold_loss":0.0,"damage_taken":0.0,"cards_upgraded":["Biased Cognition"]},{"damage_healed":26.0,"max_hp_gain":0.0,"max_hp_loss":0.0,"gold_gain":0.0,"event_name":"The Library","player_choice":"Heal","floor":23.0,"gold_loss":0.0,"damage_taken":0.0},{"damage_healed":0.0,"max_hp_gain":0.0,"max_hp_loss":4.0,"gold_gain":0.0,"event_name":"Winding Halls","player_choice":"Max HP","floor":36.0,"gold_loss":0.0,"damage_taken":0.0},{"damage_healed":0.0,"max_hp_gain":0.0,"max_hp_loss":0.0,"gold_gain":0.0,"cards_transformed":["Strike_B"],"event_name":"Transmorgrifier","player_choice":"Transformed","floor":37.0,"gold_loss":0.0,"damage_taken":0.0,"cards_obtained":["Defragment"]},{"damage_healed":0.0,"max_hp_gain":0.0,"max_hp_loss":0.0,"gold_gain":0.0,"event_name":"Tomb of Lord Red Mask","player_choice":"Ignored","floor":39.0,"gold_loss":0.0,"damage_taken":0.0},{"damage_healed":0.0,"max_hp_gain":0.0,"max_hp_loss":0.0,"gold_gain":0.0,"event_name":"MindBloom","player_choice":"Fight","floor":45.0,"gold_loss":0.0,"damage_taken":0.0},{"cards_removed":["Streamline"],"damage_healed":0.0,"max_hp_gain":0.0,"max_hp_loss":0.0,"gold_gain":0.0,"event_name":"Falling","player_choice":"Removed Attack","floor":48.0,"gold_loss":0.0,"damage_taken":0.0}],"is_beta":true,"boss_relics":[{"not_picked":["Black Star","FrozenCore"],"picked":"Calling Bell"},{"not_picked":["Runic Dome","Pandora\u0027s Box"],"picked":"Fusion Hammer"}],"items_purged_floors":[3,20,46],"is_endless":false,"potions_floor_spawned":[4,14,18,19,27,29,33,38,41,44,47],"ascension_level":14}