{"gold_per_floor":[111,126,208,220,220,220,244,244,292,292,317,317,350,370,370,463,463,477,77,77,77],"floor_reached":21,"playtime":439,"items_purged":["Strike_R"],"score":358,"play_id":"35cb9fe7-6a9a-48d2-ad8b-69e350b6c831","local_time":"20190911000921","is_ascension_mode":true,"campfire_choices":[{"data":"Bash","floor":6.0,"key":"SMITH"},{"data":"Immolate","floor":8.0,"key":"SMITH"},{"data":"Corruption","floor":15,"key":"SMITH"}],"neow_cost":"NONE","seed_source_timestamp":27371528414343,"circlet_count":0,"master_deck":["AscendersBane","Strike_R","Strike_R","Strike_R","Strike_R","Defend_R","Defend_R","Defend_R","Defend_R","Bash+1","Cleave","Immolate+1","Disarm","Shrug It Off","Corruption+1"],"special_seed":0,"relics":["Burning Blood","NeowsBlessing","Darkstone Periapt","Golden Idol","Potion Belt","Pen Nib","Cursed Key","Du-Vu Doll"],"potions_floor_usage":[16],"damage_taken":[{"damage":0.0,"enemies":"Cultist","floor":1.0,"turns":1.0},{"damage":0.0,"enemies":"2 Louse","floor":2.0,"turns":1.0},{"damage":0.0,"enemies":"Jaw Worm","floor":4.0,"turns":1.0},{"damage":5.0,"enemies":"2 Fungi Beasts","floor":7.0,"turns":3.0},{"damage":6.0,"enemies":"Looter","floor":11.0,"turns":2.0},{"damage":10,"enemies":"3 Sentries","floor":13,"turns":3},{"damage":3,"enemies":"Large Slime","floor":14,"turns":4},{"damage":72,"enemies":"Hexaghost","floor":16,"turns":10},{"damage":54,"enemies":"Spheric Guardian","floor":18,"turns":6},{"damage":22,"enemies":"3 Byrds","floor":21,"turns":3}],"seed_played":"-4993156673077996088","potions_obtained":[{"floor":1.0,"key":"Explosive Potion"},{"floor":2.0,"key":"Explosive Potion"}],"is_trial":false,"path_per_floor":["M","M","T","M","?","R","M","R","T","?","M","?","E","M","R","B",null,"M","$","?","M"],"character_chosen":"IRONCLAD","items_purchased":["Du-Vu Doll"],"campfire_rested":0,"item_purchase_floors":[19],"current_hp_per_floor":[74,75,75,75,81,81,81,81,81,86,86,86,82,85,85,19,69,21,21,21,0],"gold":77,"neow_bonus":"THREE_ENEMY_KILL","is_prod":false,"is_daily":false,"chose_seed":false,"campfire_upgraded":3,"win_rate":0,"timestamp":1568185761,"path_taken":["M","?","?","M","?","R","M","R","T","?","M","?","E","M","R","BOSS","M","$","?","M"],"build_version":"2019-07-17","purchased_purges":1,"victory":false,"max_hp_per_floor":[75,75,75,75,81,81,81,81,81,86,86,86,86,86,86,86,86,86,86,86,86],"card_choices":[{"not_picked":["Blood for Blood","Anger"],"picked":"Cleave","floor":1.0},{"not_picked":["Seeing Red","Reckless Charge","Perfected Strike"],"picked":"SKIP","floor":2.0},{"not_picked":["Body Slam","Havoc","Wild Strike"],"picked":"SKIP","floor":4.0},{"not_picked":["Bloodletting","Anger"],"picked":"Immolate","floor":7.0},{"not_picked":["Cleave","Anger"],"picked":"Disarm","floor":11.0},{"not_picked":["Infernal Blade","Second Wind"],"picked":"Shrug It Off","floor":13},{"not_picked":["Clothesline","Iron Wave"],"picked":"Corruption","floor":14},{"not_picked":["Reckless Charge+1","Fire Breathing","Havoc"],"picked":"SKIP","floor":18}],"player_experience":1110285,"relics_obtained":[{"floor":3.0,"key":"Darkstone Periapt"},{"floor":9.0,"key":"Potion Belt"},{"floor":13,"key":"Pen Nib"}],"event_choices":[{"damage_healed":0.0,"max_hp_gain":0.0,"max_hp_loss":0.0,"gold_gain":0.0,"event_name":"Golden Idol","player_choice":"Take Wound","floor":5.0,"gold_loss":0.0,"damage_taken":0.0,"relics_obtained":["Golden Idol"],"cards_obtained":["Injury"]},{"damage_healed":0.0,"max_hp_gain":5.0,"max_hp_loss":0.0,"gold_gain":0.0,"event_name":"Big Fish","player_choice":"Donut","floor":10.0,"gold_loss":0.0,"damage_taken":0.0},{"cards_removed":["Injury"],"damage_healed":0,"gold_gain":0,"player_choice":"Forget","damage_taken":0,"max_hp_gain":0,"max_hp_loss":0,"event_name":"Living Wall","floor":12,"gold_loss":0},{"damage_healed":0,"gold_gain":0,"player_choice":"Ignored","damage_taken":0,"max_hp_gain":0,"max_hp_loss":0,"event_name":"Ghosts","floor":20,"gold_loss":0}],"is_beta":false,"boss_relics":[{"not_picked":["Calling Bell","Mark of Pain"],"picked":"Cursed Key"}],"items_purged_floors":[19],"is_endless":false,"potions_floor_spawned":[1,2,7],"killed_by":"3 Byrds","ascension_level":20}