{"gold_per_floor":[118,118,43,57,57,88,88,100,100,100,129,69,89,175,175,277,277,297,313,197,197,207,207,242,242,242,242,24,24,24,24,24,24],"floor_reached":33,"playtime":767,"items_purged":["Strike_R","Strike_R","Writhe"],"score":294,"play_id":"1038ea59-84c2-4aa3-aa4c-c8189dca8696","local_time":"20190406234441","is_ascension_mode":false,"campfire_choices":[{"data":"Bash","floor":7,"key":"SMITH"},{"data":"Spot Weakness","floor":10,"key":"SMITH"},{"data":"Rampage","floor":15,"key":"SMITH"},{"data":"Barricade","floor":23,"key":"SMITH"},{"floor":27,"key":"REST"},{"data":"Headbutt","floor":30,"key":"SMITH"},{"data":"Feel No Pain","floor":32,"key":"SMITH"}],"neow_cost":"NONE","seed_source_timestamp":159615912803936,"circlet_count":0,"master_deck":["Strike_R","Strike_R","Strike_R","Defend_R","Defend_R","Defend_R","Defend_R","Bash+1","Spot Weakness+1","Uppercut+1","Rampage+1","Dropkick","Headbutt+1","Feel No Pain+1","Parasite"],"relics":["Burning Blood","Vajra","Pear","Bottled Flame","Sundial","The Courier","Tiny Chest","Busted Crown","Darkstone Periapt","Blue Candle","Gambling Chip","Juzu Bracelet","Centennial Puzzle"],"potions_floor_usage":[6,14],"damage_taken":[{"damage":6,"enemies":"Jaw Worm","floor":1,"turns":3},{"damage":0,"enemies":"2 Louse","floor":4,"turns":3},{"damage":21,"enemies":"Lagavulin","floor":6,"turns":6},{"damage":0,"enemies":"Cultist","floor":8,"turns":3},{"damage":25,"enemies":"Gremlin Nob","floor":11,"turns":4},{"damage":5,"enemies":"Red Slaver","floor":13,"turns":3},{"damage":10,"enemies":"Gremlin Nob","floor":14,"turns":3},{"damage":39,"enemies":"The Guardian","floor":16,"turns":9},{"damage":7,"enemies":"Shell Parasite","floor":18,"turns":4},{"damage":23,"enemies":"3 Byrds","floor":19,"turns":5},{"damage":17,"enemies":"Shelled Parasite and Fungi","floor":22,"turns":5},{"damage":37,"enemies":"Slavers","floor":24,"turns":4},{"damage":28,"enemies":"Colosseum Slavers","floor":25,"turns":5},{"damage":43,"enemies":"Champ","floor":33,"turns":5}],"seed_played":"-6861549672208929154","potions_obtained":[{"floor":1,"key":"SkillPotion"},{"floor":4,"key":"SneckoOil"},{"floor":13,"key":"Poison Potion"},{"floor":14,"key":"Energy Potion"},{"floor":18,"key":"FearPotion"},{"floor":24,"key":"Explosive Potion"}],"is_trial":false,"path_per_floor":["M","?","$","M","?","E","R","M","T","R","E","$","M","?","R","B",null,"M","M","$","?","M","R","E","?","T","R","$","T","R","?","R","B"],"character_chosen":"IRONCLAD","items_purchased":["Uppercut","Headbutt","Juzu Bracelet"],"campfire_rested":1,"item_purchase_floors":[3,20,28],"current_hp_per_floor":[80,65,65,71,71,56,56,62,62,62,43,43,44,40,40,7,90,89,72,72,78,67,67,36,14,14,42,42,42,42,42,42,0],"gold":24,"neow_bonus":"RANDOM_COMMON_RELIC","is_prod":false,"is_daily":false,"chose_seed":false,"campfire_upgraded":6,"win_rate":0,"timestamp":1554619481,"path_taken":["M","?","$","M","?","E","R","?","T","R","E","?","M","?","R","BOSS","M","M","$","?","M","R","E","?","T","R","?","?","R","?","R","BOSS"],"build_version":"2019-01-23","purchased_purges":3,"victory":false,"max_hp_per_floor":[80,90,90,90,90,90,90,90,90,90,90,90,90,90,90,90,90,90,90,90,96,96,96,96,96,96,96,96,96,96,96,96,96],"card_choices":[{"not_picked":["Sword Boomerang","Havoc"],"picked":"Spot Weakness","floor":1},{"not_picked":["Sentinel","Thunderclap","Armaments"],"picked":"SKIP","floor":4},{"not_picked":["Anger","Wild Strike","Flex"],"picked":"SKIP","floor":6},{"not_picked":["Metallicize","Cleave"],"picked":"Barricade","floor":8},{"not_picked":["Clothesline","Fiend Fire"],"picked":"Rampage","floor":11},{"not_picked":["Warcry","Cleave","Wild Strike"],"picked":"SKIP","floor":13},{"not_picked":["Rampage"],"picked":"SKIP","floor":18},{"not_picked":[],"picked":"Dropkick","floor":19},{"not_picked":["Warcry"],"picked":"SKIP","floor":22},{"not_picked":[],"picked":"Feel No Pain","floor":24}],"player_experience":966554,"relics_obtained":[{"floor":6,"key":"Bottled Flame"},{"floor":9,"key":"Sundial"},{"floor":11,"key":"The Courier"},{"floor":24,"key":"Blue Candle"},{"floor":26,"key":"Gambling Chip"},{"floor":29,"key":"Centennial Puzzle"}],"event_choices":[{"damage_healed":0,"gold_gain":0,"player_choice":"Success","damage_taken":25,"relics_obtained":["Pear"],"max_hp_gain":0,"max_hp_loss":0,"event_name":"Scrap Ooze","floor":2,"gold_loss":0},{"damage_healed":0,"gold_gain":0,"player_choice":"Upgraded","damage_taken":0,"max_hp_gain":0,"max_hp_loss":0,"event_name":"Upgrade Shrine","floor":5,"gold_loss":0,"cards_upgraded":["Uppercut"]},{"damage_healed":0,"gold_gain":0,"player_choice":"Searched \u00273\u0027 times","damage_taken":0,"relics_obtained":["Tiny Chest"],"max_hp_gain":0,"max_hp_loss":0,"event_name":"Dead Adventurer","floor":14,"gold_loss":0},{"damage_healed":0,"gold_gain":0,"player_choice":"Opened","damage_taken":0,"relics_obtained":["Darkstone Periapt"],"max_hp_gain":0,"max_hp_loss":0,"event_name":"The Mausoleum","floor":21,"gold_loss":0,"cards_obtained":["Writhe"]},{"damage_healed":0,"gold_gain":0,"player_choice":"Fight","damage_taken":0,"max_hp_gain":0,"max_hp_loss":0,"event_name":"Colosseum","floor":25,"gold_loss":0},{"damage_healed":0,"gold_gain":0,"player_choice":"Fled From Nobs","damage_taken":0,"max_hp_gain":0,"max_hp_loss":0,"event_name":"Colosseum","floor":25,"gold_loss":0},{"cards_removed":["Barricade"],"damage_healed":0,"gold_gain":0,"player_choice":"Took Card","damage_taken":0,"max_hp_gain":0,"max_hp_loss":0,"event_name":"NoteForYourself","floor":31,"gold_loss":0,"cards_obtained":["Parasite"]}],"is_beta":false,"boss_relics":[{"not_picked":["Pandora\u0027s Box","Lizard Tail"],"picked":"Busted Crown"}],"items_purged_floors":[12,20,28],"is_endless":false,"potions_floor_spawned":[1,4,13,14,18,24],"killed_by":"Champ","ascension_level":0}