{"gold_per_floor":[116,116,126,126,146,146,160,160,160,192,243,243,263,279,279,279],"floor_reached":16,"playtime":969,"items_purged":[],"score":179,"play_id":"98da01d6-c18f-4116-af98-b0887a49d478","local_time":"20190822041049","is_ascension_mode":true,"campfire_choices":[{"data":"Bash","floor":6,"key":"SMITH"},{"data":"Warcry","floor":8,"key":"SMITH"},{"data":"Shrug It Off","floor":12,"key":"SMITH"},{"data":"Ghostly Armor","floor":15,"key":"SMITH"}],"neow_cost":"NONE","seed_source_timestamp":107600985414100,"circlet_count":0,"master_deck":["AscendersBane","Strike_R","Strike_R","Strike_R","Strike_R","Strike_R","Defend_R","Defend_R","Defend_R","Bash+1","Heavy Blade","Sentinel","Warcry+1","Shrug It Off+1","Ghostly Armor","Ghostly Armor+1"],"relics":["Burning Blood","Dodecahedron","Incense Burner"],"potions_floor_usage":[7,14,16,16],"damage_taken":[{"damage":6,"enemies":"Jaw Worm","floor":1,"turns":5},{"damage":6,"enemies":"Cultist","floor":3,"turns":4},{"damage":0,"enemies":"2 Louse","floor":5,"turns":2},{"damage":16,"enemies":"Lots of Slimes","floor":7,"turns":4},{"damage":64,"enemies":"Lagavulin","floor":10,"turns":7},{"damage":8,"enemies":"Blue Slaver","floor":13,"turns":4},{"damage":4,"enemies":"3 Louse","floor":14,"turns":4},{"damage":44,"enemies":"The Guardian","floor":16,"turns":9}],"seed_played":"-7855029705997524848","potions_obtained":[{"floor":5,"key":"Energy Potion"},{"floor":7,"key":"GamblersBrew"},{"floor":10,"key":"EssenceOfSteel"},{"floor":14,"key":"Ancient Potion"}],"is_trial":false,"path_per_floor":["M","$","M","?","M","R","M","R","T","E","?","R","M","M","R","B"],"character_chosen":"IRONCLAD","items_purchased":[],"campfire_rested":0,"item_purchase_floors":[],"current_hp_per_floor":[75,75,75,75,81,81,71,71,71,13,13,13,11,13,13,0],"gold":279,"neow_bonus":"TEN_PERCENT_HP_BONUS","is_prod":false,"is_daily":false,"chose_seed":false,"campfire_upgraded":4,"win_rate":0,"timestamp":1566418249,"path_taken":["M","$","M","?","M","R","M","R","T","E","?","R","?","M","R","BOSS"],"build_version":"2019-07-17","purchased_purges":0,"victory":false,"max_hp_per_floor":[82,82,82,82,82,82,82,82,82,82,82,82,82,82,82,82],"card_choices":[{"not_picked":["Perfected Strike","Iron Wave"],"picked":"Heavy Blade","floor":1},{"not_picked":["Wild Strike","Second Wind"],"picked":"Sentinel","floor":3},{"not_picked":["Sword Boomerang","Second Wind"],"picked":"Warcry","floor":5},{"not_picked":["Immolate","Anger"],"picked":"Shrug It Off","floor":7},{"not_picked":["Clash","Body Slam","Sword Boomerang"],"picked":"SKIP","floor":10},{"not_picked":["Armaments","Heavy Blade"],"picked":"Ghostly Armor","floor":13},{"not_picked":["Clothesline","Second Wind"],"picked":"Ghostly Armor","floor":14}],"player_experience":610828,"relics_obtained":[{"floor":9,"key":"Dodecahedron"},{"floor":10,"key":"Incense Burner"}],"event_choices":[{"cards_removed":["Defend_R"],"damage_healed":0,"gold_gain":0,"player_choice":"Forget","damage_taken":0,"max_hp_gain":0,"max_hp_loss":0,"event_name":"Living Wall","floor":4,"gold_loss":0},{"damage_healed":0,"gold_gain":51,"player_choice":"Gained Gold","damage_taken":0,"max_hp_gain":0,"max_hp_loss":0,"event_name":"Golden Wing","floor":11,"gold_loss":0}],"is_beta":false,"boss_relics":[],"items_purged_floors":[],"is_endless":false,"potions_floor_spawned":[5,7,10,14],"killed_by":"The Guardian","ascension_level":15}