{"gold_per_floor":[360,371,371,76,89,89,89,124,173,173,173],"floor_reached":11,"playtime":470,"items_purged":[],"score":124,"play_id":"f29b614a-0ce1-42f6-ad5a-27a08e8eda73","local_time":"20190920053711","is_ascension_mode":true,"campfire_choices":[{"data":"True Grit","floor":6,"key":"SMITH"},{"data":"Shockwave","floor":10,"key":"SMITH"}],"neow_cost":"PERCENT_DAMAGE","seed_source_timestamp":384233150135000,"circlet_count":0,"master_deck":["AscendersBane","Strike_R","Strike_R","Strike_R","Strike_R","Defend_R+1","Defend_R","Defend_R","Defend_R","Bash","Iron Wave","Infernal Blade+1","True Grit+1","Injury","Shockwave+1"],"relics":["Burning Blood","War Paint","Happy Flower","Golden Idol","Lantern","Art of War"],"potions_floor_usage":[8],"damage_taken":[{"damage":23,"enemies":"Jaw Worm","floor":1,"turns":5},{"damage":6,"enemies":"Cultist","floor":2,"turns":3},{"damage":3,"enemies":"2 Louse","floor":5,"turns":3},{"damage":24,"enemies":"3 Sentries","floor":8,"turns":13},{"damage":36,"enemies":"Gremlin Nob","floor":11,"turns":5}],"seed_played":"6424896490003111879","potions_obtained":[{"floor":2,"key":"SteroidPotion"}],"is_trial":false,"path_per_floor":["M","M","?","$","M","R","?","E","T","R","E"],"character_chosen":"IRONCLAD","items_purchased":["War Paint","Happy Flower"],"campfire_rested":0,"item_purchase_floors":[4,4],"current_hp_per_floor":[33,33,33,33,36,36,36,18,18,18,0],"gold":173,"neow_bonus":"TWO_FIFTY_GOLD","is_prod":false,"is_daily":false,"chose_seed":false,"campfire_upgraded":2,"win_rate":0,"timestamp":1568929031,"path_taken":["M","M","?","$","?","R","?","E","T","R","E"],"build_version":"2019-07-17","purchased_purges":0,"victory":false,"max_hp_per_floor":[75,75,75,75,75,75,75,75,75,75,75],"card_choices":[{"not_picked":["Second Wind","Warcry"],"picked":"Iron Wave","floor":1},{"not_picked":["Reckless Charge","Havoc"],"picked":"Infernal Blade","floor":2},{"not_picked":["Blood for Blood","Iron Wave"],"picked":"True Grit","floor":5},{"not_picked":["Cleave","Flex"],"picked":"Shockwave","floor":8}],"player_experience":644821,"relics_obtained":[{"floor":8,"key":"Lantern"},{"floor":9,"key":"Art of War"}],"event_choices":[{"cards_removed":["Strike_R"],"damage_healed":0,"gold_gain":0,"player_choice":"Offered Basic","damage_taken":0,"max_hp_gain":0,"max_hp_loss":0,"event_name":"Bonfire Elementals","floor":3,"gold_loss":0},{"damage_healed":0,"gold_gain":0,"player_choice":"Take Wound","damage_taken":0,"relics_obtained":["Golden Idol"],"max_hp_gain":0,"max_hp_loss":0,"event_name":"Golden Idol","floor":7,"gold_loss":0,"cards_obtained":["Injury"]}],"is_beta":false,"boss_relics":[],"items_purged_floors":[],"is_endless":false,"potions_floor_spawned":[2],"killed_by":"Gremlin Nob","ascension_level":15}