{"gold_per_floor":[112,112,129,204,60,60,87,87,113,113,113,125,138,155,155,229,229,247,247,167,167],"floor_reached":21,"playtime":731,"items_purged":[],"score":404,"play_id":"cf010be5-e080-48b1-8779-9828da6b4fc1","local_time":"20190923024437","is_ascension_mode":true,"campfire_choices":[{"data":"Zap","floor":6.0,"key":"SMITH"},{"data":"Hologram","floor":8.0,"key":"SMITH"},{"data":"Dualcast","floor":11.0,"key":"SMITH"},{"floor":15.0,"key":"REST"}],"neow_cost":"NONE","seed_source_timestamp":474017237414794,"circlet_count":0,"master_deck":["AscendersBane","Strike_B","Strike_B","Strike_B","Defend_B","Defend_B","Defend_B","Defend_B","Zap+1","Dualcast+1","Coolheaded","Leap","Hologram+1","Genetic Algorithm","Go for the Eyes","Streamline","Creative AI","Conserve Battery","Echo Form","Steam"],"special_seed":0,"relics":["Cracked Core","NeowsBlessing","Lantern","Bronze Scales","Inserter","FaceOfCleric"],"potions_floor_usage":[],"damage_taken":[{"damage":0.0,"enemies":"Small Slimes","floor":1.0,"turns":1.0},{"damage":0.0,"enemies":"2 Louse","floor":3.0,"turns":1.0},{"damage":0.0,"enemies":"Lagavulin","floor":7.0,"turns":1.0},{"damage":1.0,"enemies":"Cultist","floor":12.0,"turns":3.0},{"damage":16.0,"enemies":"Large Slime","floor":13.0,"turns":5.0},{"damage":3.0,"enemies":"Looter","floor":14.0,"turns":3.0},{"damage":28.0,"enemies":"Hexaghost","floor":16.0,"turns":11.0},{"damage":13.0,"enemies":"Shell Parasite","floor":18.0,"turns":9.0},{"damage":23.0,"enemies":"2 Thieves","floor":20.0,"turns":4.0},{"damage":24,"enemies":"Centurion and Healer","floor":21,"turns":7}],"seed_played":"3915602281451215772","potions_obtained":[{"floor":3.0,"key":"SpeedPotion"},{"floor":12.0,"key":"Poison Potion"},{"floor":16.0,"key":"Weak Potion"}],"is_trial":false,"path_per_floor":["M","?","M","?","$","R","E","R","T","?","R","M","M","M","R","B",null,"M","?","M","M"],"character_chosen":"DEFECT","items_purchased":["Hologram","Genetic Algorithm"],"campfire_rested":1,"item_purchase_floors":[5,5],"current_hp_per_floor":[64,57,57,46,46,46,46,46,46,46,46,45,29,26,47,19,58,45,45,23,0],"gold":167,"neow_bonus":"THREE_ENEMY_KILL","is_prod":false,"is_daily":false,"chose_seed":false,"campfire_upgraded":3,"win_rate":0,"timestamp":1569231877,"path_taken":["M","?","M","?","$","R","E","R","T","?","R","M","M","M","R","BOSS","M","?","?","M"],"build_version":"2019-07-17","purchased_purges":0,"victory":false,"max_hp_per_floor":[71,71,71,71,71,71,71,71,71,71,71,71,71,71,71,71,71,71,71,72,72],"card_choices":[{"not_picked":["Hologram","Steam Power"],"picked":"Coolheaded","floor":1.0},{"not_picked":["Stack","Coolheaded"],"picked":"Leap","floor":3.0},{"not_picked":["Turbo","Conserve Battery"],"picked":"Go for the Eyes","floor":7.0},{"not_picked":["Beam Cell","Conserve Battery"],"picked":"Streamline","floor":12.0},{"not_picked":["Turbo","Gash"],"picked":"Creative AI","floor":13.0},{"not_picked":["Doom and Gloom","Go for the Eyes"],"picked":"Conserve Battery","floor":14.0},{"not_picked":["Electrodynamics","Fission"],"picked":"Echo Form","floor":16.0},{"not_picked":["Streamline+1","Rebound","Stack+1"],"picked":"SKIP","floor":18.0},{"not_picked":["Capacitor","Go for the Eyes"],"picked":"Steam","floor":20.0}],"player_experience":1214466,"relics_obtained":[{"floor":7.0,"key":"Lantern"},{"floor":9.0,"key":"Bronze Scales"}],"event_choices":[{"cards_removed":["Strike_B"],"damage_healed":0.0,"max_hp_gain":0.0,"max_hp_loss":0.0,"gold_gain":0.0,"event_name":"Golden Wing","player_choice":"Card Removal","floor":2.0,"gold_loss":0.0,"damage_taken":7.0},{"damage_healed":0.0,"max_hp_gain":0.0,"max_hp_loss":0.0,"gold_gain":75.0,"event_name":"World of Goop","player_choice":"Gather Gold","floor":4.0,"gold_loss":0.0,"damage_taken":11.0},{"damage_healed":0.0,"max_hp_gain":0.0,"max_hp_loss":0.0,"gold_gain":0.0,"event_name":"Liars Game","player_choice":"Ignored","floor":10.0,"gold_loss":0.0,"damage_taken":0.0},{"damage_healed":0.0,"max_hp_gain":0.0,"max_hp_loss":0.0,"gold_gain":0.0,"event_name":"FaceTrader","player_choice":"Trade","floor":19.0,"gold_loss":0.0,"damage_taken":0.0,"relics_obtained":["FaceOfCleric"]}],"is_beta":false,"boss_relics":[{"not_picked":["White Beast Statue","Astrolabe"],"picked":"Inserter"}],"items_purged_floors":[],"is_endless":false,"potions_floor_spawned":[3,12,16,18],"killed_by":"Centurion and Healer","ascension_level":20}