{"gold_per_floor":[211,136,136,148,32,32,52,65,65,28,28,61,61,75,75,75],"floor_reached":16,"playtime":685,"items_purged":[],"score":185,"play_id":"69a15bf9-2192-4720-acec-25b90ec06ec2","local_time":"20190923040255","is_ascension_mode":true,"campfire_choices":[{"data":"Flex","floor":6,"key":"SMITH"},{"data":"Pummel","floor":13,"key":"SMITH"},{"data":"Defend_R","floor":15,"key":"SMITH"}],"neow_cost":"NONE","seed_source_timestamp":637561984815600,"circlet_count":0,"master_deck":["AscendersBane","Strike_R","Strike_R","Strike_R","Strike_R","Strike_R","Defend_R","Defend_R","Defend_R","Defend_R+1","Thunderclap","Flex+1","Bandage Up","Pommel Strike","Heavy Blade","Pummel+1","Offering"],"relics":["Burning Blood","Ornamental Fan","Self Forming Clay","Nunchaku"],"potions_floor_usage":[16,16],"damage_taken":[{"damage":7,"enemies":"Small Slimes","floor":1,"turns":4},{"damage":8,"enemies":"Jaw Worm","floor":4,"turns":3},{"damage":3,"enemies":"Cultist","floor":7,"turns":4},{"damage":2,"enemies":"Lots of Slimes","floor":8,"turns":3},{"damage":28,"enemies":"Gremlin Nob","floor":12,"turns":5},{"damage":5,"enemies":"Exordium Thugs","floor":14,"turns":3},{"damage":45,"enemies":"The Guardian","floor":16,"turns":14}],"seed_played":"-1995670382993151715","potions_obtained":[{"floor":4,"key":"Dexterity Potion"},{"floor":12,"key":"Swift Potion"}],"is_trial":false,"path_per_floor":["M","?","?","M","$","R","M","M","T","$","$","E","R","M","R","B"],"character_chosen":"IRONCLAD","items_purchased":["Flex","Bandage Up","Pummel"],"campfire_rested":0,"item_purchase_floors":[5,5,10],"current_hp_per_floor":[67,67,41,39,39,39,46,54,54,54,54,36,36,41,41,0],"gold":75,"neow_bonus":"HUNDRED_GOLD","is_prod":false,"is_daily":false,"chose_seed":false,"campfire_upgraded":3,"win_rate":0,"timestamp":1569182575,"path_taken":["M","?","?","M","?","R","M","M","T","?","$","E","R","?","R","BOSS"],"build_version":"2019-07-17","purchased_purges":0,"victory":false,"max_hp_per_floor":[75,75,75,75,75,75,75,75,75,75,75,75,75,75,75,75],"card_choices":[{"not_picked":["Rage","Warcry"],"picked":"Thunderclap","floor":1},{"not_picked":["Carnage","Feel No Pain","Wild Strike"],"picked":"SKIP","floor":4},{"not_picked":["Flex","Anger"],"picked":"Pommel Strike","floor":7},{"not_picked":["Flame Barrier","Armaments"],"picked":"Heavy Blade","floor":8},{"not_picked":["True Grit","Dual Wield"],"picked":"Offering","floor":12},{"not_picked":["Corruption","Infernal Blade","Clash"],"picked":"SKIP","floor":14}],"player_experience":670325,"relics_obtained":[{"floor":9,"key":"Self Forming Clay"},{"floor":12,"key":"Nunchaku"}],"event_choices":[{"cards_removed":["Bash"],"damage_healed":0,"gold_gain":0,"player_choice":"Card Removal","damage_taken":0,"max_hp_gain":0,"max_hp_loss":0,"event_name":"The Cleric","floor":2,"gold_loss":75},{"damage_healed":0,"gold_gain":0,"player_choice":"Success","damage_taken":26,"relics_obtained":["Ornamental Fan"],"max_hp_gain":0,"max_hp_loss":0,"event_name":"Scrap Ooze","floor":3,"gold_loss":0}],"is_beta":false,"boss_relics":[],"items_purged_floors":[],"is_endless":false,"potions_floor_spawned":[4,12],"killed_by":"The Guardian","ascension_level":17}