{"gold_per_floor":[113,129,139,152,77,105,118,18,18,33,50,66,66,76,76,171,171,184,59,59,70,84,84,84,84,84,99,99,279,193,211,211,311,311,325,325,345,345,170,170,170,185,211,211,222,22,40,40,40,40],"floor_reached":51,"playtime":3194,"items_purged":["Strike_R","Strike_R","Strike_R","Strike_R","Double Tap","Defend_R"],"score":853,"play_id":"518c61ad-6f21-4f2e-b676-08e42ff8d5e7","local_time":"20190604231617","is_ascension_mode":false,"campfire_choices":[{"data":"Bash","floor":13.0,"key":"SMITH"},{"data":"Defend_R","floor":15.0,"key":"PURGE"},{"data":"Dropkick","floor":23.0,"key":"SMITH"},{"data":"hubris:DuctTapeCard","floor":28.0,"key":"SMITH"},{"data":"Strike_R","floor":32.0,"key":"PURGE"},{"data":"Pot Of Greed","floor":40,"key":"SMITH"},{"data":"Offering","floor":44,"key":"SMITH"},{"data":"Bash+1","floor":49,"key":"SMITH"}],"neow_cost":"NONE","seed_source_timestamp":0,"circlet_count":0,"master_deck":["Defend_R","Bash+2","Dropkick+1","Offering+1","Flash of Steel","Pot Of Greed+1","hubris:DuctTapeCard"],"special_seed":0,"relics":["Black Blood","Meat on the Bone","halation:BottledLove","MutagenicStrength","conspire:InfiniteJournal","infinitespire:WardingShard","hubris:DuctTape","construct:WeddingRing","Grinning Jar","hubris:MobiusCoin","hubris:ToyBattleship"],"potions_floor_usage":[50,50],"damage_taken":[{"damage":26.0,"enemies":"infinitespire:Voidling","floor":1.0,"turns":4.0},{"damage":13.0,"enemies":"2 Louse","floor":2.0,"turns":2.0},{"damage":3.0,"enemies":"Jaw Worm","floor":3.0,"turns":3.0},{"damage":12.0,"enemies":"conspire:2 RoseBushes","floor":4.0,"turns":6.0},{"damage":50.0,"enemies":"3 Sentries","floor":6.0,"turns":13.0},{"damage":2.0,"enemies":"Large Slime","floor":7.0,"turns":7.0},{"damage":15.0,"enemies":"Exordium Thugs","floor":10.0,"turns":6.0},{"damage":8.0,"enemies":"Lots of Slimes","floor":11.0,"turns":6.0},{"damage":0.0,"enemies":"Large Slime","floor":12.0,"turns":4.0},{"damage":12.0,"enemies":"Blue Slaver","floor":14.0,"turns":3.0},{"damage":20.0,"enemies":"Slime Boss","floor":16.0,"turns":10.0},{"damage":32.0,"enemies":"Shell Parasite","floor":18.0,"turns":6.0},{"damage":11.0,"enemies":"3 Byrds","floor":21.0,"turns":5.0},{"damage":30.0,"enemies":"Snake Plant","floor":22.0,"turns":5.0},{"damage":33.0,"enemies":"Chosen and Byrds","floor":27.0,"turns":6.0},{"damage":17.0,"enemies":"Sentry and Sphere","floor":31.0,"turns":16.0},{"damage":6.0,"enemies":"hubris:MusketHawk","floor":33.0,"turns":1.0},{"damage":10.0,"enemies":"3 Shapes","floor":35.0,"turns":3.0},{"damage":15,"enemies":"3 Darklings","floor":37,"turns":5},{"damage":26,"enemies":"4 Shapes","floor":42,"turns":4},{"damage":0,"enemies":"Spire Growth","floor":45,"turns":1},{"damage":0,"enemies":"Maw","floor":47,"turns":1},{"damage":39,"enemies":"infinitespire:MassOfShapes","floor":50,"turns":1}],"seed_played":"-6174804941252424979","potions_obtained":[{"floor":0.0,"key":"SneckoOil"},{"floor":0.0,"key":"Cursed Concoction"},{"floor":0.0,"key":"BloodPotion"},{"floor":1.0,"key":"Cursed Concoction"},{"floor":6.0,"key":"Block Potion"},{"floor":10.0,"key":"SkillPotion"},{"floor":18.0,"key":"SkillPotion"},{"floor":21.0,"key":"FairyPotion"},{"floor":27.0,"key":"Ancient Potion"},{"floor":45,"key":"Dexterity Potion"}],"is_trial":false,"path_per_floor":["M","M","M","M","$","E","M","$","T","M","M","M","R","M","R","B",null,"M","$","?","M","M","R","T","T","T","M","R","?","$","M","R","B",null,"M","?","M","T","$","R","?","M","T","R","M","$","M","?","R","B",null],"character_chosen":"IRONCLAD","items_purchased":["Flash of Steel"],"campfire_rested":0,"item_purchase_floors":[30],"current_hp_per_floor":[60,53,56,50,50,14,30,30,30,33,46,55,55,52,52,53,92,73,73,73,75,70,70,70,70,70,62,62,32,32,40,40,56,107,110,110,105,105,105,105,105,92,92,92,105,105,118,118,118,89],"gold":40,"neow_bonus":"THREE_SMALL_POTIONS","is_prod":false,"is_daily":false,"chose_seed":false,"campfire_upgraded":6,"win_rate":0,"timestamp":1559715377,"path_taken":["M","M","M","M","$","E","M","$","T","?","M","?","R","M","R","BOSS","M","$","?","M","M","R","?","?","T","M","R","?","$","M","R","BOSS","M","?","?","?","$","R","?","M","T","R","M","$","M","?","R","BOSS"],"build_version":"2019-01-23","purchased_purges":6,"victory":true,"max_hp_per_floor":[80,80,80,80,80,80,80,80,80,80,83,86,86,89,89,92,92,95,95,95,98,101,101,101,101,101,104,104,104,104,107,107,107,107,110,110,110,110,110,110,110,113,113,113,116,116,119,119,119,119],"card_choices":[{"not_picked":["Warcry","Cleave"],"picked":"Shrug It Off","floor":1.0},{"not_picked":["Run Through","Ghostly Armor"],"picked":"Dropkick","floor":2.0},{"not_picked":["Carnage","Clothesline","Anger"],"picked":"SKIP","floor":3.0},{"not_picked":["Pummel","Spot Weakness","Clothesline"],"picked":"SKIP","floor":4.0},{"not_picked":["Heavy Blade","Clothesline","Flex"],"picked":"SKIP","floor":6.0},{"not_picked":["Infernal Blade","Cleave","Shrug It Off"],"picked":"SKIP","floor":7.0},{"not_picked":["Heavy Blade","Cleave"],"picked":"Feed","floor":10.0},{"not_picked":["Cleave","Havoc","Thunderclap"],"picked":"SKIP","floor":11.0},{"not_picked":["Inflame","Armaments","Flex"],"picked":"SKIP","floor":12.0},{"not_picked":["Flex","Whirlwind"],"picked":"Offering","floor":14.0},{"not_picked":["Spot Weakness+1","Cleave","Ghostly Armor"],"picked":"SKIP","floor":18.0},{"not_picked":["Run Through","Clash","Flex"],"picked":"SKIP","floor":21.0},{"not_picked":["Inflame","Fire Breathing","Clash"],"picked":"SKIP","floor":22.0},{"not_picked":["Headbutt+1","Flex","Pummel"],"picked":"SKIP","floor":27.0},{"not_picked":["Headbutt","Armaments","ReplayTheSpireMod:Strike From Hell"],"picked":"SKIP","floor":31.0},{"not_picked":["Feed","Berserk"],"picked":"Double Tap","floor":33.0},{"not_picked":["Cleave","Heavy Blade","Thunderclap+1"],"picked":"SKIP","floor":35.0},{"not_picked":["Sword Boomerang+1","Intimidate","Thunderclap"],"picked":"SKIP","floor":37},{"not_picked":["Heavy Blade+1","conspire:ExplosiveBarrier","Wild Strike"],"picked":"SKIP","floor":42},{"not_picked":["Inflame","Defy Death","ReplayTheSpireMod:Muscle Training+1"],"picked":"SKIP","floor":45},{"not_picked":["Heavy Blade+1","Exhume","Run Through"],"picked":"SKIP","floor":47}],"player_experience":1292699,"relics_obtained":[{"floor":6.0,"key":"Meat on the Bone"},{"floor":9.0,"key":"halation:BottledLove"},{"floor":24.0,"key":"conspire:InfiniteJournal"},{"floor":25.0,"key":"infinitespire:WardingShard"},{"floor":26.0,"key":"hubris:DuctTape"},{"floor":38,"key":"hubris:MobiusCoin"},{"floor":43,"key":"hubris:ToyBattleship"}],"event_choices":[{"damage_healed":0.0,"max_hp_gain":0.0,"max_hp_loss":0.0,"gold_gain":0.0,"event_name":"Drug Dealer","player_choice":"Inject Mutagens","floor":20.0,"gold_loss":0.0,"damage_taken":0.0,"relics_obtained":["MutagenicStrength"]},{"damage_healed":0.0,"max_hp_gain":0.0,"max_hp_loss":0.0,"gold_gain":180.0,"event_name":"Knowing Skull","player_choice":"GOLD GOLD ","floor":29.0,"potions_obtained":[],"gold_loss":0.0,"damage_taken":30.0,"cards_obtained":[]},{"damage_healed":0.0,"max_hp_gain":0.0,"max_hp_loss":0.0,"gold_gain":0.0,"event_name":"WeMeetAgain","player_choice":"Gave Potion","floor":36.0,"gold_loss":0.0,"damage_taken":0.0,"relics_obtained":["Grinning Jar"]},{"cards_removed":["Feed"],"damage_healed":0,"gold_gain":0,"player_choice":"Removed Attack","damage_taken":0,"max_hp_gain":0,"max_hp_loss":0,"event_name":"Falling","floor":48,"gold_loss":0}],"is_beta":false,"boss_relics":[{"not_picked":["Replay:Bronze Core","infinitespire:Burning Sword"],"picked":"Black Blood"},{"not_picked":["hubris:GrandSneckoEye","Replay:Grab Bag"],"picked":"construct:WeddingRing"}],"items_purged_floors":[5,8,19,30,39,46],"is_endless":false,"potions_floor_spawned":[1,2,6,10,12,18,21,27,31,45,47],"ascension_level":0}