{"gold_per_floor":[114,129,15,165,90,118,118,152,152,185,38,38,48,48,48,119,119,135,150,75,25,25,56,66,66,66,66,66,78,90,52,52,128,128,138,138,238,250,269,269,301,316,316,316,340,356,356,368,368,368],"floor_reached":50,"playtime":2384,"items_purged":["Strike_R","Strike_R","Shame"],"score":951,"play_id":"3781f978-eaf7-442d-82b7-5c7598ebe113","local_time":"20190920195103","is_ascension_mode":true,"campfire_choices":[{"data":"Shockwave","floor":7.0,"key":"SMITH"},{"data":"Rampage","floor":12.0,"key":"SMITH"},{"data":"Cleave","floor":15.0,"key":"SMITH"},{"data":"Double Tap","floor":25.0,"key":"SMITH"},{"data":"Shrug It Off","floor":27.0,"key":"SMITH"},{"data":"Shrug It Off","floor":30.0,"key":"SMITH"},{"data":"Bash","floor":32.0,"key":"SMITH"},{"data":"Rampage","floor":40.0,"key":"SMITH"},{"floor":44.0,"key":"REST"},{"floor":47.0,"key":"REST"},{"floor":49.0,"key":"REST"}],"neow_cost":"NONE","seed_source_timestamp":0,"circlet_count":0,"master_deck":["AscendersBane","Strike_R+1","Strike_R+1","Defend_R","Defend_R","Defend_R+1","Defend_R","Bash+1","Intimidate+1","Rampage+1","Shockwave+1","Shrug It Off+1","Shrug It Off+1","Double Tap+1","Demon Form","Rampage+1","Parasite"],"special_seed":0,"relics":["Burning Blood","NeowsBlessing","Ice Cream","Whetstone","Mango","Smiling Mask","PreservedInsect","Sozu","Strawberry","Champion Belt","MawBank","Sundial","Lizard Tail","Calipers","Unceasing Top","Vajra","Oddly Smooth Stone"],"potions_floor_usage":[],"damage_taken":[{"damage":0.0,"enemies":"Small Slimes","floor":1.0,"turns":1.0},{"damage":0.0,"enemies":"Jaw Worm","floor":2.0,"turns":1.0},{"damage":0.0,"enemies":"Gremlin Nob","floor":6.0,"turns":1.0},{"damage":22.0,"enemies":"Lagavulin","floor":8.0,"turns":8.0},{"damage":13.0,"enemies":"3 Sentries","floor":10.0,"turns":6.0},{"damage":1.0,"enemies":"2 Louse","floor":13.0,"turns":3.0},{"damage":39.0,"enemies":"Slime Boss","floor":16.0,"turns":13.0},{"damage":0.0,"enemies":"3 Byrds","floor":18.0,"turns":6.0},{"damage":21.0,"enemies":"Spheric Guardian","floor":19.0,"turns":5.0},{"damage":21.0,"enemies":"Gremlin Leader","floor":23.0,"turns":7.0},{"damage":14.0,"enemies":"Snecko","floor":24.0,"turns":6.0},{"damage":48.0,"enemies":"Champ","floor":33.0,"turns":11.0},{"damage":25.0,"enemies":"3 Darklings","floor":35.0,"turns":5.0},{"damage":8.0,"enemies":"Mind Bloom Boss Battle","floor":37.0,"turns":6.0},{"damage":11.0,"enemies":"3 Shapes","floor":38.0,"turns":5.0},{"damage":29.0,"enemies":"Sphere and 2 Shapes","floor":39.0,"turns":6.0},{"damage":64.0,"enemies":"Reptomancer","floor":41.0,"turns":6.0},{"damage":16.0,"enemies":"Maw","floor":42.0,"turns":6.0},{"damage":30.0,"enemies":"Writhing Mass","floor":46.0,"turns":5.0},{"damage":25.0,"enemies":"4 Shapes","floor":48.0,"turns":6.0},{"damage":59,"enemies":"Donu and Deca","floor":50,"turns":5}],"seed_played":"-5044444172567224883","potions_obtained":[{"floor":1.0,"key":"Dexterity Potion"},{"floor":8.0,"key":"Dexterity Potion"},{"floor":16.0,"key":"Regen Potion"}],"is_trial":false,"path_per_floor":["M","M","$","?","?","E","R","E","T","E","$","R","M","?","R","B",null,"M","M","?","$","?","E","M","R","T","R","?","T","R","$","R","B",null,"M","?","?","M","M","R","E","M","T","R","T","M","R","M","R","B"],"character_chosen":"IRONCLAD","items_purchased":["Rampage","PreservedInsect"],"campfire_rested":3,"item_purchase_floors":[3,11],"current_hp_per_floor":[74,75,75,75,75,75,75,59,73,66,66,66,71,44,44,11,70,76,75,75,75,89,81,73,73,73,73,73,73,73,73,73,31,80,61,61,59,54,31,31,29,19,19,47,47,23,51,32,60,1],"gold":368,"neow_bonus":"THREE_ENEMY_KILL","is_prod":false,"is_daily":false,"chose_seed":false,"campfire_upgraded":8,"win_rate":0,"timestamp":1568980263,"path_taken":["M","M","$","?","?","E","R","E","T","E","$","R","M","?","R","BOSS","M","M","?","$","?","E","M","R","T","R","?","?","R","?","R","BOSS","M","?","?","M","M","R","E","M","T","R","?","M","R","M","R","BOSS"],"build_version":"2019-07-17","purchased_purges":3,"victory":false,"max_hp_per_floor":[75,75,75,75,75,75,75,75,89,89,89,89,89,89,89,89,89,89,89,89,89,89,96,96,96,96,96,96,96,96,96,96,96,96,96,96,96,96,96,96,96,96,96,96,96,96,96,96,96,96],"card_choices":[{"not_picked":["Body Slam","Perfected Strike"],"picked":"Intimidate","floor":1.0},{"not_picked":["Sentinel","Perfected Strike"],"picked":"Cleave","floor":2.0},{"not_picked":["Ghostly Armor","Dual Wield"],"picked":"Shockwave","floor":6.0},{"not_picked":["Twin Strike","Whirlwind"],"picked":"Shrug It Off","floor":8.0},{"not_picked":["Anger","Body Slam"],"picked":"Shrug It Off","floor":10.0},{"not_picked":["Shrug It Off","Fire Breathing","Second Wind"],"picked":"SKIP","floor":13.0},{"not_picked":["Brutality","Fiend Fire"],"picked":"Double Tap","floor":16.0},{"not_picked":["Heavy Blade","Entrench","Sentinel"],"picked":"SKIP","floor":18.0},{"not_picked":["Pommel Strike","Pummel","Headbutt"],"picked":"SKIP","floor":19.0},{"not_picked":["Shrug It Off","Clash","Corruption"],"picked":"SKIP","floor":23.0},{"not_picked":["Wild Strike","Shrug It Off","Clash"],"picked":"SKIP","floor":24.0},{"not_picked":["Barricade","Dark Embrace"],"picked":"Demon Form","floor":33.0},{"not_picked":["Clothesline+1","Headbutt+1"],"picked":"Rampage","floor":35.0},{"not_picked":["True Grit","Perfected Strike","Body Slam"],"picked":"SKIP","floor":38.0},{"not_picked":["Armaments","Anger","True Grit+1"],"picked":"SKIP","floor":39.0},{"not_picked":["Second Wind","Twin Strike","Battle Trance"],"picked":"SKIP","floor":41.0},{"not_picked":["Reaper","Uppercut","Headbutt"],"picked":"SKIP","floor":42.0},{"not_picked":["Clothesline+1","Carnage+1","Corruption"],"picked":"SKIP","floor":46.0},{"not_picked":["Second Wind+1","Perfected Strike","Hemokinesis"],"picked":"SKIP","floor":48.0}],"player_experience":646942,"relics_obtained":[{"floor":6.0,"key":"Ice Cream"},{"floor":8.0,"key":"Whetstone"},{"floor":9.0,"key":"Mango"},{"floor":10.0,"key":"Smiling Mask"},{"floor":23.0,"key":"Strawberry"},{"floor":26.0,"key":"Champion Belt"},{"floor":29.0,"key":"Sundial"},{"floor":37.0,"key":"Calipers"},{"floor":41.0,"key":"Unceasing Top"},{"floor":43.0,"key":"Vajra"},{"floor":45.0,"key":"Oddly Smooth Stone"}],"event_choices":[{"damage_healed":0.0,"max_hp_gain":0.0,"max_hp_loss":0.0,"gold_gain":150.0,"event_name":"Liars Game","player_choice":"AGREE","floor":4.0,"gold_loss":0.0,"damage_taken":0.0,"cards_obtained":["Doubt"]},{"cards_removed":["Doubt"],"damage_healed":0.0,"max_hp_gain":0.0,"max_hp_loss":0.0,"gold_gain":0.0,"event_name":"The Cleric","player_choice":"Card Removal","floor":5.0,"gold_loss":75.0,"damage_taken":0.0},{"damage_healed":0.0,"max_hp_gain":0.0,"max_hp_loss":0.0,"gold_gain":0.0,"event_name":"Shining Light","player_choice":"Entered Light","floor":14.0,"gold_loss":0.0,"damage_taken":27.0,"cards_upgraded":["Intimidate","Defend_R"]},{"cards_removed":["Strike_R"],"damage_healed":0.0,"max_hp_gain":0.0,"max_hp_loss":0.0,"gold_gain":0.0,"event_name":"Beggar","player_choice":"Gave Gold","floor":20.0,"gold_loss":75.0,"damage_taken":0.0},{"damage_healed":18.0,"max_hp_gain":0.0,"max_hp_loss":0.0,"gold_gain":0.0,"event_name":"The Library","player_choice":"Heal","floor":22.0,"gold_loss":0.0,"damage_taken":0.0},{"damage_healed":0.0,"max_hp_gain":0.0,"max_hp_loss":0.0,"gold_gain":0.0,"event_name":"Addict","player_choice":"Stole Relic","floor":28.0,"gold_loss":0.0,"damage_taken":0.0,"relics_obtained":["MawBank"],"cards_obtained":["Shame"]},{"cards_removed":["Cleave"],"damage_healed":0.0,"max_hp_gain":0.0,"max_hp_loss":0.0,"gold_gain":0.0,"event_name":"Falling","player_choice":"Removed Attack","floor":36.0,"gold_loss":0.0,"damage_taken":0.0},{"damage_healed":0.0,"max_hp_gain":0.0,"max_hp_loss":0.0,"gold_gain":0.0,"event_name":"MindBloom","player_choice":"Fight","floor":37.0,"gold_loss":0.0,"damage_taken":0.0}],"is_beta":false,"boss_relics":[{"not_picked":["Snecko Eye","Calling Bell"],"picked":"Sozu"},{"not_picked":["Astrolabe","White Beast Statue"],"picked":"Lizard Tail"}],"items_purged_floors":[3,21,31],"is_endless":false,"potions_floor_spawned":[1,8,10,13,16,19,23,35,37,38,39,48],"killed_by":"Donu and Deca","ascension_level":15}