{"gold_per_floor":[117,117,117,140,159,159,3,3,3,21,21,21,37,57,57,150,150,170,170,170,38,0,0,0],"floor_reached":24,"playtime":646,"items_purged":["Strike_R"],"score":368,"play_id":"b08bd933-2f72-4ede-9c2b-d12b4c037105","local_time":"20190429235332","is_ascension_mode":true,"campfire_choices":[{"data":"Bash","floor":6.0,"key":"SMITH"},{"data":"Whirlwind","floor":8.0,"key":"SMITH"},{"data":"Clothesline","floor":11.0,"key":"SMITH"},{"data":"Inflame","floor":15.0,"key":"SMITH"},{"floor":23,"key":"REST"}],"neow_cost":"NONE","seed_source_timestamp":282202222777779,"circlet_count":0,"master_deck":["AscendersBane","Strike_R","Strike_R","Strike_R","Strike_R","Defend_R","Defend_R","Defend_R","Defend_R","Bash+1","Clothesline+1","Offering","Whirlwind+1","Inflame+1","Shrug It Off","Limit Break","Double Tap","Spot Weakness"],"special_seed":0,"relics":["Burning Blood","Golden Idol","The Courier","Smiling Mask","Runic Dome"],"potions_floor_usage":[16],"damage_taken":[{"damage":12.0,"enemies":"2 Louse","floor":1.0,"turns":3.0},{"damage":4.0,"enemies":"Jaw Worm","floor":4.0,"turns":5.0},{"damage":12.0,"enemies":"Cultist","floor":5.0,"turns":3.0},{"damage":7.0,"enemies":"3 Louse","floor":10.0,"turns":2.0},{"damage":11.0,"enemies":"Looter","floor":13.0,"turns":2.0},{"damage":7.0,"enemies":"Blue Slaver","floor":14.0,"turns":4.0},{"damage":35,"enemies":"Slime Boss","floor":16,"turns":9},{"damage":18,"enemies":"Chosen","floor":18,"turns":4},{"damage":51,"enemies":"Colosseum Slavers","floor":20,"turns":4},{"damage":38,"enemies":"Slavers","floor":24,"turns":2}],"seed_played":"-8335910520316848283","potions_obtained":[{"floor":1.0,"key":"GamblersBrew"},{"floor":10.0,"key":"Block Potion"},{"floor":14.0,"key":"FairyPotion"}],"is_trial":false,"path_per_floor":["M","?","?","M","M","R","$","R","T","M","R","?","M","M","R","B",null,"M","?","?","$","?","R","E"],"character_chosen":"IRONCLAD","items_purchased":["Whirlwind","Double Tap","Spot Weakness"],"campfire_rested":1,"item_purchase_floors":[7,21,21],"current_hp_per_floor":[69,41,41,43,37,37,37,37,37,36,36,36,31,30,30,14,65,53,53,8,8,8,32,0],"gold":0,"neow_bonus":"TEN_PERCENT_HP_BONUS","is_prod":false,"is_daily":false,"chose_seed":false,"campfire_upgraded":4,"win_rate":0,"timestamp":1556607212,"path_taken":["M","?","?","M","M","R","$","R","T","M","R","?","M","?","R","BOSS","M","?","?","$","?","R","E"],"build_version":"2019-01-23","purchased_purges":1,"victory":false,"max_hp_per_floor":[82,82,82,82,82,82,82,82,82,82,82,82,82,82,82,82,82,82,82,82,82,82,82,82],"card_choices":[{"not_picked":["Searing Blow","Pommel Strike"],"picked":"Clothesline","floor":1.0},{"not_picked":["Twin Strike","Sentinel"],"picked":"Offering","floor":4.0},{"not_picked":["Flex","Havoc","Iron Wave"],"picked":"SKIP","floor":5.0},{"not_picked":["Clash","Armaments"],"picked":"Inflame","floor":10.0},{"not_picked":["Wild Strike","Thunderclap","Sever Soul"],"picked":"SKIP","floor":13.0},{"not_picked":["Body Slam","Dual Wield"],"picked":"Shrug It Off","floor":14.0},{"not_picked":["Dark Embrace","Exhume"],"picked":"Limit Break","floor":16},{"not_picked":["Wild Strike","Havoc","Thunderclap"],"picked":"SKIP","floor":18}],"player_experience":1036524,"relics_obtained":[{"floor":9.0,"key":"The Courier"}],"event_choices":[{"damage_healed":0.0,"max_hp_gain":0.0,"max_hp_loss":0.0,"gold_gain":0.0,"event_name":"Golden Idol","player_choice":"Take Damage","floor":2.0,"gold_loss":0.0,"damage_taken":28.0,"relics_obtained":["Golden Idol"]},{"damage_healed":0.0,"max_hp_gain":0.0,"max_hp_loss":0.0,"gold_gain":0.0,"event_name":"Scrap Ooze","player_choice":"Fled","floor":3.0,"gold_loss":0.0,"damage_taken":0.0},{"damage_healed":0.0,"max_hp_gain":0.0,"max_hp_loss":0.0,"gold_gain":0.0,"event_name":"WeMeetAgain","player_choice":"Gave Potion","floor":12.0,"gold_loss":0.0,"damage_taken":0.0,"relics_obtained":["Smiling Mask"]},{"damage_healed":0,"gold_gain":0,"player_choice":"Ignored","damage_taken":0,"max_hp_gain":0,"max_hp_loss":0,"event_name":"Ghosts","floor":19,"gold_loss":0},{"damage_healed":0,"gold_gain":0,"player_choice":"Fight","damage_taken":0,"max_hp_gain":0,"max_hp_loss":0,"event_name":"Colosseum","floor":20,"gold_loss":0},{"damage_healed":0,"gold_gain":0,"player_choice":"Fled From Nobs","damage_taken":0,"max_hp_gain":0,"max_hp_loss":0,"event_name":"Colosseum","floor":20,"gold_loss":0},{"damage_healed":0,"gold_gain":0,"player_choice":"Paid Fearfully","damage_taken":0,"max_hp_gain":0,"max_hp_loss":0,"event_name":"Masked Bandits","floor":22,"gold_loss":38}],"is_beta":false,"boss_relics":[{"not_picked":["White Beast Statue","Eternal Feather"],"picked":"Runic Dome"}],"items_purged_floors":[7],"is_endless":false,"potions_floor_spawned":[1,10,14,20],"killed_by":"Slavers","ascension_level":20}