{"gold_per_floor":[161,181,181,193,203,236,236,251,251,133,133,153,167,215,215,320,320,304,304,319,336,94,121,134,134,216,235,247,258,258,268,268,372,372,389,186,205,218,271,271,299,324,324,424,65,165,182,199,199,199,199,199,46,75,75],"floor_reached":56,"playtime":2403,"items_purged":["Strike_R","Strike_R","Strike_R","Strike_R"],"score":1255,"play_id":"757c76e1-e798-411e-9c86-f3e6b0ad248d","local_time":"20190504014705","is_ascension_mode":false,"campfire_choices":[{"floor":7.0,"key":"DIG"},{"data":"Uppercut","floor":11.0,"key":"SMITH"},{"data":"Bash","floor":15.0,"key":"SMITH"},{"data":"Inflame","floor":30.0,"key":"SMITH"},{"data":"Double Tap","floor":32.0,"key":"SMITH"},{"floor":40.0,"key":"RECALL"},{"floor":49.0,"key":"DIG"},{"floor":52.0,"key":"DIG"}],"neow_cost":"NONE","seed_source_timestamp":0,"circlet_count":0,"master_deck":["Strike_R","Defend_R","Defend_R+1","Defend_R","Defend_R","Bash+1","Whirlwind+1","Shrug It Off","Disarm","Shrug It Off","Headbutt","Battle Trance","Uppercut+1","Offering","Double Tap+1","Inflame+1","Pommel Strike+1","Shrug It Off","Clothesline+1","Power Through+1","Power Through","Feel No Pain+1","Inflame"],"special_seed":0,"relics":["Tiny House","Shovel","Blood Vial","Smiling Mask","Lantern","Velvet Choker","Medical Kit","Gremlin Horn","Philosopher\u0027s Stone","Vajra","Charon\u0027s Ashes","Calipers","Strawberry","Juzu Bracelet","Shuriken","FossilizedHelix","Magic Flower","Pear","Pen Nib","Bag of Preparation"],"potions_floor_usage":[55,55,55],"damage_taken":[{"damage":6.0,"enemies":"Jaw Worm","floor":1.0,"turns":3.0},{"damage":0.0,"enemies":"Cultist","floor":2.0,"turns":3.0},{"damage":0.0,"enemies":"Small Slimes","floor":4.0,"turns":2.0},{"damage":3.0,"enemies":"Exordium Wildlife","floor":5.0,"turns":5.0},{"damage":13.0,"enemies":"3 Sentries","floor":6.0,"turns":3.0},{"damage":0.0,"enemies":"2 Fungi Beasts","floor":8.0,"turns":2.0},{"damage":0.0,"enemies":"Blue Slaver","floor":12.0,"turns":4.0},{"damage":0.0,"enemies":"Large Slime","floor":13.0,"turns":3.0},{"damage":13.0,"enemies":"The Guardian","floor":16.0,"turns":12.0},{"damage":4.0,"enemies":"2 Thieves","floor":18.0,"turns":4.0},{"damage":3.0,"enemies":"Shell Parasite","floor":20.0,"turns":5.0},{"damage":10.0,"enemies":"Snecko","floor":21.0,"turns":3.0},{"damage":6.0,"enemies":"Book of Stabbing","floor":23.0,"turns":5.0},{"damage":20.0,"enemies":"Sentry and Sphere","floor":24.0,"turns":4.0},{"damage":11.0,"enemies":"Cultist and Chosen","floor":27.0,"turns":4.0},{"damage":6.0,"enemies":"3 Cultists","floor":28.0,"turns":3.0},{"damage":4.0,"enemies":"Chosen and Byrds","floor":29.0,"turns":3.0},{"damage":0.0,"enemies":"Snecko","floor":31.0,"turns":4.0},{"damage":34.0,"enemies":"Collector","floor":33.0,"turns":7.0},{"damage":7.0,"enemies":"Orb Walker","floor":35.0,"turns":2.0},{"damage":0.0,"enemies":"3 Darklings","floor":37.0,"turns":1.0},{"damage":18.0,"enemies":"Writhing Mass","floor":38.0,"turns":4.0},{"damage":21.0,"enemies":"2 Orb Walkers","floor":39.0,"turns":2.0},{"damage":11.0,"enemies":"Nemesis","floor":41.0,"turns":5.0},{"damage":0.0,"enemies":"Mind Bloom Boss Battle","floor":46.0,"turns":4.0},{"damage":0.0,"enemies":"4 Shapes","floor":47.0,"turns":4.0},{"damage":0.0,"enemies":"Transient","floor":48.0,"turns":5.0},{"damage":49.0,"enemies":"Donu and Deca","floor":50.0,"turns":12.0},{"damage":52.0,"enemies":"Shield and Spear","floor":54.0,"turns":9.0},{"damage":49,"enemies":"The Heart","floor":55,"turns":11}],"seed_played":"-3396515579578020632","potions_obtained":[{"floor":0.0,"key":"Strength Potion"},{"floor":1.0,"key":"Strength Potion"},{"floor":4.0,"key":"EssenceOfSteel"},{"floor":6.0,"key":"SpeedPotion"},{"floor":19.0,"key":"SkillPotion"},{"floor":27.0,"key":"EssenceOfSteel"},{"floor":31.0,"key":"Poison Potion"},{"floor":39.0,"key":"Block Potion"},{"floor":41.0,"key":"PowerPotion"},{"floor":54.0,"key":"Block Potion"}],"is_trial":false,"path_per_floor":["M","M","?","M","M","E","R","M","T","$","R","M","M","T","R","B",null,"M","?","M","M","$","E","M","$","T","M","M","M","R","M","R","B",null,"M","$","M","M","?","R","E","T","T","?","$","?","M","M","R","B",null,"R","$","E","B",null],"character_chosen":"IRONCLAD","items_purchased":["Uppercut","Medical Kit","Vajra","Shuriken","Power Through","Pen Nib"],"campfire_rested":0,"item_purchase_floors":[10,22,36,45,45,53],"current_hp_per_floor":[79,79,79,79,76,63,63,65,65,65,65,67,69,69,69,58,85,81,81,80,72,72,68,50,50,50,41,37,35,35,37,37,5,85,78,78,80,64,45,45,36,43,43,43,43,45,47,49,49,3,92,102,102,50,4],"gold":75,"neow_bonus":"BOSS_RELIC","is_prod":false,"is_daily":false,"chose_seed":false,"campfire_upgraded":4,"win_rate":0,"timestamp":1556959625,"path_taken":["M","M","?","?","M","E","R","M","T","$","R","M","M","?","R","BOSS","M","?","?","M","$","E","M","$","T","M","M","M","R","M","R","BOSS","M","?","?","M","?","R","E","?","T","?","$","?","M","M","R","BOSS","R","$","E","BOSS"],"build_version":"2019-01-23","purchased_purges":4,"victory":true,"max_hp_per_floor":[85,85,85,85,85,85,85,85,85,85,85,85,85,85,85,85,85,85,85,85,85,85,85,85,85,85,85,85,85,85,85,85,85,85,85,85,85,85,85,85,85,92,92,92,92,92,92,92,92,92,92,102,102,102,102],"card_choices":[{"not_picked":["Intimidate","Iron Wave"],"picked":"Whirlwind","floor":0.0},{"not_picked":["Shockwave","True Grit"],"picked":"Shrug It Off","floor":1.0},{"not_picked":["Twin Strike","Warcry"],"picked":"Disarm","floor":2.0},{"not_picked":["True Grit","Bloodletting","Heavy Blade"],"picked":"SKIP","floor":4.0},{"not_picked":["Heavy Blade","Seeing Red"],"picked":"Shrug It Off","floor":5.0},{"not_picked":["Rupture","Bloodletting"],"picked":"Headbutt","floor":6.0},{"not_picked":["Ghostly Armor","Thunderclap"],"picked":"Battle Trance","floor":8.0},{"not_picked":["Power Through","Wild Strike","Warcry"],"picked":"SKIP","floor":12.0},{"not_picked":["Clash","True Grit"],"picked":"Offering","floor":13.0},{"not_picked":["Reaper","Berserk"],"picked":"Double Tap","floor":16.0},{"not_picked":["Intimidate","Bloodletting+1"],"picked":"Inflame","floor":18.0},{"not_picked":["Wild Strike","Warcry","Blood for Blood+1"],"picked":"SKIP","floor":20.0},{"not_picked":["Armaments","Clothesline"],"picked":"Pommel Strike+1","floor":21.0},{"not_picked":["Iron Wave","Wild Strike"],"picked":"Shrug It Off","floor":23.0},{"not_picked":["Thunderclap","Carnage","Searing Blow"],"picked":"SKIP","floor":24.0},{"not_picked":["Barricade","Fire Breathing","Havoc+1"],"picked":"SKIP","floor":27.0},{"not_picked":["Ghostly Armor","Body Slam","Power Through"],"picked":"SKIP","floor":28.0},{"not_picked":["Thunderclap","Second Wind+1","Anger+1"],"picked":"SKIP","floor":29.0},{"not_picked":["Thunderclap","Second Wind+1","Anger+1"],"picked":"SKIP","floor":29.0},{"not_picked":["Heavy Blade","Cleave","Havoc+1"],"picked":"SKIP","floor":31.0},{"not_picked":["Second Wind+1","Perfected Strike+1"],"picked":"Clothesline+1","floor":35.0},{"not_picked":["Heavy Blade","Wild Strike","Shrug It Off+1"],"picked":"SKIP","floor":37.0},{"not_picked":["Carnage+1","Havoc","Dark Embrace"],"picked":"SKIP","floor":38.0},{"not_picked":["Anger+1","Wild Strike"],"picked":"Power Through+1","floor":41.0},{"not_picked":["Searing Blow+1","Sword Boomerang"],"picked":"Feel No Pain+1","floor":46.0},{"not_picked":["Wild Strike","Clash","Carnage+1"],"picked":"SKIP","floor":47.0},{"not_picked":["Sever Soul","Armaments","Iron Wave"],"picked":"SKIP","floor":48.0},{"not_picked":["Headbutt","Rampage+1"],"picked":"Inflame","floor":54.0}],"player_experience":1056645,"relics_obtained":[{"floor":6.0,"key":"Shovel"},{"floor":7.0,"key":"Blood Vial"},{"floor":9.0,"key":"Smiling Mask"},{"floor":14.0,"key":"Lantern"},{"floor":23.0,"key":"Gremlin Horn"},{"floor":39.0,"key":"Charon\u0027s Ashes"},{"floor":41.0,"key":"Calipers"},{"floor":42.0,"key":"Strawberry"},{"floor":43.0,"key":"Juzu Bracelet"},{"floor":46.0,"key":"FossilizedHelix"},{"floor":49.0,"key":"Magic Flower"},{"floor":52.0,"key":"Pear"},{"floor":54.0,"key":"Bag of Preparation"}],"event_choices":[{"damage_healed":0.0,"max_hp_gain":0.0,"max_hp_loss":0.0,"gold_gain":0.0,"event_name":"Accursed Blacksmith","player_choice":"Forge","floor":3.0,"gold_loss":0.0,"damage_taken":0.0,"cards_upgraded":["Whirlwind"]},{"damage_healed":0.0,"max_hp_gain":0.0,"max_hp_loss":0.0,"gold_gain":0.0,"event_name":"Lab","player_choice":"Got Potions","floor":19.0,"gold_loss":0.0,"damage_taken":0.0},{"damage_healed":0.0,"max_hp_gain":0.0,"max_hp_loss":0.0,"gold_gain":0.0,"event_name":"Mysterious Sphere","player_choice":"Fight","floor":39.0,"gold_loss":0.0,"damage_taken":0.0},{"damage_healed":0.0,"max_hp_gain":0.0,"max_hp_loss":0.0,"gold_gain":100.0,"event_name":"Golden Shrine","player_choice":"Pray","floor":44.0,"gold_loss":0.0,"damage_taken":0.0},{"damage_healed":0.0,"max_hp_gain":0.0,"max_hp_loss":0.0,"gold_gain":0.0,"event_name":"MindBloom","player_choice":"Fight","floor":46.0,"gold_loss":0.0,"damage_taken":0.0}],"is_beta":false,"boss_relics":[{"not_picked":["Runic Cube","Busted Crown"],"picked":"Velvet Choker"},{"not_picked":["Runic Pyramid","Pandora\u0027s Box"],"picked":"Philosopher\u0027s Stone"}],"items_purged_floors":[10,22,36,45],"is_endless":false,"potions_floor_spawned":[1,4,6,8,21,27,31,33,39,41,46,54],"ascension_level":0}