{"gold_per_floor":[117,130,146,146,158,192,192,223,249,249],"floor_reached":10,"playtime":661,"items_purged":[],"score":137,"play_id":"58d13ec4-370f-4550-a035-e87c764f23b9","local_time":"20190919190456","is_ascension_mode":true,"campfire_choices":[{"floor":7,"key":"RECALL"}],"neow_cost":"NONE","seed_source_timestamp":346106826653100,"circlet_count":0,"master_deck":["AscendersBane","Strike_R","Strike_R","Strike_R","Strike_R","Strike_R","Defend_R","Defend_R","Defend_R","Defend_R","Bash","Body Slam","Battle Trance","Barricade"],"relics":["Burning Blood","Oddly Smooth Stone","Boot"],"potions_floor_usage":[4,5,6,6,6,8,10],"damage_taken":[{"damage":5,"enemies":"Cultist","floor":1,"turns":5},{"damage":2,"enemies":"Jaw Worm","floor":2,"turns":3},{"damage":0,"enemies":"2 Louse","floor":3,"turns":2},{"damage":14,"enemies":"Red Slaver","floor":5,"turns":5},{"damage":30,"enemies":"3 Sentries","floor":6,"turns":6},{"damage":30,"enemies":"Lagavulin","floor":8,"turns":8},{"damage":38,"enemies":"Gremlin Nob","floor":10,"turns":4}],"seed_played":"-1031733127716309020","potions_obtained":[{"floor":1,"key":"SkillPotion"},{"floor":3,"key":"Poison Potion"},{"floor":4,"key":"Fruit Juice"},{"floor":4,"key":"EntropicBrew"},{"floor":5,"key":"AttackPotion"},{"floor":8,"key":"SteroidPotion"}],"is_trial":false,"path_per_floor":["M","M","M","?","M","E","R","E","T","E"],"character_chosen":"IRONCLAD","items_purchased":[],"campfire_rested":0,"item_purchase_floors":[],"current_hp_per_floor":[76,80,82,87,79,55,55,31,31,0],"gold":249,"neow_bonus":"TEN_PERCENT_HP_BONUS","is_prod":false,"is_daily":false,"chose_seed":false,"campfire_upgraded":0,"win_rate":0,"timestamp":1568891096,"path_taken":["M","?","M","?","M","E","R","E","T","E"],"build_version":"2019-07-17","purchased_purges":0,"victory":false,"max_hp_per_floor":[82,82,82,87,87,87,87,87,87,87],"card_choices":[{"not_picked":["Reckless Charge","Armaments","Rupture"],"picked":"SKIP","floor":1},{"not_picked":["Hemokinesis","Wild Strike","Sever Soul"],"picked":"SKIP","floor":2},{"not_picked":["Flex","Warcry","Wild Strike"],"picked":"SKIP","floor":3},{"not_picked":["Spot Weakness","Feel No Pain"],"picked":"Body Slam","floor":5},{"not_picked":["Disarm","Fire Breathing"],"picked":"Battle Trance","floor":6},{"not_picked":["Anger","Metallicize"],"picked":"Barricade","floor":8}],"player_experience":638682,"relics_obtained":[{"floor":6,"key":"Oddly Smooth Stone"},{"floor":8,"key":"Boot"}],"event_choices":[{"damage_healed":0,"gold_gain":0,"player_choice":"Got Potions","damage_taken":0,"max_hp_gain":0,"max_hp_loss":0,"event_name":"Lab","floor":4,"gold_loss":0}],"is_beta":false,"boss_relics":[],"items_purged_floors":[],"is_endless":false,"potions_floor_spawned":[1,3,5,8],"killed_by":"Gremlin Nob","ascension_level":15}