{"gold_per_floor":[118,118,131,141,155,183,183,209,235,265,265,276,309,309,309,408,408,421,421,421,421,268,268,268,268,268,368,393,318,353,368,368,473,473,486,501,517,30,30,30,58,70,70,96,114,114,124,138,138,138],"floor_reached":51,"playtime":7948,"items_purged":[],"score":1327,"play_id":"c99b4610-cd86-46dd-af48-0d8657b8c2e2","local_time":"20190922025026","is_ascension_mode":true,"campfire_choices":[{"floor":7.0,"key":"REST"},{"floor":11.0,"key":"REST"},{"data":"Go for the Eyes","floor":15.0,"key":"SMITH"},{"data":"Buffer","floor":23.0,"key":"SMITH"},{"floor":25.0,"key":"REST"},{"floor":32.0,"key":"REST"},{"data":"Reinforced Body","floor":40.0,"key":"SMITH"},{"data":"Force Field","floor":49,"key":"SMITH"}],"neow_cost":"NONE","seed_source_timestamp":1133738795924903,"circlet_count":0,"master_deck":["Strike_B+1","Strike_B+1","Strike_B+1","Defend_B+1","Defend_B+1","Defend_B+1","Zap","Dualcast","Reinforced Body+1","Defragment","Go for the Eyes+1","Defragment","Leap","Defragment","Cold Snap","Seek","Buffer+1","Streamline+1","Rainbow+1","Hologram+1","Machine Learning","Echo Form","Streamline+1","Force Field+1","Madness","Madness+1","Hologram+1","Echo Form"],"special_seed":0,"relics":["Cracked Core","Juzu Bracelet","Happy Flower","Bag of Preparation","Centennial Puzzle","FossilizedHelix","Snecko Eye","Nilry\u0027s Codex","Darkstone Periapt","Mercury Hourglass","Bird Faced Urn","Sundial","Boot","Bag of Marbles","Sozu","Gambling Chip","Chemical X","War Paint","Bottled Tornado","DataDisk"],"potions_floor_usage":[50],"damage_taken":[{"damage":19.0,"enemies":"Small Slimes","floor":1.0,"turns":3.0},{"damage":4.0,"enemies":"Jaw Worm","floor":3.0,"turns":3.0},{"damage":0.0,"enemies":"2 Louse","floor":4.0,"turns":3.0},{"damage":7.0,"enemies":"Large Slime","floor":5.0,"turns":5.0},{"damage":16.0,"enemies":"Gremlin Nob","floor":6.0,"turns":4.0},{"damage":40.0,"enemies":"3 Sentries","floor":8.0,"turns":8.0},{"damage":14.0,"enemies":"Lagavulin","floor":10.0,"turns":7.0},{"damage":0.0,"enemies":"Exordium Thugs","floor":12.0,"turns":5.0},{"damage":1.0,"enemies":"Gremlin Nob","floor":13.0,"turns":4.0},{"damage":32.0,"enemies":"Hexaghost","floor":16.0,"turns":12.0},{"damage":0.0,"enemies":"Spheric Guardian","floor":18.0,"turns":4.0},{"damage":0.0,"enemies":"Colosseum Slavers","floor":27.0,"turns":5.0},{"damage":0.0,"enemies":"Colosseum Nobs","floor":27.0,"turns":5.0},{"damage":0.0,"enemies":"Book of Stabbing","floor":28.0,"turns":10.0},{"damage":51.0,"enemies":"Gremlin Leader","floor":30.0,"turns":9.0},{"damage":6.0,"enemies":"3 Byrds","floor":31.0,"turns":4.0},{"damage":0.0,"enemies":"Champ","floor":33.0,"turns":10.0},{"damage":0.0,"enemies":"Orb Walker","floor":35.0,"turns":3.0},{"damage":0.0,"enemies":"3 Shapes","floor":36.0,"turns":2.0},{"damage":0.0,"enemies":"Jaw Worm Horde","floor":37.0,"turns":4.0},{"damage":0.0,"enemies":"Nemesis","floor":41.0,"turns":7.0},{"damage":0.0,"enemies":"3 Darklings","floor":42.0,"turns":4.0},{"damage":0.0,"enemies":"Giant Head","floor":44.0,"turns":7.0},{"damage":0,"enemies":"Writhing Mass","floor":45,"turns":6},{"damage":25,"enemies":"Spire Growth","floor":47,"turns":6},{"damage":0,"enemies":"Transient","floor":48,"turns":5},{"damage":0,"enemies":"Awakened One","floor":50,"turns":12}],"seed_played":"-2191147422964610592","potions_obtained":[{"floor":1.0,"key":"FairyPotion"},{"floor":4.0,"key":"Regen Potion"},{"floor":12.0,"key":"Explosive Potion"},{"floor":16.0,"key":"Dexterity Potion"},{"floor":30.0,"key":"GamblersBrew"},{"floor":33.0,"key":"Weak Potion"}],"is_trial":false,"path_per_floor":["M","?","M","M","M","E","R","E","T","E","R","M","E","?","R","B",null,"M","?","?","?","$","R","?","R","T","?","E","?","E","M","R","B",null,"M","M","M","$","?","R","E","M","T","E","M","?","M","M","R","B",null],"character_chosen":"DEFECT","items_purchased":["Buffer","Gambling Chip","Chemical X"],"campfire_rested":4,"item_purchase_floors":[22,38,38],"current_hp_per_floor":[56,40,36,36,29,25,49,9,9,8,32,32,31,36,36,4,66,66,50,50,50,50,50,33,60,60,60,72,72,33,35,62,76,88,92,92,92,92,80,80,90,92,92,92,92,92,83,92,92,92],"gold":138,"neow_bonus":"TEN_PERCENT_HP_BONUS","is_prod":false,"is_daily":false,"chose_seed":false,"campfire_upgraded":4,"win_rate":0,"timestamp":1569135026,"path_taken":["M","?","M","M","M","E","R","E","T","E","R","M","E","?","R","BOSS","M","?","?","?","$","R","?","R","T","?","E","?","E","M","R","BOSS","M","M","M","$","?","R","E","M","T","E","M","?","M","M","R","BOSS"],"build_version":"2019-07-17","purchased_purges":0,"victory":true,"max_hp_per_floor":[82,82,82,82,82,82,82,82,82,82,82,82,82,87,87,87,87,87,87,87,87,87,87,92,92,92,92,92,92,92,92,92,92,92,92,92,92,92,92,92,92,92,92,92,92,92,92,92,92,92],"card_choices":[{"not_picked":["Sunder","Melter"],"picked":"Reinforced Body","floor":1.0},{"not_picked":["Steam","Reinforced Body"],"picked":"Defragment","floor":3.0},{"not_picked":["Rip and Tear","Barrage"],"picked":"Go for the Eyes","floor":4.0},{"not_picked":["Sweeping Beam","Auto Shields","Undo"],"picked":"SKIP","floor":5.0},{"not_picked":["BootSequence","Fusion"],"picked":"Defragment","floor":6.0},{"not_picked":["Beam Cell","Hello World"],"picked":"Leap","floor":8.0},{"not_picked":["Rainbow","Barrage","Melter"],"picked":"SKIP","floor":10.0},{"not_picked":["Tempest","Beam Cell"],"picked":"Defragment","floor":12.0},{"not_picked":["Loop","Turbo"],"picked":"Cold Snap","floor":13.0},{"not_picked":["Meteor Strike","Biased Cognition"],"picked":"Seek","floor":16.0},{"not_picked":["Rebound+1","Steam Power+1"],"picked":"Fusion","floor":18.0},{"not_picked":["Compile Driver+1","Turbo"],"picked":"Streamline+1","floor":27.0},{"not_picked":["Aggregate","Go for the Eyes"],"picked":"Rainbow","floor":28.0},{"not_picked":["Ball Lightning","Barrage+1"],"picked":"Hologram+1","floor":30.0},{"not_picked":["Rebound","Stack+1"],"picked":"Machine Learning","floor":31.0},{"not_picked":["Seek","Electrodynamics"],"picked":"Echo Form","floor":33.0},{"not_picked":["Leap","Doom and Gloom"],"picked":"Streamline+1","floor":35.0},{"not_picked":["Turbo","Streamline+1"],"picked":"Force Field","floor":36.0},{"not_picked":["Heatsinks+1","Storm+1","Redo+1"],"picked":"SKIP","floor":37.0},{"not_picked":["Hologram","Barrage","Static Discharge"],"picked":"SKIP","floor":41.0},{"not_picked":["Gash+1","Barrage","Rebound"],"picked":"SKIP","floor":42.0},{"not_picked":["Seek","Sweeping Beam","Conserve Battery"],"picked":"SKIP","floor":44.0},{"not_picked":["Genetic Algorithm","Leap+1","Doom and Gloom"],"picked":"SKIP","floor":45},{"not_picked":["Go for the Eyes+1","Compile Driver"],"picked":"Hologram+1","floor":47},{"not_picked":["Leap","Conserve Battery+1"],"picked":"Echo Form","floor":48}],"player_experience":319274,"relics_obtained":[{"floor":6.0,"key":"Juzu Bracelet"},{"floor":8.0,"key":"Happy Flower"},{"floor":9.0,"key":"Bag of Preparation"},{"floor":10.0,"key":"Centennial Puzzle"},{"floor":13.0,"key":"FossilizedHelix"},{"floor":19.0,"key":"Nilry\u0027s Codex"},{"floor":26.0,"key":"Mercury Hourglass"},{"floor":27.0,"key":"Bird Faced Urn"},{"floor":27.0,"key":"Sundial"},{"floor":28.0,"key":"Boot"},{"floor":30.0,"key":"Bag of Marbles"},{"floor":41.0,"key":"War Paint"},{"floor":43.0,"key":"Bottled Tornado"},{"floor":44.0,"key":"DataDisk"}],"event_choices":[{"damage_healed":0.0,"max_hp_gain":0.0,"max_hp_loss":0.0,"gold_gain":0.0,"event_name":"Shining Light","player_choice":"Entered Light","floor":2.0,"gold_loss":0.0,"damage_taken":16.0,"cards_upgraded":["Defend_B","Strike_B"]},{"damage_healed":0.0,"max_hp_gain":5.0,"max_hp_loss":0.0,"gold_gain":0.0,"event_name":"Big Fish","player_choice":"Donut","floor":14.0,"gold_loss":0.0,"damage_taken":0.0},{"damage_healed":0.0,"max_hp_gain":0.0,"max_hp_loss":0.0,"gold_gain":0.0,"event_name":"Cursed Tome","player_choice":"Obtained Book","floor":19.0,"gold_loss":0.0,"damage_taken":16.0},{"damage_healed":0.0,"max_hp_gain":0.0,"max_hp_loss":0.0,"gold_gain":0.0,"event_name":"Back to Basics","player_choice":"Simplicity","floor":20.0,"gold_loss":0.0,"damage_taken":0.0,"cards_upgraded":["Strike_B","Strike_B","Strike_B","Defend_B","Defend_B","Defend_B"]},{"cards_removed":["Fusion"],"damage_healed":0.0,"max_hp_gain":0.0,"max_hp_loss":0.0,"gold_gain":0.0,"event_name":"WeMeetAgain","player_choice":"Gave Card","floor":21.0,"gold_loss":0.0,"damage_taken":0.0,"relics_obtained":["Darkstone Periapt"]},{"damage_healed":0.0,"max_hp_gain":5.0,"max_hp_loss":0.0,"gold_gain":0.0,"event_name":"Forgotten Altar","player_choice":"Shed Blood","floor":24.0,"gold_loss":0.0,"damage_taken":22.0},{"damage_healed":0.0,"max_hp_gain":0.0,"max_hp_loss":0.0,"gold_gain":0.0,"event_name":"Colosseum","player_choice":"Fight","floor":27.0,"gold_loss":0.0,"damage_taken":0.0},{"damage_healed":0.0,"max_hp_gain":0.0,"max_hp_loss":0.0,"gold_gain":0.0,"event_name":"Colosseum","player_choice":"Fought Nobs","floor":27.0,"gold_loss":0.0,"damage_taken":0.0},{"cards_removed":["Strike_B"],"damage_healed":0.0,"max_hp_gain":0.0,"max_hp_loss":0.0,"gold_gain":0.0,"event_name":"Beggar","player_choice":"Gave Gold","floor":29.0,"gold_loss":75.0,"damage_taken":0.0},{"damage_healed":0.0,"max_hp_gain":0.0,"max_hp_loss":0.0,"gold_gain":0.0,"event_name":"Winding Halls","player_choice":"Embrace Madness","floor":39.0,"gold_loss":0.0,"damage_taken":12.0,"cards_obtained":["Madness","Madness"]},{"cards_removed":["Defend_B"],"damage_healed":0,"gold_gain":0,"player_choice":"Removed Skill","damage_taken":0,"max_hp_gain":0,"max_hp_loss":0,"event_name":"Falling","floor":46,"gold_loss":0}],"is_beta":false,"boss_relics":[{"not_picked":["Astrolabe","Velvet Choker"],"picked":"Snecko Eye"},{"not_picked":["Calling Bell","FrozenCore"],"picked":"Sozu"}],"items_purged_floors":[],"is_endless":false,"potions_floor_spawned":[1,4,12,16,27,30,33,41,42,44],"ascension_level":9}