{"gold_per_floor":[113,38,49,49,67,100,100,130,184,184,201,232,232,249,249,249],"floor_reached":16,"playtime":1117,"items_purged":[],"score":216,"play_id":"da0aa6bd-ac8d-4327-a919-15620fc68af3","local_time":"20190921080252","is_ascension_mode":true,"campfire_choices":[{"data":"Shockwave","floor":7,"key":"SMITH"},{"data":"Body Slam","floor":10,"key":"SMITH"},{"data":"Metallicize","floor":15,"key":"SMITH"}],"neow_cost":"NONE","seed_source_timestamp":478726422806100,"circlet_count":0,"master_deck":["AscendersBane","Strike_R","Strike_R","Strike_R","Strike_R","Defend_R+1","Defend_R","Defend_R","Defend_R+1","Thunderclap","Shockwave+1","Body Slam+1","Dropkick","Metallicize+1","Anger","Fire Breathing","Warcry"],"relics":["Burning Blood","Ornamental Fan","Blood Vial","Boot","War Paint"],"potions_floor_usage":[6,12,14,16],"damage_taken":[{"damage":13,"enemies":"2 Louse","floor":1,"turns":4},{"damage":4,"enemies":"Small Slimes","floor":3,"turns":4},{"damage":2,"enemies":"Cultist","floor":5,"turns":4},{"damage":17,"enemies":"Gremlin Nob","floor":6,"turns":5},{"damage":39,"enemies":"Lagavulin","floor":8,"turns":8},{"damage":12,"enemies":"Exordium Wildlife","floor":11,"turns":4},{"damage":26,"enemies":"3 Sentries","floor":12,"turns":9},{"damage":4,"enemies":"Looter","floor":14,"turns":4},{"damage":15,"enemies":"The Guardian","floor":16,"turns":16}],"seed_played":"8131825064834948283","potions_obtained":[{"floor":5,"key":"Block Potion"},{"floor":6,"key":"SpeedPotion"},{"floor":8,"key":"Weak Potion"},{"floor":12,"key":"Poison Potion"}],"is_trial":false,"path_per_floor":["M","?","M","$","M","E","R","E","T","R","M","E","?","M","R","B"],"character_chosen":"IRONCLAD","items_purchased":[],"campfire_rested":0,"item_purchase_floors":[],"current_hp_per_floor":[68,68,70,70,74,63,63,30,30,30,26,8,8,12,12,0],"gold":249,"neow_bonus":"TEN_PERCENT_HP_BONUS","is_prod":false,"is_daily":false,"chose_seed":false,"campfire_upgraded":3,"win_rate":0,"timestamp":1569024172,"path_taken":["M","?","M","$","M","E","R","E","T","R","M","E","?","?","R","BOSS"],"build_version":"2019-07-17","purchased_purges":0,"victory":false,"max_hp_per_floor":[82,82,82,82,82,82,82,82,82,82,82,82,82,82,82,82],"card_choices":[{"not_picked":["Body Slam","Headbutt"],"picked":"Thunderclap","floor":1},{"not_picked":["Searing Blow","Cleave"],"picked":"Shockwave","floor":3},{"not_picked":["Iron Wave","Clothesline"],"picked":"Body Slam","floor":5},{"not_picked":["Bloodletting","Hemokinesis"],"picked":"Dropkick","floor":6},{"not_picked":["Cleave","Shrug It Off"],"picked":"Metallicize","floor":8},{"not_picked":["Warcry","Headbutt"],"picked":"Anger","floor":11},{"not_picked":["Feel No Pain","Evolve"],"picked":"Fire Breathing","floor":12},{"not_picked":["Sentinel","Feel No Pain"],"picked":"Warcry","floor":14}],"player_experience":654425,"relics_obtained":[{"floor":6,"key":"Ornamental Fan"},{"floor":8,"key":"Blood Vial"},{"floor":9,"key":"Boot"},{"floor":12,"key":"War Paint"}],"event_choices":[{"cards_removed":["Bash"],"damage_healed":0,"gold_gain":0,"player_choice":"Card Removal","damage_taken":0,"max_hp_gain":0,"max_hp_loss":0,"event_name":"The Cleric","floor":2,"gold_loss":75},{"cards_removed":["Strike_R"],"damage_healed":0,"gold_gain":0,"player_choice":"Offered Basic","damage_taken":0,"max_hp_gain":0,"max_hp_loss":0,"event_name":"Bonfire Elementals","floor":13,"gold_loss":0}],"is_beta":false,"boss_relics":[],"items_purged_floors":[],"is_endless":false,"potions_floor_spawned":[5,6,8,12],"killed_by":"The Guardian","ascension_level":16}