{"gold_per_floor":[13,27,27,27,39,39,56,56,104,123,48,66,87,141,141,141],"floor_reached":16,"playtime":419,"items_purged":["Injury"],"score":188,"play_id":"674771a1-6b9b-4780-a239-53cb0d5e5f6e","local_time":"20190911001707","is_ascension_mode":true,"campfire_choices":[{"data":"Bash","floor":6,"key":"SMITH"},{"data":"Inflame","floor":15,"key":"SMITH"}],"neow_cost":"NO_GOLD","seed_source_timestamp":27839629103610,"circlet_count":0,"master_deck":["AscendersBane","Strike_R","Strike_R","Strike_R","Strike_R","Strike_R","Defend_R+1","Defend_R","Defend_R","Defend_R","Bash+1","Battle Trance+1","Sword Boomerang","Intimidate","Twin Strike","Inflame+1","Intimidate"],"special_seed":0,"relics":["Burning Blood","Calipers","Golden Idol","Ancient Tea Set","Omamori"],"potions_floor_usage":[10,13],"damage_taken":[{"damage":2.0,"enemies":"Cultist","floor":1.0,"turns":4.0},{"damage":11,"enemies":"Jaw Worm","floor":2,"turns":5},{"damage":12,"enemies":"Small Slimes","floor":5,"turns":5},{"damage":11,"enemies":"3 Louse","floor":7,"turns":4},{"damage":12,"enemies":"Exordium Wildlife","floor":10,"turns":6},{"damage":21,"enemies":"Gremlin Gang","floor":12,"turns":6},{"damage":0,"enemies":"Blue Slaver","floor":13,"turns":5},{"damage":0,"enemies":"Hexaghost","floor":16,"turns":1}],"seed_played":"3271758551609737372","potions_obtained":[{"floor":1.0,"key":"Block Potion"},{"floor":5,"key":"Dexterity Potion"}],"is_trial":false,"path_per_floor":["M","M","$","?","M","R","M","?","T","M","$","M","M","T","R","B"],"character_chosen":"IRONCLAD","items_purchased":[],"campfire_rested":0,"item_purchase_floors":[],"current_hp_per_floor":[72,67,67,44,38,38,33,33,33,27,27,12,18,18,18,18],"gold":141,"neow_bonus":"ONE_RARE_RELIC","is_prod":false,"is_daily":false,"chose_seed":false,"campfire_upgraded":2,"win_rate":0,"timestamp":1568186227,"path_taken":["M","?","$","?","M","R","M","?","T","M","$","M","M","?","R","BOSS"],"build_version":"2019-07-17","purchased_purges":1,"victory":false,"max_hp_per_floor":[75,75,75,75,75,75,75,75,75,75,75,75,75,75,75,75],"card_choices":[{"not_picked":["Fire Breathing","Flex","Clash"],"picked":"SKIP","floor":1.0},{"not_picked":["Warcry","Wild Strike"],"picked":"Battle Trance","floor":2},{"not_picked":["Iron Wave","Clash"],"picked":"Sword Boomerang","floor":5},{"not_picked":["Warcry","Wild Strike"],"picked":"Intimidate","floor":7},{"not_picked":["Body Slam","Sword Boomerang"],"picked":"Twin Strike","floor":10},{"not_picked":["Limit Break","Cleave"],"picked":"Inflame","floor":12},{"not_picked":["Twin Strike","Anger"],"picked":"Intimidate","floor":13}],"player_experience":1110724,"relics_obtained":[{"floor":9,"key":"Ancient Tea Set"},{"floor":14,"key":"Omamori"}],"event_choices":[{"damage_healed":0,"gold_gain":0,"player_choice":"Entered Light","damage_taken":23,"max_hp_gain":0,"max_hp_loss":0,"event_name":"Shining Light","floor":4,"gold_loss":0,"cards_upgraded":["Battle Trance","Defend_R"]},{"damage_healed":0,"gold_gain":0,"player_choice":"Take Wound","damage_taken":0,"relics_obtained":["Golden Idol"],"max_hp_gain":0,"max_hp_loss":0,"event_name":"Golden Idol","floor":8,"gold_loss":0,"cards_obtained":["Injury"]}],"is_beta":false,"boss_relics":[],"items_purged_floors":[11],"is_endless":false,"potions_floor_spawned":[1,5],"killed_by":"Hexaghost","ascension_level":20}