{"gold_per_floor":[109,59,59,80,80,116,140,140,140,180,180,2,2,17,17,17],"floor_reached":16,"playtime":470,"items_purged":["Strike_R"],"score":108,"play_id":"5ae7653c-2aca-4956-9a98-52a9327108a5","local_time":"20190504025906","is_ascension_mode":false,"campfire_choices":[{"floor":8.0,"key":"REST"},{"data":"Whirlwind","floor":11.0,"key":"SMITH"},{"data":"Armaments","floor":15.0,"key":"SMITH"}],"neow_cost":"NONE","seed_source_timestamp":638988108893986,"circlet_count":0,"master_deck":["Strike_R","Strike_R","Strike_R","Defend_R","Defend_R","Defend_R","Defend_R","Bash","Twin Strike","Whirlwind+1","Shrug It Off","Clothesline","Searing Blow","Armaments+1","Impervious"],"special_seed":0,"relics":["Burning Blood","Golden Idol","Dream Catcher","Regal Pillow","Mango","Magic Flower"],"potions_floor_usage":[16],"damage_taken":[{"damage":1.0,"enemies":"Jaw Worm","floor":1.0,"turns":3.0},{"damage":3.0,"enemies":"Small Slimes","floor":4.0,"turns":3.0},{"damage":55.0,"enemies":"Lagavulin","floor":6.0,"turns":8.0},{"damage":0.0,"enemies":"Cultist","floor":7.0,"turns":4.0},{"damage":27.0,"enemies":"3 Sentries","floor":10.0,"turns":7.0},{"damage":8.0,"enemies":"2 Fungi Beasts","floor":14.0,"turns":3.0},{"damage":39,"enemies":"Hexaghost","floor":16,"turns":9}],"seed_played":"8094516715891501028","potions_obtained":[{"floor":4.0,"key":"FearPotion"}],"is_trial":false,"path_per_floor":["M","?","?","M","T","E","M","R","T","E","R","$","?","M","R","B"],"character_chosen":"IRONCLAD","items_purchased":["Searing Blow","Armaments"],"campfire_rested":1,"item_purchase_floors":[12,12],"current_hp_per_floor":[80,80,60,63,63,14,20,59,73,52,52,52,52,53,53,14],"gold":17,"neow_bonus":"THREE_CARDS","is_prod":false,"is_daily":false,"chose_seed":false,"campfire_upgraded":2,"win_rate":0,"timestamp":1556963946,"path_taken":["M","?","?","M","?","E","?","R","T","E","R","?","?","M","R","BOSS"],"build_version":"2019-01-23","purchased_purges":1,"victory":false,"max_hp_per_floor":[80,80,80,80,80,80,80,80,94,94,94,94,94,94,94,94],"card_choices":[{"not_picked":["Body Slam","Warcry"],"picked":"Twin Strike","floor":0.0},{"not_picked":["Pommel Strike","Reckless Charge","Havoc"],"picked":"SKIP","floor":1.0},{"not_picked":["Evolve","Thunderclap","Hemokinesis"],"picked":"SKIP","floor":4.0},{"not_picked":["Heavy Blade","Havoc"],"picked":"Whirlwind","floor":6.0},{"not_picked":["Rage","Disarm","Pommel Strike"],"picked":"SKIP","floor":7.0},{"not_picked":["Rage","Pommel Strike"],"picked":"Shrug It Off","floor":8.0},{"not_picked":["Seeing Red","Barricade"],"picked":"Clothesline","floor":10.0},{"not_picked":["Havoc","Uppercut","Seeing Red"],"picked":"SKIP","floor":14.0},{"not_picked":["Havoc","Uppercut","Seeing Red"],"picked":"SKIP","floor":14.0}],"player_experience":1060386,"relics_obtained":[{"floor":5.0,"key":"Dream Catcher"},{"floor":6.0,"key":"Regal Pillow"},{"floor":9.0,"key":"Mango"},{"floor":10.0,"key":"Magic Flower"}],"event_choices":[{"cards_removed":["Strike_R"],"damage_healed":0.0,"max_hp_gain":0.0,"max_hp_loss":0.0,"gold_gain":0.0,"event_name":"The Cleric","player_choice":"Card Removal","floor":2.0,"gold_loss":50.0,"damage_taken":0.0},{"damage_healed":0.0,"max_hp_gain":0.0,"max_hp_loss":0.0,"gold_gain":0.0,"event_name":"Golden Idol","player_choice":"Take Damage","floor":3.0,"gold_loss":0.0,"damage_taken":20.0,"relics_obtained":["Golden Idol"]},{"damage_healed":0.0,"max_hp_gain":0.0,"max_hp_loss":0.0,"gold_gain":0.0,"event_name":"Match and Keep!","player_choice":"1 cards matched","floor":13.0,"gold_loss":0.0,"damage_taken":0.0,"cards_obtained":["Impervious"]}],"is_beta":false,"boss_relics":[],"items_purged_floors":[12],"is_endless":false,"potions_floor_spawned":[4],"killed_by":"Hexaghost","ascension_level":0}