{"gold_per_floor":[109,120,136,34,34,65,101,136,187,187,213,234,270,290,290,410,410,425,438,452,11,31,70,88,132,155,199,199,215,215,215,215,341,341,357,381,397,470,470,511,523,575,587,634,662,689,701,713,725,737],"floor_reached":50,"playtime":2844,"items_purged":[],"score":745,"play_id":"69aae92d-f4f6-443b-9b1e-5c1f90cf1a3e","local_time":"20190912032527","daily_mods":["Chimera","ControlledChaos","Binary"],"is_ascension_mode":true,"campfire_choices":[{"data":"Well Laid Plans","floor":10.0,"key":"SMITH"},{"data":"A Thousand Cuts","floor":15.0,"key":"SMITH"},{"data":"Blade Dance","floor":28.0,"key":"SMITH"},{"data":"Setup","floor":32.0,"key":"SMITH"},{"floor":41.0,"key":"REST"},{"floor":49.0,"key":"RECALL"}],"neow_cost":"","seed_source_timestamp":0,"circlet_count":0,"master_deck":["Bash","Survivor","Zap","Strike_G","Strike_B","Defend_R","Defend_G","Defend_B","Acrobatics","Footwork","Flying Knee","Leg Sweep","Well Laid Plans+1","Dagger Spray","Crippling Poison","Setup+1","A Thousand Cuts+1","Blade Dance+1","Leg Sweep","Footwork","Calculated Gamble+1","Deadly Poison","Blur","Crippling Poison","Glass Knife","Infinite Blades","Backflip","Backstab+1","Blade Dance+1","Distraction+1","Discovery"],"special_seed":0,"relics":["Ring of the Snake","Frozen Eye","Golden Idol","Mercury Hourglass","Odd Mushroom","Pen Nib","Ancient Tea Set","Anchor","Mango","Philosopher\u0027s Stone","Snake Skull","Mummified Hand","Blood Vial","Omamori","Boot","Potion Belt","Cursed Key","Bottled Tornado","MawBank","Torii","Molten Egg 2"],"potions_floor_usage":[50,50,50],"damage_taken":[{"damage":0.0,"enemies":"Cultist","floor":1.0,"turns":2.0},{"damage":0.0,"enemies":"Jaw Worm","floor":2.0,"turns":3.0},{"damage":12.0,"enemies":"2 Louse","floor":3.0,"turns":4.0},{"damage":1.0,"enemies":"Lagavulin","floor":6.0,"turns":9.0},{"damage":5.0,"enemies":"The Mushroom Lair","floor":7.0,"turns":4.0},{"damage":6.0,"enemies":"3 Sentries","floor":8.0,"turns":5.0},{"damage":0.0,"enemies":"2 Fungi Beasts","floor":12.0,"turns":2.0},{"damage":20.0,"enemies":"Gremlin Nob","floor":13.0,"turns":5.0},{"damage":0.0,"enemies":"Large Slime","floor":14.0,"turns":4.0},{"damage":16.0,"enemies":"The Guardian","floor":16.0,"turns":8.0},{"damage":2.0,"enemies":"2 Thieves","floor":18.0,"turns":3.0},{"damage":21.0,"enemies":"Spheric Guardian","floor":19.0,"turns":4.0},{"damage":0.0,"enemies":"Snecko","floor":20.0,"turns":5.0},{"damage":0.0,"enemies":"Cultist and Chosen","floor":22.0,"turns":4.0},{"damage":0.0,"enemies":"Gremlin Leader","floor":23.0,"turns":6.0},{"damage":11.0,"enemies":"Snake Plant","floor":24.0,"turns":4.0},{"damage":15.0,"enemies":"Slavers","floor":25.0,"turns":3.0},{"damage":6.0,"enemies":"Gremlin Leader","floor":27.0,"turns":5.0},{"damage":3.0,"enemies":"3 Cultists","floor":29.0,"turns":5.0},{"damage":19.0,"enemies":"Automaton","floor":33.0,"turns":10.0},{"damage":0.0,"enemies":"Orb Walker","floor":35.0,"turns":3.0},{"damage":3.0,"enemies":"3 Darklings","floor":36.0,"turns":3.0},{"damage":33.0,"enemies":"Maw","floor":37.0,"turns":7.0},{"damage":45.0,"enemies":"Nemesis","floor":40.0,"turns":6.0},{"damage":21.0,"enemies":"Reptomancer","floor":42.0,"turns":6.0},{"damage":0.0,"enemies":"Nemesis","floor":44.0,"turns":5.0},{"damage":12.0,"enemies":"Jaw Worm Horde","floor":45.0,"turns":3.0},{"damage":0.0,"enemies":"4 Shapes","floor":46.0,"turns":3.0},{"damage":54,"enemies":"Time Eater","floor":50,"turns":8}],"seed_played":"-5391954288452092190","potions_obtained":[{"floor":2.0,"key":"FearPotion"},{"floor":6.0,"key":"EssenceOfSteel"},{"floor":7.0,"key":"Energy Potion"},{"floor":18.0,"key":"Fire Potion"},{"floor":29.0,"key":"EssenceOfSteel"},{"floor":33.0,"key":"Regen Potion"},{"floor":37.0,"key":"Strength Potion"},{"floor":44.0,"key":"Regen Potion"},{"floor":45.0,"key":"AttackPotion"},{"floor":46.0,"key":"Fruit Juice"}],"is_trial":true,"path_per_floor":["M","M","M","$","?","E","?","E","T","R","T","M","E","M","R","B",null,"M","M","M","$","M","E","M","E","T","E","R","M","?","?","R","B",null,"M","M","M","T","?","E","R","E","T","E","M","M","?","?","R","B"],"character_chosen":"THE_SILENT","items_purchased":["Leg Sweep","Well Laid Plans","Snake Skull","Mummified Hand","Footwork"],"campfire_rested":1,"item_purchase_floors":[4,4,21,21,21],"current_hp_per_floor":[70,70,58,58,58,57,52,46,46,46,46,46,40,40,40,24,84,82,61,61,61,61,61,52,39,39,35,35,34,34,34,34,17,84,84,81,50,50,50,22,47,28,28,30,20,27,27,27,27,0],"gold":737,"neow_bonus":"","is_prod":false,"is_daily":false,"chose_seed":false,"campfire_upgraded":4,"win_rate":0,"timestamp":1568283927,"path_taken":["M","M","M","$","?","E","?","E","T","R","?","M","E","M","R","BOSS","M","M","M","$","M","E","M","E","T","E","R","M","?","?","R","BOSS","M","?","?","?","?","E","R","E","T","E","M","M","?","?","R","BOSS"],"build_version":"2019-07-17","purchased_purges":0,"victory":false,"max_hp_per_floor":[70,70,70,70,70,70,70,70,70,70,70,70,84,84,84,84,84,84,84,84,84,84,84,84,84,84,84,84,84,84,84,84,84,84,84,84,84,84,84,84,84,84,84,84,84,89,89,89,89,89],"card_choices":[{"not_picked":["Dodge and Roll"],"picked":"Acrobatics","floor":1.0},{"not_picked":["Flechettes"],"picked":"Footwork","floor":2.0},{"not_picked":["Dash"],"picked":"Flying Knee","floor":3.0},{"not_picked":["Glass Knife"],"picked":"Dagger Spray","floor":6.0},{"not_picked":["Slice"],"picked":"Crippling Poison","floor":8.0},{"not_picked":["Deflect"],"picked":"Setup","floor":12.0},{"not_picked":["Prepared"],"picked":"A Thousand Cuts","floor":13.0},{"not_picked":["Poisoned Stab","Deflect"],"picked":"SKIP","floor":14.0},{"not_picked":["Bane+1"],"picked":"Blade Dance","floor":18.0},{"not_picked":["Concentrate+1","Bane"],"picked":"SKIP","floor":19.0},{"not_picked":["Skewer"],"picked":"Leg Sweep","floor":20.0},{"not_picked":["Poisoned Stab"],"picked":"Calculated Gamble+1","floor":22.0},{"not_picked":["Doppelganger","Dagger Spray"],"picked":"SKIP","floor":23.0},{"not_picked":["Outmaneuver"],"picked":"Deadly Poison","floor":24.0},{"not_picked":["Acrobatics+1","Dagger Spray"],"picked":"SKIP","floor":25.0},{"not_picked":["Deflect+1"],"picked":"Blur","floor":27.0},{"not_picked":["Terror"],"picked":"Crippling Poison","floor":29.0},{"not_picked":["Grand Finale"],"picked":"Glass Knife","floor":33.0},{"not_picked":["Dagger Throw"],"picked":"Infinite Blades","floor":35.0},{"not_picked":["All Out Attack"],"picked":"Backflip","floor":36.0},{"not_picked":["Masterful Stab","Blur"],"picked":"SKIP","floor":37.0},{"not_picked":["Sucker Punch+1"],"picked":"Backstab+1","floor":40.0},{"not_picked":["Dagger Spray+1"],"picked":"Blade Dance+1","floor":42.0},{"not_picked":["Crippling Poison","Prepared"],"picked":"SKIP","floor":44.0},{"not_picked":["Heel Hook+1"],"picked":"Distraction+1","floor":45.0},{"not_picked":["Glass Knife+1","Prepared"],"picked":"SKIP","floor":46.0},{"not_picked":["Sadistic Nature"],"picked":"Discovery","floor":47.0}],"player_experience":1116983,"relics_obtained":[{"floor":6.0,"key":"Mercury Hourglass"},{"floor":7.0,"key":"Odd Mushroom"},{"floor":8.0,"key":"Pen Nib"},{"floor":9.0,"key":"Ancient Tea Set"},{"floor":11.0,"key":"Anchor"},{"floor":13.0,"key":"Mango"},{"floor":23.0,"key":"Blood Vial"},{"floor":25.0,"key":"Omamori"},{"floor":26.0,"key":"Boot"},{"floor":27.0,"key":"Potion Belt"},{"floor":38.0,"key":"Bottled Tornado"},{"floor":40.0,"key":"MawBank"},{"floor":42.0,"key":"Torii"},{"floor":44.0,"key":"Molten Egg 2"}],"event_choices":[{"damage_healed":0.0,"max_hp_gain":0.0,"max_hp_loss":0.0,"gold_gain":0.0,"event_name":"Golden Idol","player_choice":"Take Wound","floor":5.0,"gold_loss":0.0,"damage_taken":0.0,"relics_obtained":["Golden Idol"],"cards_obtained":["Injury"]},{"damage_healed":0.0,"max_hp_gain":0.0,"max_hp_loss":0.0,"gold_gain":0.0,"event_name":"Mushrooms","player_choice":"Fought Mushrooms","floor":7.0,"gold_loss":0.0,"damage_taken":0.0},{"cards_removed":["Strike_R"],"damage_healed":0.0,"max_hp_gain":0.0,"max_hp_loss":0.0,"gold_gain":0.0,"event_name":"Back to Basics","player_choice":"Elegance","floor":30.0,"gold_loss":0.0,"damage_taken":0.0},{"damage_healed":0.0,"max_hp_gain":0.0,"max_hp_loss":0.0,"gold_gain":0.0,"event_name":"The Woman in Blue","player_choice":"Bought 0 Potions","floor":31.0,"gold_loss":0.0,"damage_taken":0.0},{"damage_healed":0.0,"max_hp_gain":0.0,"max_hp_loss":0.0,"gold_gain":0.0,"event_name":"Tomb of Lord Red Mask","player_choice":"Ignored","floor":39.0,"gold_loss":0.0,"damage_taken":0.0},{"damage_healed":0.0,"max_hp_gain":0.0,"max_hp_loss":0.0,"gold_gain":0.0,"event_name":"SensoryStone","player_choice":"Memory 1","floor":47.0,"gold_loss":0.0,"damage_taken":0.0},{"cards_removed":["Injury"],"damage_healed":0.0,"max_hp_gain":0.0,"max_hp_loss":0.0,"gold_gain":0.0,"event_name":"Fountain of Cleansing","player_choice":"Removed Curses","floor":48.0,"gold_loss":0.0,"damage_taken":0.0}],"is_beta":false,"boss_relics":[{"not_picked":["Runic Dome","White Beast Statue"],"picked":"Philosopher\u0027s Stone"},{"not_picked":["Eternal Feather","Coffee Dripper"],"picked":"Cursed Key"}],"items_purged_floors":[],"is_endless":false,"potions_floor_spawned":[2,6,7,8,12,18,19,22,29,33,37,44,45,46],"killed_by":"Time Eater","ascension_level":1}