{"gold_per_floor":[109,109,120,120,131,163,163,163],"floor_reached":8,"playtime":408,"items_purged":[],"score":104,"play_id":"549b2a7c-c6d5-4d8a-97e3-ec64d0d7a15f","local_time":"20190908145530","is_ascension_mode":true,"campfire_choices":[{"floor":7,"key":"REST"}],"neow_cost":"NONE","seed_source_timestamp":1305624760950100,"circlet_count":0,"master_deck":["AscendersBane","Strike_R","Strike_R+1","Strike_R","Strike_R","Strike_R","Defend_R","Defend_R","Defend_R","Defend_R","Bash","Carnage","Headbutt+1","Bandage Up","Evolve","Panacea","Rampage"],"relics":["Burning Blood","qcfpunch:Duffel_Bag","qcfpunch:Not_Strongest_Fighting_Style_Guidebook"],"potions_floor_usage":[8],"damage_taken":[{"damage":3,"enemies":"Small Slimes","floor":1,"turns":3},{"damage":5,"enemies":"2 Louse","floor":3,"turns":2},{"damage":2,"enemies":"Jaw Worm","floor":5,"turns":3},{"damage":50,"enemies":"Lagavulin","floor":6,"turns":6},{"damage":34,"enemies":"3 Sentries","floor":8,"turns":7}],"seed_played":"2810448634971820038","potions_obtained":[{"floor":5,"key":"Ancient Potion"},{"floor":6,"key":"AttackPotion"}],"is_trial":false,"path_per_floor":["M","?","M","?","M","E","R","E"],"character_chosen":"IRONCLAD","items_purchased":[],"campfire_rested":1,"item_purchase_floors":[],"current_hp_per_floor":[71,48,49,44,48,8,30,0],"gold":163,"neow_bonus":"THREE_CARDS","is_prod":false,"is_daily":false,"chose_seed":false,"campfire_upgraded":0,"win_rate":0,"timestamp":1567979730,"path_taken":["M","?","M","?","M","E","R","E"],"build_version":"2019-07-17","purchased_purges":0,"victory":false,"max_hp_per_floor":[75,75,75,75,75,75,75,75],"card_choices":[{"not_picked":["Sever Soul","Havoc"],"picked":"Carnage","floor":0},{"not_picked":["Twin Strike","Heavy Blade"],"picked":"Headbutt","floor":1},{"not_picked":["Carnage","Havoc","Headbutt"],"picked":"SKIP","floor":3},{"not_picked":[],"picked":"Bandage Up","floor":5},{"not_picked":["Power Through","Clothesline"],"picked":"Evolve","floor":5},{"not_picked":[],"picked":"Panacea","floor":6},{"not_picked":["Shrug It Off","Armaments"],"picked":"Rampage","floor":6}],"player_experience":1385802,"relics_obtained":[{"floor":6,"key":"qcfpunch:Not_Strongest_Fighting_Style_Guidebook"}],"event_choices":[{"damage_healed":0,"gold_gain":0,"player_choice":"Entered Light","damage_taken":23,"max_hp_gain":0,"max_hp_loss":0,"event_name":"Shining Light","floor":2,"gold_loss":0,"cards_upgraded":["Strike_R","Headbutt"]},{"damage_healed":0,"gold_gain":0,"player_choice":"Success","damage_taken":5,"relics_obtained":["qcfpunch:Duffel_Bag"],"max_hp_gain":0,"max_hp_loss":0,"event_name":"Scrap Ooze","floor":4,"gold_loss":0}],"is_beta":false,"boss_relics":[],"items_purged_floors":[],"is_endless":false,"potions_floor_spawned":[5,6],"killed_by":"3 Sentries","ascension_level":17}