{"gold_per_floor":[215,235,77,97,116,116,131,131,181,181,10,21,21,21,21,99,99,70,90,90,90,90,90,90,90,117,132,132,150,167,167,167,167],"floor_reached":33,"playtime":1063,"items_purged":["Strike_R"],"score":474,"play_id":"62a60ca4-0131-4bf6-828e-728c5827764e","local_time":"20190916023018","is_ascension_mode":true,"campfire_choices":[{"data":"Flame Barrier","floor":6.0,"key":"SMITH"},{"data":"Berserk","floor":8.0,"key":"SMITH"},{"data":"Inflame","floor":15.0,"key":"SMITH"},{"data":"Rampage","floor":23.0,"key":"SMITH"},{"data":"True Grit","floor":25.0,"key":"SMITH"},{"floor":28.0,"key":"REST"},{"floor":32,"key":"REST"}],"neow_cost":"NONE","seed_source_timestamp":428092681712691,"circlet_count":0,"master_deck":["AscendersBane","Bash","True Grit","Flame Barrier+1","Inflame+1","Sword Boomerang","Berserk+1","Regret","Immolate","Battle Trance","True Grit","Exhume","Havoc","True Grit+1","Rampage+1","Uppercut","Second Wind","Shrug It Off","Inflame","Shrug It Off","Feel No Pain"],"special_seed":0,"relics":["Burning Blood","Regal Pillow","Darkstone Periapt","Orichalcum","Art of War","Pandora\u0027s Box","Bag of Marbles"],"potions_floor_usage":[],"damage_taken":[{"damage":5.0,"enemies":"2 Louse","floor":1.0,"turns":4.0},{"damage":6.0,"enemies":"Cultist","floor":2.0,"turns":3.0},{"damage":3.0,"enemies":"Small Slimes","floor":4.0,"turns":4.0},{"damage":4.0,"enemies":"Blue Slaver","floor":5.0,"turns":6.0},{"damage":6.0,"enemies":"Looter","floor":7.0,"turns":4.0},{"damage":22.0,"enemies":"Exordium Thugs","floor":12.0,"turns":6.0},{"damage":43.0,"enemies":"Slime Boss","floor":16.0,"turns":11.0},{"damage":22.0,"enemies":"2 Thieves","floor":18.0,"turns":4.0},{"damage":14.0,"enemies":"Chosen","floor":19.0,"turns":4.0},{"damage":25.0,"enemies":"Sentry and Sphere","floor":27.0,"turns":5.0},{"damage":27,"enemies":"3 Cultists","floor":29,"turns":5},{"damage":25,"enemies":"Snake Plant","floor":30,"turns":5},{"damage":55,"enemies":"Champ","floor":33,"turns":13}],"seed_played":"6316473743798867802","potions_obtained":[{"floor":1.0,"key":"BloodPotion"},{"floor":2.0,"key":"SpeedPotion"},{"floor":12.0,"key":"Dexterity Potion"},{"floor":19.0,"key":"Fire Potion"}],"is_trial":false,"path_per_floor":["M","M","$","M","M","R","M","R","T","?","$","M","$","?","R","B",null,"M","M","?","?","$","R","$","R","T","M","R","M","M","?","R","B"],"character_chosen":"IRONCLAD","items_purchased":["Inflame","Orichalcum"],"campfire_rested":2,"item_purchase_floors":[3,11],"current_hp_per_floor":[69,69,69,72,74,74,74,74,74,74,74,58,58,64,64,27,68,52,44,44,36,36,36,36,36,36,17,56,35,16,16,55,0],"gold":167,"neow_bonus":"HUNDRED_GOLD","is_prod":false,"is_daily":false,"chose_seed":false,"campfire_upgraded":5,"win_rate":0,"timestamp":1568626218,"path_taken":["M","M","$","M","M","R","M","R","T","?","$","M","?","?","R","BOSS","M","M","?","?","$","R","$","R","T","M","R","M","?","?","R","BOSS"],"build_version":"2019-07-17","purchased_purges":1,"victory":false,"max_hp_per_floor":[75,75,75,75,75,75,75,75,75,75,75,75,75,81,81,81,81,81,81,81,81,81,81,81,81,81,81,81,81,81,81,81,81],"card_choices":[{"not_picked":["Feel No Pain","Armaments"],"picked":"True Grit","floor":1.0},{"not_picked":["Burning Pact","Pummel"],"picked":"Flame Barrier","floor":2.0},{"not_picked":["Warcry","Sever Soul","Havoc"],"picked":"SKIP","floor":4.0},{"not_picked":["Flex","Headbutt"],"picked":"Sword Boomerang","floor":5.0},{"not_picked":["Body Slam","Twin Strike"],"picked":"Berserk","floor":7.0},{"not_picked":["Wild Strike","Intimidate","Iron Wave"],"picked":"SKIP","floor":12.0},{"not_picked":["Berserk","Barricade"],"picked":"Immolate","floor":16.0},{"not_picked":["Heavy Blade","Flex","Burning Pact"],"picked":"SKIP","floor":18.0},{"not_picked":["Twin Strike","Body Slam"],"picked":"Shrug It Off","floor":19.0},{"not_picked":["Clash","Dual Wield"],"picked":"Inflame","floor":27.0},{"not_picked":["Anger","Dual Wield+1"],"picked":"Shrug It Off","floor":29},{"not_picked":["Cleave","Flex"],"picked":"Feel No Pain","floor":30}],"player_experience":1153894,"relics_obtained":[{"floor":9.0,"key":"Regal Pillow"},{"floor":26.0,"key":"Bag of Marbles"}],"event_choices":[{"damage_healed":0.0,"max_hp_gain":0.0,"max_hp_loss":0.0,"gold_gain":0.0,"event_name":"WeMeetAgain","player_choice":"Gave Potion","floor":10.0,"gold_loss":0.0,"damage_taken":0.0,"relics_obtained":["Darkstone Periapt"]},{"damage_healed":0.0,"max_hp_gain":0.0,"max_hp_loss":0.0,"gold_gain":0.0,"event_name":"Big Fish","player_choice":"Box","floor":14.0,"gold_loss":0.0,"damage_taken":0.0,"relics_obtained":["Art of War"],"cards_obtained":["Regret"]},{"damage_healed":0.0,"max_hp_gain":0.0,"max_hp_loss":0.0,"gold_gain":0.0,"event_name":"Ghosts","player_choice":"Ignored","floor":20.0,"gold_loss":0.0,"damage_taken":0.0},{"damage_healed":0.0,"max_hp_gain":0.0,"max_hp_loss":0.0,"gold_gain":0.0,"event_name":"Knowing Skull","player_choice":"","floor":21.0,"potions_obtained":[],"gold_loss":0.0,"damage_taken":8.0,"cards_obtained":[]},{"damage_healed":0,"gold_gain":0,"player_choice":"Ignored","damage_taken":0,"max_hp_gain":0,"max_hp_loss":0,"event_name":"Vampires","floor":31,"gold_loss":0}],"is_beta":false,"boss_relics":[{"not_picked":["White Beast Statue","Black Star"],"picked":"Pandora\u0027s Box"}],"items_purged_floors":[3],"is_endless":false,"potions_floor_spawned":[1,2,12,19],"killed_by":"Champ","ascension_level":20}