{"gold_per_floor":[116,291,291,102,102,137,162,197,220,253,253,279,314,329,329,425,425,439,450,257,257,257,283,318,112,142,170,208,220,249,293,305,416,428,456,150,165,0,0,27,57,57,57,85,111,59,71,99,99,99,99,99,32,60,60],"floor_reached":56,"playtime":2468,"items_purged":[],"score":2078,"play_id":"3e39642b-2c9b-4545-ba9c-e54105ff7761","local_time":"20190910002909","daily_mods":["Insanity","Flight","Binary"],"is_ascension_mode":true,"campfire_choices":[{"data":"Mind Blast","floor":11,"key":"SMITH"},{"data":"Corruption","floor":15,"key":"SMITH"},{"floor":32,"key":"RECALL"},{"data":"Shockwave","floor":49,"key":"SMITH"},{"data":"Brutality","floor":52,"key":"SMITH"}],"neow_cost":"","seed_source_timestamp":0,"circlet_count":0,"master_deck":["Iron Wave+1","Carnage","Perfected Strike","Cleave","Hemokinesis","Carnage","Warcry","Twin Strike","True Grit","Wild Strike","Corruption+1","Perfected Strike","Iron Wave","Headbutt+1","Feel No Pain","Pommel Strike+1","Shrug It Off","True Grit","Iron Wave","Wild Strike","Warcry","Evolve","Power Through","Warcry+1","Clothesline","Pummel","Pommel Strike","True Grit","Shrug It Off","Clothesline","Body Slam","Iron Wave","Headbutt","Burning Pact","Second Wind","Shrug It Off","Shrug It Off","Flex","Cleave","Sword Boomerang","Cleave","Iron Wave","Combust","Dual Wield","Battle Trance","Armaments","Perfected Strike","Flex","Heavy Blade","Anger","Clothesline","Doubt","Mind Blast+1","Corruption+1","Entrench","Corruption","Body Slam","Dropkick","Rupture","Clothesline","Impervious","Brutality+1","Havoc+1","Feel No Pain","Magnetism","Shockwave+1","Flex+1","Thunderclap","True Grit","Power Through","Uppercut+1","Regret","Shame","Doubt","Shockwave+1","Whirlwind+1","Panacea+1","Feel No Pain","Corruption+1","Demon Form+1","Shrug It Off+1","Metallicize+1","Double Tap+1","Barricade+1"],"relics":["Burning Blood","Centennial Puzzle","Meat on the Bone","Strawberry","Bronze Scales","Matryoshka","Gremlin Horn","Potion Belt","Snecko Eye","Enchiridion","Letter Opener","Blood Vial","Medical Kit","Tiny Chest","Singing Bowl","MawBank","Self Forming Clay","Whetstone","Molten Egg 2","Calling Bell","Pen Nib","Shuriken","Incense Burner","Toxic Egg 2","Red Mask","Darkstone Periapt","Vajra","Frozen Egg 2","Mummified Hand","Orichalcum","Red Skull","Pocketwatch"],"potions_floor_usage":[55,55,55,55,55,55,55,55,55],"damage_taken":[{"damage":0,"enemies":"Small Slimes","floor":1,"turns":2},{"damage":12,"enemies":"Lagavulin","floor":6,"turns":5},{"damage":0,"enemies":"Gremlin Nob","floor":7,"turns":3},{"damage":14,"enemies":"Lagavulin","floor":8,"turns":4},{"damage":1,"enemies":"3 Sentries","floor":10,"turns":3},{"damage":0,"enemies":"Lagavulin","floor":12,"turns":2},{"damage":4,"enemies":"3 Sentries","floor":13,"turns":3},{"damage":0,"enemies":"Jaw Worm","floor":14,"turns":1},{"damage":13,"enemies":"Hexaghost","floor":16,"turns":8},{"damage":0,"enemies":"2 Thieves","floor":18,"turns":1},{"damage":0,"enemies":"3 Byrds","floor":19,"turns":2},{"damage":18,"enemies":"Gremlin Leader","floor":23,"turns":3},{"damage":0,"enemies":"Slavers","floor":24,"turns":2},{"damage":0,"enemies":"Book of Stabbing","floor":27,"turns":4},{"damage":2,"enemies":"Slavers","floor":28,"turns":2},{"damage":16,"enemies":"Centurion and Healer","floor":30,"turns":3},{"damage":11,"enemies":"Book of Stabbing","floor":31,"turns":3},{"damage":56,"enemies":"Collector","floor":33,"turns":8},{"damage":4,"enemies":"3 Shapes","floor":35,"turns":5},{"damage":2,"enemies":"3 Darklings","floor":37,"turns":3},{"damage":20,"enemies":"Giant Head","floor":40,"turns":6},{"damage":0,"enemies":"Nemesis","floor":41,"turns":3},{"damage":0,"enemies":"Giant Head","floor":44,"turns":5},{"damage":1,"enemies":"Reptomancer","floor":45,"turns":2},{"damage":3,"enemies":"4 Shapes","floor":47,"turns":3},{"damage":3,"enemies":"Giant Head","floor":48,"turns":6},{"damage":0,"enemies":"Donu and Deca","floor":50,"turns":5},{"damage":0,"enemies":"Shield and Spear","floor":54,"turns":3},{"damage":76,"enemies":"The Heart","floor":55,"turns":6}],"seed_played":"2621807699497660182","potions_obtained":[{"floor":1,"key":"Fire Potion"},{"floor":10,"key":"Dexterity Potion"},{"floor":12,"key":"EntropicBrew"},{"floor":13,"key":"Weak Potion"},{"floor":19,"key":"FearPotion"},{"floor":24,"key":"AttackPotion"}],"is_trial":true,"path_per_floor":["M","?","?","$","?","E","E","E","T","E","R","E","E","M","R","B",null,"M","M","$","?","?","E","E","$","T","E","E","T","M","E","R","B",null,"M","$","M","?","?","E","E","$","T","E","E","$","M","E","R","B",null,"R","$","E","B",null],"character_chosen":"IRONCLAD","items_purchased":["Mind Blast","Corruption","Entrench","Magnetism","Medical Kit","Toxic Egg 2","Shockwave+1","Shrug It Off+1","Double Tap+1"],"campfire_rested":0,"item_purchase_floors":[4,4,4,20,25,36,36,46,53],"current_hp_per_floor":[80,80,64,64,64,58,64,63,63,68,68,74,76,82,82,75,87,87,87,87,71,54,54,60,60,60,68,74,74,66,63,63,29,94,96,96,96,96,90,78,86,86,86,94,102,102,102,104,104,104,104,104,104,104,46],"gold":60,"neow_bonus":"","is_prod":false,"is_daily":false,"chose_seed":false,"campfire_upgraded":4,"win_rate":0,"timestamp":1568100549,"path_taken":["M","?","?","$","?","E","E","E","T","E","R","E","E","M","R","BOSS","M","M","?","?","?","E","E","$","T","E","E","?","?","E","R","BOSS","M","$","M","?","?","E","E","$","T","E","E","?","?","E","R","BOSS","R","$","E","BOSS"],"build_version":"2019-07-17","purchased_purges":0,"victory":true,"max_hp_per_floor":[80,80,80,80,80,80,80,87,87,87,87,87,87,87,87,87,87,87,87,87,87,92,92,92,92,92,92,92,92,92,92,92,94,94,96,96,96,96,100,100,100,100,100,100,102,102,102,104,104,104,104,104,104,104,104],"card_choices":[{"not_picked":["Rampage"],"picked":"Clothesline","floor":1},{"not_picked":["Warcry"],"picked":"Corruption","floor":6},{"not_picked":["Thunderclap"],"picked":"Body Slam","floor":7},{"not_picked":["Body Slam"],"picked":"Dropkick","floor":8},{"not_picked":["Hemokinesis","Reckless Charge"],"picked":"SKIP","floor":10},{"not_picked":["Hemokinesis","Reckless Charge"],"picked":"SKIP","floor":10},{"not_picked":["Sword Boomerang"],"picked":"Rupture","floor":12},{"not_picked":["Sword Boomerang"],"picked":"Clothesline","floor":13},{"not_picked":["Anger"],"picked":"Impervious","floor":14},{"not_picked":["Limit Break"],"picked":"Brutality","floor":16},{"not_picked":["Rage"],"picked":"Havoc+1","floor":18},{"not_picked":["Searing Blow+1"],"picked":"Feel No Pain","floor":19},{"not_picked":["Iron Wave"],"picked":"Shockwave","floor":23},{"not_picked":["Anger"],"picked":"Flex+1","floor":24},{"not_picked":["Heavy Blade"],"picked":"Thunderclap","floor":27},{"not_picked":["Havoc"],"picked":"True Grit","floor":28},{"not_picked":["Anger"],"picked":"Power Through","floor":30},{"not_picked":["Reaper"],"picked":"Uppercut","floor":31},{"not_picked":["Immolate+1","Feed+1"],"picked":"Singing Bowl","floor":33},{"not_picked":["Warcry+1","Armaments"],"picked":"Singing Bowl","floor":35},{"not_picked":["Pommel Strike+1"],"picked":"Whirlwind+1","floor":37},{"not_picked":["Good Instincts+1","Sadistic Nature"],"picked":"Singing Bowl","floor":39},{"not_picked":["Impatience+1"],"picked":"Panacea+1","floor":39},{"not_picked":["HandOfGreed+1","PanicButton+1"],"picked":"Singing Bowl","floor":39},{"not_picked":["Impervious+1"],"picked":"Feel No Pain","floor":40},{"not_picked":["Thunderclap+1"],"picked":"Corruption+1","floor":41},{"not_picked":["Combust+1"],"picked":"Demon Form+1","floor":44},{"not_picked":["Clothesline+1","Shrug It Off+1"],"picked":"Singing Bowl","floor":45},{"not_picked":["Entrench+1"],"picked":"Metallicize+1","floor":47},{"not_picked":["Cleave+1","Blood for Blood+1"],"picked":"Singing Bowl","floor":48},{"not_picked":["Heavy Blade+1"],"picked":"Barricade+1","floor":54}],"player_experience":1093814,"relics_obtained":[{"floor":6,"key":"Centennial Puzzle"},{"floor":7,"key":"Meat on the Bone"},{"floor":8,"key":"Strawberry"},{"floor":9,"key":"Bronze Scales"},{"floor":10,"key":"Matryoshka"},{"floor":12,"key":"Gremlin Horn"},{"floor":13,"key":"Potion Belt"},{"floor":21,"key":"Enchiridion"},{"floor":23,"key":"Letter Opener"},{"floor":24,"key":"Blood Vial"},{"floor":26,"key":"Tiny Chest"},{"floor":26,"key":"Singing Bowl"},{"floor":27,"key":"MawBank"},{"floor":28,"key":"Self Forming Clay"},{"floor":29,"key":"Whetstone"},{"floor":31,"key":"Molten Egg 2"},{"floor":34,"key":"Pen Nib"},{"floor":34,"key":"Shuriken"},{"floor":34,"key":"Incense Burner"},{"floor":40,"key":"Darkstone Periapt"},{"floor":41,"key":"Vajra"},{"floor":43,"key":"Frozen Egg 2"},{"floor":44,"key":"Mummified Hand"},{"floor":45,"key":"Orichalcum"},{"floor":48,"key":"Red Skull"},{"floor":54,"key":"Pocketwatch"}],"event_choices":[{"damage_healed":0,"gold_gain":175,"player_choice":"AGREE","damage_taken":0,"max_hp_gain":0,"max_hp_loss":0,"event_name":"Liars Game","floor":2,"gold_loss":0,"cards_obtained":["Doubt"]},{"damage_healed":0,"gold_gain":0,"player_choice":"Entered Light","damage_taken":16,"max_hp_gain":0,"max_hp_loss":0,"event_name":"Shining Light","floor":3,"gold_loss":0,"cards_upgraded":["Iron Wave","Warcry"]},{"damage_healed":0,"gold_gain":0,"player_choice":"Upgraded","damage_taken":0,"max_hp_gain":0,"max_hp_loss":0,"event_name":"Upgrade Shrine","floor":5,"gold_loss":0,"cards_upgraded":["Corruption"]},{"damage_healed":0,"gold_gain":0,"player_choice":"Obtained Book","damage_taken":16,"max_hp_gain":0,"max_hp_loss":0,"event_name":"Cursed Tome","floor":21,"gold_loss":0},{"damage_healed":0,"gold_gain":0,"player_choice":"Shed Blood","damage_taken":22,"max_hp_gain":5,"max_hp_loss":0,"event_name":"Forgotten Altar","floor":22,"gold_loss":0},{"damage_healed":0,"gold_gain":0,"player_choice":"Paid","damage_taken":0,"relics_obtained":["Red Mask"],"max_hp_gain":0,"max_hp_loss":0,"event_name":"Tomb of Lord Red Mask","floor":38,"gold_loss":165},{"damage_healed":0,"gold_gain":0,"player_choice":"Memory 3","damage_taken":10,"max_hp_gain":0,"max_hp_loss":0,"event_name":"SensoryStone","floor":39,"gold_loss":0}],"is_beta":false,"boss_relics":[{"not_picked":["Fusion Hammer","Sozu"],"picked":"Snecko Eye"},{"not_picked":["Lizard Tail","Runic Pyramid"],"picked":"Calling Bell"}],"items_purged_floors":[],"is_endless":false,"potions_floor_spawned":[1,10,12,13,19,24,27,31,35,44,47,54],"ascension_level":1}