{"gold_per_floor":[113,133,83,98,98,127,127,156,156,156,172,172,192,210,210,210],"floor_reached":16,"playtime":887,"items_purged":[],"score":140,"play_id":"f373ca8f-bc6e-433b-bc5c-fde031684682","local_time":"20190204164828","is_ascension_mode":true,"campfire_choices":[{"data":"Bash","floor":7.0,"key":"SMITH"},{"data":"Twin Strike","floor":10.0,"key":"SMITH"},{"floor":12.0,"key":"REST"},{"data":"Shockwave","floor":15.0,"key":"SMITH"}],"neow_cost":"NONE","seed_source_timestamp":1087988781609008,"circlet_count":0,"master_deck":["Strike_R","Strike_R","Strike_R","Strike_R","Defend_R","Defend_R","Defend_R","Defend_R","Bash+1","Ghostly Armor","Pummel","Twin Strike+1","Thunderclap","Shrug It Off","Shrug It Off","Shockwave+1","Headbutt"],"special_seed":0,"relics":["Burning Blood","Gremlin Horn","Blue Candle","Pantograph"],"potions_floor_usage":[16],"damage_taken":[{"damage":2.0,"enemies":"Jaw Worm","floor":1.0,"turns":3.0},{"damage":0.0,"enemies":"Cultist","floor":2.0,"turns":3.0},{"damage":0.0,"enemies":"Small Slimes","floor":4.0,"turns":3.0},{"damage":40.0,"enemies":"3 Sentries","floor":6.0,"turns":11.0},{"damage":38.0,"enemies":"Gremlin Nob","floor":8.0,"turns":5.0},{"damage":11.0,"enemies":"Blue Slaver","floor":11.0,"turns":3.0},{"damage":10.0,"enemies":"3 Louse","floor":13.0,"turns":2.0},{"damage":18.0,"enemies":"Exordium Thugs","floor":14.0,"turns":5.0},{"damage":60,"enemies":"Hexaghost","floor":16,"turns":14}],"seed_played":"-3681626756090552312","potions_obtained":[{"floor":1.0,"key":"Poison Potion"},{"floor":14.0,"key":"SpeedPotion"}],"is_trial":false,"path_per_floor":["M","M","?","M","?","E","R","E","T","R","M","R","M","M","R","B"],"character_chosen":"IRONCLAD","items_purchased":[],"campfire_rested":1,"item_purchase_floors":[],"current_hp_per_floor":[88,88,88,88,88,54,54,22,22,22,17,43,39,27,27,0],"gold":210,"neow_bonus":"TEN_PERCENT_HP_BONUS","is_prod":false,"is_daily":false,"chose_seed":false,"campfire_upgraded":3,"win_rate":0,"timestamp":1549327708,"path_taken":["M","M","?","M","?","E","R","E","T","R","M","R","M","M","R","BOSS"],"build_version":"2019-01-23","purchased_purges":0,"victory":false,"max_hp_per_floor":[88,88,88,88,88,88,88,88,88,88,88,88,88,88,88,88],"card_choices":[{"not_picked":["Clash","Sword Boomerang"],"picked":"Ghostly Armor","floor":1.0},{"not_picked":["Headbutt","Clothesline"],"picked":"Pummel","floor":2.0},{"not_picked":["Wild Strike","Rupture"],"picked":"Twin Strike","floor":4.0},{"not_picked":["Reckless Charge","Cleave"],"picked":"Thunderclap","floor":6.0},{"not_picked":["Flex","Heavy Blade"],"picked":"Shrug It Off","floor":8.0},{"not_picked":["Offering","Cleave"],"picked":"Shrug It Off","floor":11.0},{"not_picked":["Pummel","Fire Breathing"],"picked":"Shockwave","floor":13.0},{"not_picked":["Heavy Blade","Body Slam"],"picked":"Headbutt","floor":14.0}],"player_experience":918739,"relics_obtained":[{"floor":6.0,"key":"Gremlin Horn"},{"floor":8.0,"key":"Blue Candle"},{"floor":9.0,"key":"Pantograph"}],"event_choices":[{"cards_removed":["Strike_R"],"damage_healed":0.0,"max_hp_gain":0.0,"max_hp_loss":0.0,"gold_gain":0.0,"event_name":"The Cleric","player_choice":"Card Removal","floor":3.0,"gold_loss":50.0,"damage_taken":0.0},{"damage_healed":0.0,"max_hp_gain":0.0,"max_hp_loss":0.0,"gold_gain":0.0,"event_name":"Liars Game","player_choice":"Ignored","floor":5.0,"gold_loss":0.0,"damage_taken":0.0}],"is_beta":false,"boss_relics":[],"items_purged_floors":[],"is_endless":false,"potions_floor_spawned":[1,14],"killed_by":"Hexaghost","ascension_level":5}