{"gold_per_floor":[110,124,136,136,311,311,323,357,380,256,256,295,316,9,9,132,132,152,152,152,173,173,173,212,212,212,292,113,113,66,66,66,187,187,202,202,220,172,191,191,211,570,642,354,354,369,389,389,389,389],"floor_reached":51,"playtime":1920,"items_purged":["Strike_R","Strike_R","Strike_R"],"score":746,"play_id":"da27f055-e959-45ce-ac18-e758a3ecea96","local_time":"20190407001659","is_ascension_mode":false,"campfire_choices":[{"data":"Body Slam","floor":6,"key":"SMITH"},{"data":"Flame Barrier","floor":15,"key":"SMITH"},{"data":"Berserk","floor":23,"key":"SMITH"},{"data":"True Grit","floor":25,"key":"SMITH"},{"data":"Barricade","floor":32,"key":"SMITH"},{"data":"True Grit","floor":40,"key":"SMITH"},{"floor":45,"key":"DIG"},{"floor":49,"key":"DIG"}],"neow_cost":"NONE","seed_source_timestamp":160392988916879,"circlet_count":0,"master_deck":["Strike_R","Defend_R","Defend_R","Defend_R","Defend_R","Bash+1","Flame Barrier+1","Body Slam+1","True Grit+1","Barricade+1","Shrug It Off","Shockwave","Berserk+1","Armaments+1","Metallicize","True Grit+1","Impervious","True Grit","Shrug It Off+1","Impervious","Dual Wield+1"],"relics":["Burning Blood","Omamori","Juzu Bracelet","Vajra","Golden Idol","Anchor","Art of War","Bronze Scales","Busted Crown","Pen Nib","Pantograph","Meat on the Bone","Shovel","Mark of Pain","Old Coin","Molten Egg 2","Incense Burner","Red Skull"],"potions_floor_usage":[8,33,42,50],"damage_taken":[{"damage":5,"enemies":"Small Slimes","floor":1,"turns":5},{"damage":0,"enemies":"2 Louse","floor":2,"turns":3},{"damage":0,"enemies":"Jaw Worm","floor":3,"turns":5},{"damage":2,"enemies":"Blue Slaver","floor":7,"turns":3},{"damage":23,"enemies":"Gremlin Nob","floor":8,"turns":4},{"damage":0,"enemies":"Lagavulin","floor":12,"turns":7},{"damage":3,"enemies":"Exordium Thugs","floor":13,"turns":5},{"damage":26,"enemies":"Slime Boss","floor":16,"turns":11},{"damage":1,"enemies":"Shell Parasite","floor":18,"turns":3},{"damage":31,"enemies":"Spheric Guardian","floor":21,"turns":6},{"damage":33,"enemies":"Gremlin Leader","floor":24,"turns":7},{"damage":9,"enemies":"Collector","floor":33,"turns":12},{"damage":0,"enemies":"3 Shapes","floor":35,"turns":6},{"damage":3,"enemies":"Orb Walker","floor":37,"turns":6},{"damage":45,"enemies":"Jaw Worm Horde","floor":39,"turns":8},{"damage":0,"enemies":"3 Darklings","floor":41,"turns":9},{"damage":48,"enemies":"2 Orb Walkers","floor":42,"turns":7},{"damage":0,"enemies":"Maw","floor":46,"turns":10},{"damage":0,"enemies":"Sphere and 2 Shapes","floor":47,"turns":5},{"damage":1,"enemies":"Donu and Deca","floor":50,"turns":10}],"seed_played":"9168027052849621089","potions_obtained":[{"floor":1,"key":"Dexterity Potion"},{"floor":3,"key":"PowerPotion"},{"floor":7,"key":"Strength Potion"},{"floor":12,"key":"SteroidPotion"},{"floor":21,"key":"FairyPotion"},{"floor":22,"key":"Regen Potion"},{"floor":37,"key":"FearPotion"},{"floor":41,"key":"PowerPotion"},{"floor":42,"key":"SteroidPotion"}],"is_trial":false,"path_per_floor":["M","M","M","?","?","R","M","E","T","$","?","E","M","$","R","B",null,"M","?","$","M","?","R","E","R","T","T","$","?","$","?","R","B",null,"M","?","M","$","M","R","M","?","T","$","R","M","M","?","R","B",null],"character_chosen":"IRONCLAD","items_purchased":["Shrug It Off","Art of War","Bronze Scales","Metallicize","True Grit","True Grit","Impervious"],"campfire_rested":0,"item_purchase_floors":[10,14,14,28,30,38,44],"current_hp_per_floor":[80,80,80,73,73,73,77,60,60,60,40,46,49,49,49,29,80,80,80,80,55,55,55,28,28,28,28,28,28,28,28,28,65,80,80,80,80,80,53,53,59,29,29,29,29,47,53,53,53,80],"gold":389,"neow_bonus":"UPGRADE_CARD","is_prod":false,"is_daily":false,"chose_seed":false,"campfire_upgraded":6,"win_rate":0,"timestamp":1554621419,"path_taken":["M","M","M","?","?","R","M","E","T","$","?","E","M","?","R","BOSS","M","?","?","M","?","R","E","R","T","?","$","?","?","?","R","BOSS","M","?","M","$","M","R","M","?","T","$","R","M","M","?","R","BOSS"],"build_version":"2019-01-23","purchased_purges":3,"victory":true,"max_hp_per_floor":[80,80,80,80,80,80,80,80,80,80,80,80,80,80,80,80,80,80,80,80,80,80,80,80,80,80,80,80,80,80,80,80,80,80,80,80,80,80,80,80,80,80,80,80,80,80,80,80,80,80],"card_choices":[{"not_picked":["Evolve","Heavy Blade"],"picked":"Flame Barrier","floor":1},{"not_picked":["Perfected Strike","Havoc","Feel No Pain"],"picked":"SKIP","floor":2},{"not_picked":["Corruption","Heavy Blade"],"picked":"Body Slam","floor":3},{"not_picked":["Blood for Blood","Perfected Strike"],"picked":"True Grit","floor":7},{"not_picked":["Iron Wave","Rupture"],"picked":"Barricade","floor":8},{"not_picked":["Warcry","Seeing Red","Fiend Fire"],"picked":"SKIP","floor":12},{"not_picked":["Bloodletting","Perfected Strike"],"picked":"Shockwave","floor":13},{"not_picked":["Juggernaut","Barricade"],"picked":"Berserk","floor":16},{"not_picked":["Twin Strike"],"picked":"SKIP","floor":18},{"not_picked":[],"picked":"Armaments+1","floor":21},{"not_picked":["Feed"],"picked":"SKIP","floor":24},{"not_picked":[],"picked":"Impervious","floor":33},{"not_picked":["Infernal Blade"],"picked":"SKIP","floor":35},{"not_picked":["Seeing Red"],"picked":"SKIP","floor":37},{"not_picked":[],"picked":"Shrug It Off+1","floor":39},{"not_picked":["True Grit"],"picked":"SKIP","floor":41},{"not_picked":[],"picked":"Dual Wield+1","floor":46},{"not_picked":["True Grit"],"picked":"SKIP","floor":47}],"player_experience":967321,"relics_obtained":[{"floor":8,"key":"Juzu Bracelet"},{"floor":9,"key":"Vajra"},{"floor":12,"key":"Anchor"},{"floor":24,"key":"Pen Nib"},{"floor":26,"key":"Pantograph"},{"floor":27,"key":"Meat on the Bone"},{"floor":42,"key":"Old Coin"},{"floor":43,"key":"Molten Egg 2"},{"floor":45,"key":"Incense Burner"},{"floor":49,"key":"Red Skull"}],"event_choices":[{"damage_healed":0,"gold_gain":0,"player_choice":"Success","damage_taken":7,"relics_obtained":["Omamori"],"max_hp_gain":0,"max_hp_loss":0,"event_name":"Scrap Ooze","floor":4,"gold_loss":0},{"damage_healed":0,"gold_gain":175,"player_choice":"AGREE","damage_taken":0,"max_hp_gain":0,"max_hp_loss":0,"event_name":"Liars Game","floor":5,"gold_loss":0,"cards_obtained":["Doubt"]},{"damage_healed":0,"gold_gain":0,"player_choice":"Take Damage","damage_taken":20,"relics_obtained":["Golden Idol"],"max_hp_gain":0,"max_hp_loss":0,"event_name":"Golden Idol","floor":11,"gold_loss":0},{"damage_healed":0,"gold_gain":0,"player_choice":"Ignored","damage_taken":0,"max_hp_gain":0,"max_hp_loss":0,"event_name":"N\u0027loth","floor":19,"gold_loss":0},{"damage_healed":0,"gold_gain":0,"player_choice":"Got Potions","damage_taken":0,"max_hp_gain":0,"max_hp_loss":0,"event_name":"Lab","floor":22,"gold_loss":0},{"damage_healed":0,"gold_gain":0,"player_choice":"Opened","damage_taken":0,"relics_obtained":["Shovel"],"max_hp_gain":0,"max_hp_loss":0,"event_name":"The Mausoleum","floor":29,"gold_loss":0},{"damage_healed":0,"gold_gain":0,"player_choice":"Ignored","damage_taken":0,"max_hp_gain":0,"max_hp_loss":0,"event_name":"Beggar","floor":31,"gold_loss":0},{"cards_removed":["Strike_R"],"damage_healed":0,"gold_gain":0,"player_choice":"Removed Attack","damage_taken":0,"max_hp_gain":0,"max_hp_loss":0,"event_name":"Falling","floor":36,"gold_loss":0},{"damage_healed":0,"gold_gain":0,"player_choice":"Fight","damage_taken":0,"max_hp_gain":0,"max_hp_loss":0,"event_name":"Mysterious Sphere","floor":42,"gold_loss":0},{"damage_healed":0,"gold_gain":0,"player_choice":"Memory 1","damage_taken":0,"max_hp_gain":0,"max_hp_loss":0,"event_name":"SensoryStone","floor":48,"gold_loss":0}],"is_beta":false,"boss_relics":[{"not_picked":["Runic Cube","Black Blood"],"picked":"Busted Crown"},{"not_picked":["Runic Pyramid","Sozu"],"picked":"Mark of Pain"}],"items_purged_floors":[10,28,44],"is_endless":false,"potions_floor_spawned":[1,3,7,12,21,37,41,42],"ascension_level":0}