{"gold_per_floor":[213,363,363,60,79,409,409,420,420,420,440,440,454,474,474,474],"floor_reached":16,"playtime":416,"items_purged":["Doubt"],"score":199,"play_id":"47119515-9d0f-4deb-b815-39da0acfa5fc","local_time":"20190409235738","is_ascension_mode":true,"campfire_choices":[{"floor":7,"key":"REST"},{"data":"True Grit","floor":10,"key":"SMITH"},{"data":"Twin Strike","floor":15,"key":"SMITH"}],"neow_cost":"NONE","seed_source_timestamp":58369542101720,"circlet_count":0,"master_deck":["AscendersBane","Strike_R","Strike_R+1","Strike_R","Strike_R","Strike_R","Defend_R","Defend_R","Defend_R","Defend_R","Bash+1","Headbutt","Twin Strike+1","True Grit+1","Shrug It Off","Intimidate","Sentinel","Headbutt"],"relics":["Burning Blood","Vajra","Old Coin","Du-Vu Doll","GremlinMask"],"potions_floor_usage":[],"damage_taken":[{"damage":10,"enemies":"Small Slimes","floor":1,"turns":4},{"damage":7,"enemies":"Jaw Worm","floor":5,"turns":3},{"damage":32,"enemies":"Gremlin Nob","floor":6,"turns":4},{"damage":1,"enemies":"Cultist","floor":8,"turns":3},{"damage":8,"enemies":"Blue Slaver","floor":11,"turns":3},{"damage":4,"enemies":"Lots of Slimes","floor":13,"turns":6},{"damage":11,"enemies":"2 Fungi Beasts","floor":14,"turns":3},{"damage":24,"enemies":"The Guardian","floor":16,"turns":5}],"seed_played":"7467001099664718950","potions_obtained":[{"floor":6,"key":"SteroidPotion"},{"floor":13,"key":"Energy Potion"}],"is_trial":false,"path_per_floor":["M","?","?","$","M","E","R","M","T","R","M","?","M","M","R","B"],"character_chosen":"IRONCLAD","items_purchased":["Vajra","Twin Strike"],"campfire_rested":1,"item_purchase_floors":[4,4],"current_hp_per_floor":[64,64,41,41,40,14,36,41,41,41,39,39,41,36,36,12],"gold":474,"neow_bonus":"HUNDRED_GOLD","is_prod":false,"is_daily":false,"chose_seed":false,"campfire_upgraded":2,"win_rate":0,"timestamp":1554879458,"path_taken":["M","?","?","$","?","E","R","M","T","R","?","?","?","M","R","BOSS"],"build_version":"2019-01-23","purchased_purges":1,"victory":false,"max_hp_per_floor":[75,75,75,75,75,75,75,75,75,75,75,75,75,75,75,75],"card_choices":[{"not_picked":["Havoc","Perfected Strike"],"picked":"Headbutt","floor":1},{"not_picked":["Entrench","Heavy Blade","Power Through"],"picked":"SKIP","floor":5},{"not_picked":["Combust","Wild Strike"],"picked":"True Grit","floor":6},{"not_picked":["Metallicize","Combust"],"picked":"Shrug It Off","floor":8},{"not_picked":["Body Slam","Blood for Blood"],"picked":"Intimidate","floor":11},{"not_picked":["Dual Wield","Thunderclap","Sentinel"],"picked":"SKIP","floor":13},{"not_picked":["Dual Wield","Thunderclap"],"picked":"Sentinel","floor":13},{"not_picked":["Iron Wave","Armaments"],"picked":"Headbutt","floor":14}],"player_experience":1002682,"relics_obtained":[{"floor":6,"key":"Old Coin"},{"floor":9,"key":"Du-Vu Doll"}],"event_choices":[{"damage_healed":0,"gold_gain":150,"player_choice":"AGREE","damage_taken":0,"max_hp_gain":0,"max_hp_loss":0,"event_name":"Liars Game","floor":2,"gold_loss":0,"cards_obtained":["Doubt"]},{"damage_healed":0,"gold_gain":0,"player_choice":"Entered Light","damage_taken":23,"max_hp_gain":0,"max_hp_loss":0,"event_name":"Shining Light","floor":3,"gold_loss":0,"cards_upgraded":["Bash","Strike_R"]},{"damage_healed":0,"gold_gain":0,"player_choice":"Trade","damage_taken":0,"relics_obtained":["GremlinMask"],"max_hp_gain":0,"max_hp_loss":0,"event_name":"FaceTrader","floor":12,"gold_loss":0}],"is_beta":false,"boss_relics":[],"items_purged_floors":[4],"is_endless":false,"potions_floor_spawned":[6,13],"killed_by":"The Guardian","ascension_level":19}