{"gold_per_floor":[110,124,199,199,179,206,206,224,224,252,109,127,127,147,147,147],"floor_reached":16,"playtime":389,"items_purged":[],"score":270,"play_id":"2ed2461c-bbb2-4874-9665-767f3dbb81e3","local_time":"20190915222910","is_ascension_mode":true,"campfire_choices":[{"data":"Sword Boomerang","floor":7,"key":"SMITH"},{"floor":13,"key":"REST"},{"data":"Limit Break","floor":15,"key":"SMITH"}],"neow_cost":"NONE","seed_source_timestamp":414701963845267,"circlet_count":0,"master_deck":["AscendersBane","Strike_R","Strike_R","Strike_R","Strike_R","Strike_R","Defend_R","Defend_R","Defend_R","Defend_R","Bash+1","Sword Boomerang+1","Shrug It Off+1","Limit Break+1","Inflame","Headbutt+1","Impervious","Pommel Strike+1"],"relics":["Burning Blood","NeowsBlessing","Kunai","Molten Egg 2","Regal Pillow"],"potions_floor_usage":[10,10],"damage_taken":[{"damage":0,"enemies":"Cultist","floor":1,"turns":1},{"damage":0,"enemies":"2 Louse","floor":2,"turns":1},{"damage":0,"enemies":"Lagavulin","floor":6,"turns":1},{"damage":10,"enemies":"Small Slimes","floor":8,"turns":3},{"damage":24,"enemies":"Gremlin Nob","floor":10,"turns":4},{"damage":22,"enemies":"3 Louse","floor":12,"turns":5},{"damage":3,"enemies":"Exordium Wildlife","floor":14,"turns":4},{"damage":50,"enemies":"Slime Boss","floor":16,"turns":7}],"seed_played":"-7178111417513624875","potions_obtained":[{"floor":2,"key":"Weak Potion"},{"floor":5,"key":"Weak Potion"},{"floor":8,"key":"Energy Potion"},{"floor":14,"key":"Ancient Potion"}],"is_trial":false,"path_per_floor":["M","M","?","?","?","E","R","M","T","E","$","M","R","M","R","B"],"character_chosen":"IRONCLAD","items_purchased":["Inflame","Headbutt+1"],"campfire_rested":1,"item_purchase_floors":[11,11],"current_hp_per_floor":[74,75,64,41,41,47,47,43,43,25,25,9,46,49,49,0],"gold":147,"neow_bonus":"THREE_ENEMY_KILL","is_prod":false,"is_daily":false,"chose_seed":false,"campfire_upgraded":2,"win_rate":0,"timestamp":1568611750,"path_taken":["M","M","?","?","?","E","R","M","T","E","$","?","R","M","R","BOSS"],"build_version":"2019-07-17","purchased_purges":0,"victory":false,"max_hp_per_floor":[75,75,75,75,75,75,75,75,75,75,75,75,75,75,75,75],"card_choices":[{"not_picked":["Perfected Strike","Iron Wave"],"picked":"Sword Boomerang","floor":1},{"not_picked":["Armaments","Dropkick"],"picked":"Shrug It Off","floor":2},{"not_picked":["Thunderclap","Heavy Blade"],"picked":"Limit Break","floor":6},{"not_picked":["Heavy Blade","Perfected Strike","Entrench"],"picked":"SKIP","floor":8},{"not_picked":["Anger+1","Armaments","Bloodletting"],"picked":"SKIP","floor":10},{"not_picked":["Rampage+1","Twin Strike+1"],"picked":"Impervious","floor":12},{"not_picked":["Flex","Thunderclap+1"],"picked":"Pommel Strike+1","floor":14}],"player_experience":1145213,"relics_obtained":[{"floor":6,"key":"Kunai"},{"floor":9,"key":"Molten Egg 2"},{"floor":10,"key":"Regal Pillow"}],"event_choices":[{"damage_healed":0,"gold_gain":75,"player_choice":"Gather Gold","damage_taken":11,"max_hp_gain":0,"max_hp_loss":0,"event_name":"World of Goop","floor":3,"gold_loss":0},{"damage_healed":0,"gold_gain":0,"player_choice":"Entered Light","damage_taken":23,"max_hp_gain":0,"max_hp_loss":0,"event_name":"Shining Light","floor":4,"gold_loss":0,"cards_upgraded":["Bash","Shrug It Off"]},{"damage_healed":0,"gold_gain":0,"player_choice":"Bought 1 Potion","damage_taken":0,"max_hp_gain":0,"max_hp_loss":0,"event_name":"The Woman in Blue","floor":5,"gold_loss":0}],"is_beta":false,"boss_relics":[],"items_purged_floors":[],"is_endless":false,"potions_floor_spawned":[2,8,14],"killed_by":"Slime Boss","ascension_level":20}