{"gold_per_floor":[112,126,126,126,47,47,73,84,84,95,60,78,78,78,78,78],"floor_reached":16,"playtime":498,"items_purged":[],"score":200,"play_id":"56ce0332-fa5b-459b-8e59-ce34f741d704","local_time":"20190501214323","is_ascension_mode":true,"campfire_choices":[{"data":"Uppercut","floor":6,"key":"SMITH"},{"data":"Flame Barrier","floor":13,"key":"SMITH"},{"floor":15,"key":"REST"}],"neow_cost":"NONE","seed_source_timestamp":447463426146984,"circlet_count":0,"master_deck":["AscendersBane","Strike_R","Strike_R","Strike_R","Defend_R","Defend_R+1","Defend_R","Defend_R","Bash","Twin Strike","Uppercut+1","Disarm","Headbutt+1","Flame Barrier+1","Ghostly Armor"],"relics":["Burning Blood","Dream Catcher","Question Card","Letter Opener"],"potions_floor_usage":[7,16,16],"damage_taken":[{"damage":5,"enemies":"Small Slimes","floor":1,"turns":5},{"damage":14,"enemies":"Jaw Worm","floor":2,"turns":5},{"damage":38,"enemies":"Lagavulin","floor":7,"turns":7},{"damage":3,"enemies":"2 Louse","floor":8,"turns":3},{"damage":15,"enemies":"Exordium Wildlife","floor":10,"turns":4},{"damage":9,"enemies":"2 Fungi Beasts","floor":12,"turns":4},{"damage":33,"enemies":"Hexaghost","floor":16,"turns":14}],"seed_played":"-5886785340835573329","potions_obtained":[{"floor":2,"key":"Weak Potion"},{"floor":7,"key":"Explosive Potion"},{"floor":12,"key":"GamblersBrew"}],"is_trial":false,"path_per_floor":["M","M","?","?","$","R","E","M","T","M","?","M","R","?","R","B"],"character_chosen":"IRONCLAD","items_purchased":["Disarm"],"campfire_rested":1,"item_purchase_floors":[5],"current_hp_per_floor":[69,61,54,54,54,54,22,25,25,16,34,31,31,8,30,0],"gold":78,"neow_bonus":"RANDOM_COMMON_RELIC","is_prod":false,"is_daily":false,"chose_seed":false,"campfire_upgraded":2,"win_rate":0,"timestamp":1556772203,"path_taken":["M","M","?","?","?","R","E","M","T","M","?","?","R","?","R","BOSS"],"build_version":"2019-01-23","purchased_purges":0,"victory":false,"max_hp_per_floor":[75,75,75,75,75,75,75,75,75,75,75,75,75,75,75,75],"card_choices":[{"not_picked":["Armaments","Warcry"],"picked":"Twin Strike","floor":1},{"not_picked":["Flex","Armaments"],"picked":"Uppercut","floor":2},{"not_picked":["Brutality","Second Wind","Perfected Strike"],"picked":"SKIP","floor":7},{"not_picked":["Sword Boomerang","Cleave","Hemokinesis","Armaments"],"picked":"SKIP","floor":8},{"not_picked":["Blood for Blood","Perfected Strike","Thunderclap"],"picked":"Headbutt","floor":10},{"not_picked":["Iron Wave","Ghostly Armor","Sword Boomerang"],"picked":"Flame Barrier","floor":12},{"not_picked":["Clash","Perfected Strike","Warcry"],"picked":"Ghostly Armor","floor":15}],"player_experience":1052675,"relics_obtained":[{"floor":7,"key":"Question Card"},{"floor":9,"key":"Letter Opener"}],"event_choices":[{"cards_removed":["Strike_R"],"damage_healed":0,"gold_gain":0,"player_choice":"Card Removal","damage_taken":7,"max_hp_gain":0,"max_hp_loss":0,"event_name":"Golden Wing","floor":3,"gold_loss":0},{"cards_removed":["Strike_R"],"damage_healed":0,"gold_gain":0,"player_choice":"Forget","damage_taken":0,"max_hp_gain":0,"max_hp_loss":0,"event_name":"Living Wall","floor":4,"gold_loss":0},{"damage_healed":18,"gold_gain":0,"player_choice":"Healed","damage_taken":0,"max_hp_gain":0,"max_hp_loss":0,"event_name":"The Cleric","floor":11,"gold_loss":35},{"damage_healed":0,"gold_gain":0,"player_choice":"Entered Light","damage_taken":23,"max_hp_gain":0,"max_hp_loss":0,"event_name":"Shining Light","floor":14,"gold_loss":0,"cards_upgraded":["Headbutt","Defend_R"]}],"is_beta":false,"boss_relics":[],"items_purged_floors":[],"is_endless":false,"potions_floor_spawned":[2,7,12],"killed_by":"Hexaghost","ascension_level":20}