{"gold_per_floor":[118,118,118,136,150,150,40,40,63,4,20,20,20,38,38,38],"floor_reached":16,"playtime":490,"items_purged":[],"score":180,"play_id":"c95a9f21-10e2-4dbd-b679-c495304045f2","local_time":"20190920024111","is_ascension_mode":true,"campfire_choices":[{"data":"Shockwave","floor":6,"key":"SMITH"},{"data":"True Grit","floor":8,"key":"SMITH"},{"data":"True Grit","floor":13,"key":"SMITH"},{"data":"Body Slam","floor":15,"key":"SMITH"}],"neow_cost":"CURSE","seed_source_timestamp":214891149965283,"circlet_count":0,"master_deck":["AscendersBane","Strike_R","Strike_R","Strike_R","Strike_R","Strike_R","Defend_R","Defend_R","Defend_R","Defend_R","Bash","Dramatic Entrance","Jack Of All Trades","Regret","Shockwave+1","True Grit+1","Body Slam+1","True Grit+1","Sentinel","Body Slam"],"relics":["Burning Blood","Calipers","Lantern","Ornamental Fan"],"potions_floor_usage":[14],"damage_taken":[{"damage":0,"enemies":"2 Louse","floor":1,"turns":4},{"damage":14,"enemies":"Jaw Worm","floor":4,"turns":2},{"damage":11,"enemies":"Cultist","floor":5,"turns":4},{"damage":17,"enemies":"Red Slaver","floor":11,"turns":4},{"damage":19,"enemies":"Exordium Thugs","floor":14,"turns":5},{"damage":41,"enemies":"Slime Boss","floor":16,"turns":8}],"seed_played":"8612351179593022886","potions_obtained":[{"floor":4,"key":"BloodPotion"},{"floor":5,"key":"SneckoOil"}],"is_trial":false,"path_per_floor":["M","?","?","M","M","R","$","R","T","$","M","T","R","M","R","B"],"character_chosen":"IRONCLAD","items_purchased":["True Grit","Body Slam","True Grit"],"campfire_rested":0,"item_purchase_floors":[7,7,10],"current_hp_per_floor":[74,74,74,66,61,61,61,61,61,61,50,50,50,55,55,14],"gold":38,"neow_bonus":"RANDOM_COLORLESS_2","is_prod":false,"is_daily":false,"chose_seed":false,"campfire_upgraded":4,"win_rate":0,"timestamp":1568972471,"path_taken":["M","?","?","M","M","R","$","R","T","?","M","?","R","M","R","BOSS"],"build_version":"2019-07-17","purchased_purges":0,"victory":false,"max_hp_per_floor":[75,75,75,75,75,75,75,75,75,75,75,75,75,75,75,75],"card_choices":[{"not_picked":["Anger","Iron Wave","Infernal Blade"],"picked":"SKIP","floor":1},{"not_picked":["Armaments","Hemokinesis","Clash"],"picked":"SKIP","floor":4},{"not_picked":["Carnage","Sever Soul"],"picked":"Shockwave","floor":5},{"not_picked":["Carnage","Sentinel","Iron Wave"],"picked":"SKIP","floor":11},{"not_picked":["Carnage","Iron Wave"],"picked":"Sentinel","floor":11},{"not_picked":["Blood for Blood","Shockwave"],"picked":"Body Slam","floor":14}],"player_experience":1186068,"relics_obtained":[{"floor":9,"key":"Lantern"},{"floor":12,"key":"Ornamental Fan"}],"event_choices":[{"cards_removed":["Doubt"],"damage_healed":0,"gold_gain":0,"player_choice":"Forget","damage_taken":0,"max_hp_gain":0,"max_hp_loss":0,"event_name":"Living Wall","floor":2,"gold_loss":0},{"damage_healed":0,"gold_gain":0,"player_choice":"Box","damage_taken":0,"relics_obtained":["Calipers"],"max_hp_gain":0,"max_hp_loss":0,"event_name":"Big Fish","floor":3,"gold_loss":0,"cards_obtained":["Regret"]}],"is_beta":false,"boss_relics":[],"items_purged_floors":[],"is_endless":false,"potions_floor_spawned":[4,5],"killed_by":"Slime Boss","ascension_level":20}