{"gold_per_floor":[149,149,194,254,302,302,427,427,427,77,202,202,324,384,384,699,699,741,385,385,140,182,269,269,359,409,409,496,496,496,600,600,888,888,945,208,268,301,73,172,214,295,322,409,409,454,559,610,610,610,610,610,22,97,97],"floor_reached":56,"playtime":1295,"items_purged":[],"score":2178,"play_id":"a9aa4a97-67db-471a-a07d-7a5e4912bf66","local_time":"20190910025756","daily_mods":["Allstar","Hoarder","Midas"],"is_ascension_mode":true,"campfire_choices":[{"floor":6.0,"key":"RECALL"},{"floor":8.0,"key":"REST"},{"floor":12.0,"key":"REST"},{"floor":15.0,"key":"REST"},{"floor":27.0,"key":"DIG"},{"floor":29.0,"key":"DIG"},{"floor":32.0,"key":"DIG"},{"floor":49,"key":"DIG"},{"floor":52,"key":"DIG"}],"neow_cost":"","seed_source_timestamp":0,"circlet_count":0,"master_deck":["Strike_R","Strike_R","Strike_R","Strike_R","Strike_R","Defend_R","Defend_R","Defend_R","Defend_R","Bash","Mind Blast","Mind Blast","Mind Blast","Master of Strategy","Master of Strategy","Master of Strategy","HandOfGreed+1","HandOfGreed","HandOfGreed","Master of Strategy+1","Master of Strategy","Master of Strategy","Chrysalis","Chrysalis","Chrysalis","Shrug It Off","Shrug It Off","Shrug It Off","Forethought","Forethought","Forethought","Evolve","Evolve","Evolve","Clothesline","Clothesline","Clothesline","Perfected Strike","Perfected Strike","Perfected Strike","Limit Break","Limit Break+1","Limit Break","Inflame","Inflame","Inflame","Feel No Pain","Feel No Pain","Clothesline","Clothesline","Clothesline","Sentinel","Sentinel","Sentinel","Shrug It Off","Shrug It Off","Shrug It Off","Perfected Strike","Perfected Strike","Perfected Strike","Offering","Offering","Offering","Clash","Clash","Clash","Cleave+1","Cleave+1","Cleave+1","Feed","Feed","Feed","Parasite","Parasite","Parasite","Rage","Rage","Rage","Clumsy","Clumsy","Clumsy","Flex","Flex","Flex","Shame","Shame","Shame","Headbutt","Headbutt","Headbutt+1","Offering","Offering","Offering","Battle Trance+1","Battle Trance+1","Battle Trance+1","Perfected Strike+1","Perfected Strike+1","Perfected Strike+1","Whirlwind+1","Whirlwind+1","Whirlwind+1","Shockwave","Shockwave","Shockwave","Mind Blast+1","Mind Blast+1","Mind Blast+1","Havoc+1","Havoc+1","Havoc+1","Flex","Flex","Flex","Feed+1","Feed+1","Feed+1","Injury","Injury","Injury","Anger+1","Anger+1","Anger+1","Bloodletting+1","Bloodletting+1","Bloodletting+1","Disarm+1","Disarm+1","Disarm+1","Shrug It Off+1","Shrug It Off+1","Shrug It Off+1","Iron Wave+1","Iron Wave+1","Iron Wave+1","Havoc+1","Havoc+1","Havoc+1","Warcry+1","Warcry+1","Warcry+1","Dropkick+1","Dropkick+1","Dropkick+1","Juggernaut+1","Juggernaut+1","Juggernaut+1","Impervious+1","Impervious+1","Impervious+1"],"special_seed":0,"relics":["Burning Blood","Question Card","Meat on the Bone","Ice Cream","Letter Opener","Dream Catcher","Cursed Key","Medical Kit","Bag of Marbles","Blue Candle","Shovel","Frozen Egg 2","Potion Belt","Juzu Bracelet","StoneCalendar","Centennial Puzzle","Paper Frog","Art of War","Girya","Whetstone","Black Star","Molten Egg 2","Ginger","DollysMirror","Lantern","War Paint","Sundial","Orichalcum","Toxic Egg 2","Blood Vial","Torii","Red Skull","Happy Flower","Mummified Hand","Pantograph","Shuriken","Mercury Hourglass","Anchor"],"potions_floor_usage":[55,55,55,55],"damage_taken":[{"damage":0.0,"enemies":"Cultist","floor":1.0,"turns":3.0},{"damage":3.0,"enemies":"Jaw Worm","floor":3.0,"turns":2.0},{"damage":0.0,"enemies":"2 Louse","floor":4.0,"turns":2.0},{"damage":7.0,"enemies":"Blue Slaver","floor":5.0,"turns":2.0},{"damage":26.0,"enemies":"Lagavulin","floor":7.0,"turns":6.0},{"damage":16.0,"enemies":"3 Sentries","floor":11.0,"turns":6.0},{"damage":12.0,"enemies":"Lagavulin","floor":13.0,"turns":5.0},{"damage":0.0,"enemies":"Looter","floor":14.0,"turns":1.0},{"damage":4.0,"enemies":"The Guardian","floor":16.0,"turns":9.0},{"damage":21.0,"enemies":"3 Byrds","floor":18.0,"turns":4.0},{"damage":0.0,"enemies":"Chosen","floor":22.0,"turns":1.0},{"damage":14.0,"enemies":"Slavers","floor":23.0,"turns":3.0},{"damage":0.0,"enemies":"Gremlin Leader","floor":25.0,"turns":1.0},{"damage":12.0,"enemies":"Slavers","floor":28.0,"turns":4.0},{"damage":0.0,"enemies":"Gremlin Leader","floor":31.0,"turns":1.0},{"damage":6.0,"enemies":"Champ","floor":33.0,"turns":1.0},{"damage":6.0,"enemies":"3 Shapes","floor":35.0,"turns":3.0},{"damage":0.0,"enemies":"Orb Walker","floor":37.0,"turns":1.0},{"damage":0.0,"enemies":"Spire Growth","floor":38.0,"turns":1.0},{"damage":0,"enemies":"Giant Head","floor":40,"turns":1},{"damage":0,"enemies":"Maw","floor":41,"turns":1},{"damage":0,"enemies":"Reptomancer","floor":42,"turns":1},{"damage":0,"enemies":"Nemesis","floor":44,"turns":1},{"damage":8,"enemies":"Transient","floor":46,"turns":3},{"damage":0,"enemies":"Reptomancer","floor":47,"turns":1},{"damage":0,"enemies":"Sphere and 2 Shapes","floor":48,"turns":1},{"damage":0,"enemies":"Time Eater","floor":50,"turns":1},{"damage":0,"enemies":"Shield and Spear","floor":54,"turns":1},{"damage":45,"enemies":"The Heart","floor":55,"turns":4}],"seed_played":"-253346998891179004","potions_obtained":[{"floor":3.0,"key":"Dexterity Potion"},{"floor":5.0,"key":"BloodPotion"},{"floor":13.0,"key":"SpeedPotion"},{"floor":31.0,"key":"SpeedPotion"},{"floor":33.0,"key":"Energy Potion"},{"floor":38.0,"key":"BloodPotion"},{"floor":44,"key":"BloodPotion"},{"floor":54,"key":"Strength Potion"}],"is_trial":true,"path_per_floor":["M","?","M","M","M","R","E","R","T","$","E","R","E","M","R","B",null,"M","$","?","$","M","E","T","E","T","R","E","R","?","E","R","B",null,"M","$","M","M","$","E","M","E","T","E","?","M","E","M","R","B",null,"R","$","E","B",null],"character_chosen":"IRONCLAD","items_purchased":["Ice Cream","Feel No Pain","Medical Kit","Bag of Marbles","Blue Candle","Molten Egg 2","Ginger","DollysMirror","Lantern","Mind Blast+1","Iron Wave+1","Havoc+1","Warcry+1","Dropkick+1","Juggernaut+1","Shuriken"],"campfire_rested":3,"item_purchase_floors":[10,10,19,19,21,36,36,36,39,39,53,53,53,53,53,53],"current_hp_per_floor":[80,80,80,80,79,79,59,80,80,80,70,80,74,80,80,80,80,65,65,50,50,56,60,60,66,66,66,60,60,60,66,66,66,85,85,85,85,85,85,85,85,85,85,85,85,83,85,85,85,85,85,85,85,85,67],"gold":97,"neow_bonus":"","is_prod":false,"is_daily":false,"chose_seed":false,"campfire_upgraded":0,"win_rate":0,"timestamp":1568109476,"path_taken":["M","?","?","M","M","R","E","R","T","$","E","R","E","M","R","BOSS","M","$","?","$","M","E","?","E","T","R","E","R","?","E","R","BOSS","M","$","M","M","$","E","M","E","T","E","?","M","E","M","R","BOSS","R","$","E","BOSS"],"build_version":"2019-07-17","purchased_purges":0,"victory":true,"max_hp_per_floor":[80,80,80,80,80,80,80,80,80,80,80,80,80,80,80,80,80,80,80,85,85,85,85,85,85,85,85,85,85,85,85,85,85,85,85,85,85,85,85,85,85,85,85,85,85,85,85,85,85,85,85,85,85,85,85],"card_choices":[{"not_picked":["Perfected Strike","Headbutt"],"picked":"Shrug It Off","floor":1.0},{"not_picked":["Twin Strike","Spot Weakness"],"picked":"Clothesline","floor":3.0},{"not_picked":["Cleave","True Grit"],"picked":"Perfected Strike","floor":4.0},{"not_picked":["Shrug It Off","True Grit"],"picked":"Limit Break","floor":5.0},{"not_picked":["Thunderclap","Fiend Fire"],"picked":"Inflame","floor":7.0},{"not_picked":["Body Slam","Carnage","Iron Wave"],"picked":"Clothesline","floor":11.0},{"not_picked":["Inflame","Clash","Double Tap"],"picked":"Sentinel","floor":13.0},{"not_picked":["Warcry","Clash","Anger"],"picked":"Shrug It Off","floor":14.0},{"not_picked":["Cleave","Wild Strike","Whirlwind"],"picked":"Perfected Strike","floor":15.0},{"not_picked":["Impervious","Bludgeon","Reaper"],"picked":"Offering","floor":16.0},{"not_picked":["Body Slam","Sword Boomerang","Searing Blow"],"picked":"Clash","floor":18.0},{"not_picked":["Twin Strike+1","Sword Boomerang+1","Hemokinesis"],"picked":"Cleave+1","floor":22.0},{"not_picked":["Twin Strike","Iron Wave","Carnage"],"picked":"Feed","floor":23.0},{"not_picked":["Sword Boomerang","Hemokinesis","Thunderclap"],"picked":"Rage","floor":25.0},{"not_picked":["True Grit","Searing Blow","Sword Boomerang"],"picked":"Flex","floor":28.0},{"not_picked":["Heavy Blade","True Grit","Cleave"],"picked":"Headbutt","floor":31.0},{"not_picked":["Demon Form+1","Juggernaut+1","Barricade+1"],"picked":"Offering","floor":33.0},{"not_picked":["Flex","Body Slam","Thunderclap+1"],"picked":"Battle Trance+1","floor":35.0},{"not_picked":["Ghostly Armor+1","Armaments+1","Searing Blow+1"],"picked":"Whirlwind+1","floor":37.0},{"not_picked":["Heavy Blade+1","Sentinel+1","Wild Strike+1"],"picked":"Shockwave","floor":38.0},{"not_picked":["True Grit","Power Through+1","Body Slam+1"],"picked":"Havoc+1","floor":40},{"not_picked":["Evolve+1","Hemokinesis+1","Feel No Pain+1"],"picked":"Flex","floor":41},{"not_picked":["Combust+1","Blood for Blood+1","Brutality+1"],"picked":"Feed+1","floor":42},{"not_picked":["Body Slam+1","True Grit+1","Power Through+1"],"picked":"Anger+1","floor":44},{"not_picked":["Clothesline+1","Twin Strike+1","Clash+1"],"picked":"Bloodletting+1","floor":46},{"not_picked":["Feel No Pain+1","Sword Boomerang+1","Fire Breathing+1"],"picked":"Disarm+1","floor":47},{"not_picked":["True Grit+1","Ghostly Armor+1","Power Through+1"],"picked":"Shrug It Off+1","floor":48},{"not_picked":["Rage+1","Carnage+1","Warcry+1"],"picked":"Impervious+1","floor":54}],"player_experience":1103188,"relics_obtained":[{"floor":7.0,"key":"Question Card"},{"floor":9.0,"key":"Meat on the Bone"},{"floor":11.0,"key":"Letter Opener"},{"floor":13.0,"key":"Dream Catcher"},{"floor":23.0,"key":"Shovel"},{"floor":24.0,"key":"Frozen Egg 2"},{"floor":25.0,"key":"Potion Belt"},{"floor":26.0,"key":"Juzu Bracelet"},{"floor":27.0,"key":"StoneCalendar"},{"floor":28.0,"key":"Centennial Puzzle"},{"floor":29.0,"key":"Paper Frog"},{"floor":31.0,"key":"Girya"},{"floor":32.0,"key":"Whetstone"},{"floor":40,"key":"War Paint"},{"floor":40,"key":"Sundial"},{"floor":42,"key":"Orichalcum"},{"floor":42,"key":"Toxic Egg 2"},{"floor":44,"key":"Blood Vial"},{"floor":44,"key":"Torii"},{"floor":47,"key":"Red Skull"},{"floor":47,"key":"Happy Flower"},{"floor":49,"key":"Mummified Hand"},{"floor":52,"key":"Pantograph"},{"floor":54,"key":"Mercury Hourglass"},{"floor":54,"key":"Anchor"}],"event_choices":[{"damage_healed":0.0,"max_hp_gain":0.0,"max_hp_loss":0.0,"gold_gain":0.0,"event_name":"Match and Keep!","player_choice":"2 cards matched","floor":2.0,"gold_loss":0.0,"damage_taken":0.0,"cards_obtained":["Forethought","Evolve"]},{"damage_healed":0.0,"max_hp_gain":5.0,"max_hp_loss":0.0,"gold_gain":0.0,"event_name":"Forgotten Altar","player_choice":"Shed Blood","floor":20.0,"gold_loss":0.0,"damage_taken":20.0},{"damage_healed":0.0,"max_hp_gain":0.0,"max_hp_loss":0.0,"gold_gain":0.0,"event_name":"Addict","player_choice":"Stole Relic","floor":30.0,"gold_loss":0.0,"damage_taken":0.0,"relics_obtained":["Art of War"],"cards_obtained":["Shame"]},{"cards_removed":["Feel No Pain"],"damage_healed":0,"gold_gain":0,"player_choice":"Removed Power","damage_taken":0,"max_hp_gain":0,"max_hp_loss":0,"event_name":"Falling","floor":45,"gold_loss":0}],"is_beta":false,"boss_relics":[{"not_picked":["Orrery","Runic Dome"],"picked":"Cursed Key"},{"not_picked":["Sozu","Coffee Dripper"],"picked":"Black Star"}],"items_purged_floors":[],"is_endless":false,"potions_floor_spawned":[3,5,13,14,22,31,33,38,44,46,47,48,54],"ascension_level":1}