{"gold_per_floor":[110,56,70,70,70,103,119,119,119,119,135,170,170,180,180,275,275,275,275,275,275,190,190,14,14,14,14,14,14,14,14,14,14,14,14,14,14,0,0,0,0,0,0,0,0,0,0,0,0,0,0,0,0,0,0],"floor_reached":56,"playtime":2741,"items_purged":["Strike_R"],"score":1292,"play_id":"6da33a2a-76dc-47e9-bc0c-cef5bfad2689","local_time":"20190407034707","is_ascension_mode":false,"campfire_choices":[{"data":"Uppercut","floor":8.0,"key":"SMITH"},{"data":"Flame Barrier","floor":13.0,"key":"SMITH"},{"data":"Flame Barrier","floor":15.0,"key":"SMITH"},{"data":"Demon Form","floor":23.0,"key":"SMITH"},{"floor":32.0,"key":"RECALL"},{"data":"Limit Break","floor":49.0,"key":"SMITH"},{"data":"Pommel Strike","floor":52.0,"key":"SMITH"}],"neow_cost":"NONE","seed_source_timestamp":171862445057742,"circlet_count":0,"master_deck":["Strike_R","Strike_R","Strike_R+1","Defend_R","Defend_R+1","Defend_R","Defend_R+1","Bash+1","Flame Barrier+1","Shrug It Off","Uppercut+1","Pommel Strike+1","Flame Barrier+1","Demon Form+1","Impervious","Shrug It Off","Clothesline","Limit Break+1","Headbutt+1","Heavy Blade","Shrug It Off","Madness","Madness","Flame Barrier","Reaper","Heavy Blade+1"],"special_seed":0,"relics":["Burning Blood","Whetstone","Gambling Chip","Letter Opener","Art of War","Ectoplasm","Orichalcum","Pocketwatch","Velvet Choker","Nunchaku","Red Mask","Ancient Tea Set","Ornamental Fan","Singing Bowl","Bronze Scales","Bag of Marbles"],"potions_floor_usage":[54,55,55],"damage_taken":[{"damage":0.0,"enemies":"Cultist","floor":1.0,"turns":2.0},{"damage":3.0,"enemies":"Jaw Worm","floor":3.0,"turns":4.0},{"damage":17.0,"enemies":"3 Sentries","floor":6.0,"turns":10.0},{"damage":0.0,"enemies":"Small Slimes","floor":7.0,"turns":4.0},{"damage":0.0,"enemies":"2 Fungi Beasts","floor":11.0,"turns":4.0},{"damage":24.0,"enemies":"Gremlin Nob","floor":12.0,"turns":4.0},{"damage":4.0,"enemies":"Large Slime","floor":14.0,"turns":5.0},{"damage":15.0,"enemies":"The Guardian","floor":16.0,"turns":13.0},{"damage":0.0,"enemies":"3 Byrds","floor":18.0,"turns":2.0},{"damage":1.0,"enemies":"Chosen","floor":19.0,"turns":6.0},{"damage":0.0,"enemies":"Centurion and Healer","floor":25.0,"turns":6.0},{"damage":0.0,"enemies":"Snake Plant","floor":28.0,"turns":4.0},{"damage":0.0,"enemies":"Snecko","floor":30.0,"turns":4.0},{"damage":25.0,"enemies":"Slavers","floor":31.0,"turns":8.0},{"damage":29.0,"enemies":"Automaton","floor":33.0,"turns":11.0},{"damage":1.0,"enemies":"Orb Walker","floor":35.0,"turns":4.0},{"damage":11.0,"enemies":"3 Darklings","floor":36.0,"turns":6.0},{"damage":13.0,"enemies":"2 Orb Walkers","floor":37.0,"turns":5.0},{"damage":1.0,"enemies":"Giant Head","floor":40.0,"turns":8.0},{"damage":7.0,"enemies":"Jaw Worm Horde","floor":41.0,"turns":5.0},{"damage":39.0,"enemies":"Reptomancer","floor":42.0,"turns":7.0},{"damage":11.0,"enemies":"Writhing Mass","floor":45.0,"turns":5.0},{"damage":9.0,"enemies":"Transient","floor":46.0,"turns":5.0},{"damage":21.0,"enemies":"4 Shapes","floor":47.0,"turns":8.0},{"damage":21.0,"enemies":"Nemesis","floor":48.0,"turns":11.0},{"damage":29.0,"enemies":"Awakened One","floor":50.0,"turns":9.0},{"damage":56,"enemies":"Shield and Spear","floor":54,"turns":10},{"damage":51,"enemies":"The Heart","floor":55,"turns":8}],"seed_played":"9127640533934166177","potions_obtained":[{"floor":7.0,"key":"SpeedPotion"},{"floor":11.0,"key":"Swift Potion"},{"floor":14.0,"key":"Explosive Potion"},{"floor":16.0,"key":"Fruit Juice"},{"floor":33.0,"key":"SmokeBomb"},{"floor":35.0,"key":"Dexterity Potion"},{"floor":41.0,"key":"AttackPotion"},{"floor":46.0,"key":"EssenceOfSteel"},{"floor":54,"key":"PowerPotion"}],"is_trial":false,"path_per_floor":["M","$","M","?","?","E","M","R","T","?","M","E","R","M","R","B",null,"M","M","?","?","?","R","$","M","T","?","M","?","M","E","R","B",null,"M","M","?","?","?","E","M","E","T","?","M","M","M","E","R","B",null,"R","$","E","B",null],"character_chosen":"IRONCLAD","items_purchased":["Shrug It Off","Shrug It Off","Energy Potion"],"campfire_rested":0,"item_purchase_floors":[2,24,24],"current_hp_per_floor":[80,80,80,85,68,57,63,63,63,56,62,44,44,46,46,37,85,85,90,72,72,72,72,72,78,78,78,84,84,90,71,71,48,95,95,90,83,83,71,76,75,42,42,42,61,64,91,101,101,99,101,101,101,86,41],"gold":0,"neow_bonus":"RANDOM_COMMON_RELIC","is_prod":false,"is_daily":false,"chose_seed":false,"campfire_upgraded":6,"win_rate":0,"timestamp":1554634027,"path_taken":["M","$","?","?","?","E","M","R","T","?","M","E","R","M","R","BOSS","M","M","?","?","?","R","?","M","T","?","M","?","?","E","R","BOSS","M","M","?","?","?","E","M","E","T","?","M","M","M","E","R","BOSS","R","$","E","BOSS"],"build_version":"2019-01-23","purchased_purges":1,"victory":true,"max_hp_per_floor":[80,80,80,85,85,85,85,85,85,85,85,85,85,85,85,85,85,85,90,95,95,95,95,95,95,95,95,95,95,95,95,95,95,95,95,95,95,95,95,95,95,95,95,95,97,97,99,101,101,101,101,101,101,103,103],"card_choices":[{"not_picked":["Wild Strike","Carnage"],"picked":"Flame Barrier","floor":1.0},{"not_picked":["Shrug It Off","Iron Wave"],"picked":"Uppercut","floor":3.0},{"not_picked":["Fire Breathing","Body Slam"],"picked":"Pommel Strike","floor":6.0},{"not_picked":["Pommel Strike","Clash","Iron Wave"],"picked":"SKIP","floor":7.0},{"not_picked":["Havoc","Headbutt"],"picked":"Metallicize","floor":11.0},{"not_picked":["Warcry","Berserk","Seeing Red"],"picked":"SKIP","floor":12.0},{"not_picked":["Thunderclap","Sever Soul"],"picked":"Flame Barrier","floor":14.0},{"not_picked":["Brutality","Dark Embrace"],"picked":"Demon Form","floor":16.0},{"not_picked":["Perfected Strike","Headbutt","Rupture"],"picked":"SKIP","floor":18.0},{"not_picked":["Uppercut+1","True Grit","Cleave"],"picked":"SKIP","floor":19.0},{"not_picked":["Rage","Pommel Strike+1","Fire Breathing"],"picked":"SKIP","floor":25.0},{"not_picked":["Anger","Clash"],"picked":"Clothesline","floor":28.0},{"not_picked":["Pommel Strike","Carnage","Warcry+1"],"picked":"SKIP","floor":30.0},{"not_picked":["Ghostly Armor+1","Headbutt","Pommel Strike"],"picked":"SKIP","floor":31.0},{"not_picked":["Immolate","Double Tap"],"picked":"Limit Break","floor":33.0},{"not_picked":["Flex+1","Combust+1"],"picked":"Headbutt+1","floor":35.0},{"not_picked":["Perfected Strike","Havoc"],"picked":"Heavy Blade","floor":36.0},{"not_picked":["Warcry+1","Power Through+1"],"picked":"Shrug It Off","floor":37.0},{"not_picked":["True Grit","Body Slam"],"picked":"Flame Barrier","floor":40.0},{"not_picked":["True Grit+1","Headbutt+1"],"picked":"Reaper","floor":41.0},{"not_picked":["Iron Wave+1","Burning Pact","Carnage"],"picked":"SKIP","floor":42.0},{"not_picked":["Thunderclap+1","Spot Weakness","Seeing Red"],"picked":"Singing Bowl","floor":45.0},{"not_picked":["Sword Boomerang+1","Blood for Blood+1"],"picked":"Heavy Blade+1","floor":46.0},{"not_picked":["Dual Wield+1","Headbutt+1","Twin Strike+1"],"picked":"Singing Bowl","floor":47.0},{"not_picked":["Sentinel","Clash","Spot Weakness"],"picked":"Singing Bowl","floor":48.0},{"not_picked":["Feed","Clash","Iron Wave"],"picked":"Singing Bowl","floor":54}],"player_experience":977916,"relics_obtained":[{"floor":6.0,"key":"Gambling Chip"},{"floor":9.0,"key":"Letter Opener"},{"floor":12.0,"key":"Art of War"},{"floor":31.0,"key":"Pocketwatch"},{"floor":37.0,"key":"Nunchaku"},{"floor":40.0,"key":"Ancient Tea Set"},{"floor":42.0,"key":"Ornamental Fan"},{"floor":43.0,"key":"Singing Bowl"},{"floor":48.0,"key":"Bronze Scales"},{"floor":54,"key":"Bag of Marbles"}],"event_choices":[{"damage_healed":0.0,"max_hp_gain":5.0,"max_hp_loss":0.0,"gold_gain":0.0,"event_name":"Big Fish","player_choice":"Donut","floor":4.0,"gold_loss":0.0,"damage_taken":0.0},{"damage_healed":0.0,"max_hp_gain":0.0,"max_hp_loss":0.0,"gold_gain":0.0,"event_name":"Shining Light","player_choice":"Entered Light","floor":5.0,"gold_loss":0.0,"damage_taken":17.0,"cards_upgraded":["Defend_R","Defend_R"]},{"cards_removed":["Strike_R"],"damage_healed":0.0,"max_hp_gain":0.0,"max_hp_loss":0.0,"gold_gain":0.0,"event_name":"Golden Wing","player_choice":"Card Removal","floor":10.0,"gold_loss":0.0,"damage_taken":7.0},{"damage_healed":0.0,"max_hp_gain":5.0,"max_hp_loss":0.0,"gold_gain":0.0,"event_name":"Forgotten Altar","player_choice":"Shed Blood","floor":20.0,"gold_loss":0.0,"damage_taken":23.0},{"damage_healed":0.0,"max_hp_gain":0.0,"max_hp_loss":0.0,"gold_gain":0.0,"event_name":"The Library","player_choice":"Read","floor":21.0,"gold_loss":0.0,"damage_taken":0.0,"cards_obtained":["Impervious"]},{"damage_healed":0.0,"max_hp_gain":0.0,"max_hp_loss":0.0,"gold_gain":0.0,"event_name":"Addict","player_choice":"Obtained Relic","floor":22.0,"gold_loss":85.0,"damage_taken":0.0,"relics_obtained":["Orichalcum"]},{"damage_healed":0.0,"max_hp_gain":0.0,"max_hp_loss":0.0,"gold_gain":0.0,"event_name":"Ghosts","player_choice":"Ignored","floor":27.0,"gold_loss":0.0,"damage_taken":0.0},{"damage_healed":0.0,"max_hp_gain":0.0,"max_hp_loss":0.0,"gold_gain":0.0,"event_name":"Lab","player_choice":"Got Potions","floor":29.0,"gold_loss":0.0,"damage_taken":0.0},{"damage_healed":0.0,"max_hp_gain":0.0,"max_hp_loss":0.0,"gold_gain":0.0,"event_name":"Mysterious Sphere","player_choice":"Fight","floor":37.0,"gold_loss":0.0,"damage_taken":0.0},{"damage_healed":0.0,"max_hp_gain":0.0,"max_hp_loss":0.0,"gold_gain":0.0,"event_name":"Tomb of Lord Red Mask","player_choice":"Paid","floor":38.0,"gold_loss":14.0,"damage_taken":0.0,"relics_obtained":["Red Mask"]},{"damage_healed":0.0,"max_hp_gain":0.0,"max_hp_loss":0.0,"gold_gain":0.0,"event_name":"Winding Halls","player_choice":"Embrace Madness","floor":39.0,"gold_loss":0.0,"damage_taken":12.0,"cards_obtained":["Madness","Madness"]},{"cards_removed":["Metallicize"],"damage_healed":0.0,"max_hp_gain":0.0,"max_hp_loss":0.0,"gold_gain":0.0,"event_name":"Falling","player_choice":"Removed Power","floor":44.0,"gold_loss":0.0,"damage_taken":0.0}],"is_beta":false,"boss_relics":[{"not_picked":["Runic Dome","Black Star"],"picked":"Ectoplasm"},{"not_picked":["Runic Cube","Cursed Key"],"picked":"Velvet Choker"}],"items_purged_floors":[24],"is_endless":false,"potions_floor_spawned":[7,11,14,16,18,25,33,35,37,41,45,46,54],"ascension_level":0}