{"gold_per_floor":[211,211,230,243,243,243,268,57,136,148,178,178,194,212,212,212],"floor_reached":16,"playtime":819,"items_purged":[],"score":204,"play_id":"3575c8ca-bcef-4da4-824e-9940423ced46","local_time":"20190920025807","is_ascension_mode":true,"campfire_choices":[{"data":"Bash","floor":6.0,"key":"SMITH"},{"data":"Rampage","floor":12.0,"key":"SMITH"},{"data":"True Grit","floor":15.0,"key":"SMITH"}],"neow_cost":"NONE","seed_source_timestamp":215392417252208,"circlet_count":0,"master_deck":["AscendersBane","Strike_R","Strike_R","Strike_R","Strike_R","Strike_R","Defend_R","Defend_R","Defend_R","Defend_R","Bash+1","Clothesline+1","Inflame","Rampage+1","True Grit","Pommel Strike","True Grit+1","Spot Weakness"],"special_seed":0,"relics":["Burning Blood","Strawberry","Orichalcum","Self Forming Clay"],"potions_floor_usage":[],"damage_taken":[{"damage":12.0,"enemies":"Small Slimes","floor":1.0,"turns":4.0},{"damage":12.0,"enemies":"Jaw Worm","floor":3.0,"turns":5.0},{"damage":1.0,"enemies":"Cultist","floor":4.0,"turns":3.0},{"damage":30.0,"enemies":"Lagavulin","floor":7.0,"turns":6.0},{"damage":9.0,"enemies":"2 Fungi Beasts","floor":10.0,"turns":3.0},{"damage":15.0,"enemies":"Exordium Wildlife","floor":13.0,"turns":4.0},{"damage":0.0,"enemies":"3 Louse","floor":14.0,"turns":1.0},{"damage":41,"enemies":"Slime Boss","floor":16,"turns":10}],"seed_played":"7715346195975406829","potions_obtained":[{"floor":7.0,"key":"Energy Potion"},{"floor":10.0,"key":"Explosive Potion"}],"is_trial":false,"path_per_floor":["M","$","M","M","?","R","E","$","T","M","?","R","M","M","R","B"],"character_chosen":"IRONCLAD","items_purchased":["Orichalcum","True Grit"],"campfire_rested":0,"item_purchase_floors":[8,8],"current_hp_per_floor":[62,62,56,61,61,61,44,44,44,41,41,41,32,38,38,0],"gold":212,"neow_bonus":"HUNDRED_GOLD","is_prod":false,"is_daily":false,"chose_seed":false,"campfire_upgraded":3,"win_rate":0,"timestamp":1568973487,"path_taken":["M","$","M","M","?","R","E","$","T","M","?","R","?","M","R","BOSS"],"build_version":"2019-07-17","purchased_purges":0,"victory":false,"max_hp_per_floor":[75,75,75,75,75,75,82,82,82,82,82,82,82,82,82,82],"card_choices":[{"not_picked":["Iron Wave","Cleave"],"picked":"Clothesline","floor":1.0},{"not_picked":["Havoc","Anger"],"picked":"Inflame","floor":3.0},{"not_picked":["Anger","Warcry","Dual Wield"],"picked":"SKIP","floor":4.0},{"not_picked":["Blood for Blood","Fire Breathing"],"picked":"Rampage","floor":7.0},{"not_picked":["Bludgeon","Havoc"],"picked":"Pommel Strike","floor":10.0},{"not_picked":["Twin Strike","Fire Breathing"],"picked":"True Grit","floor":13.0},{"not_picked":["Twin Strike","Heavy Blade"],"picked":"Spot Weakness","floor":14.0}],"player_experience":1186558,"relics_obtained":[{"floor":7.0,"key":"Strawberry"},{"floor":9.0,"key":"Self Forming Clay"}],"event_choices":[{"damage_healed":0.0,"max_hp_gain":0.0,"max_hp_loss":0.0,"gold_gain":0.0,"event_name":"Living Wall","player_choice":"Grow","floor":5.0,"gold_loss":0.0,"damage_taken":0.0,"cards_upgraded":["Clothesline"]},{"damage_healed":0.0,"max_hp_gain":0.0,"max_hp_loss":0.0,"gold_gain":30.0,"event_name":"Dead Adventurer","player_choice":"Searched \u00272\u0027 times","floor":11.0,"gold_loss":0.0,"damage_taken":0.0}],"is_beta":false,"boss_relics":[],"items_purged_floors":[],"is_endless":false,"potions_floor_spawned":[7,10,13],"killed_by":"Slime Boss","ascension_level":20}