{"gold_per_floor":[112,127,127,141,151,151,182,182,182,214,232,232,232],"floor_reached":13,"playtime":727,"items_purged":[],"score":166,"play_id":"e1d21a9e-d327-4495-9bcb-d2b35f531ef1","local_time":"20190920043035","is_ascension_mode":true,"campfire_choices":[{"data":"Bash","floor":6,"key":"SMITH"},{"data":"Entrench","floor":8,"key":"SMITH"},{"data":"Limit Break","floor":12,"key":"SMITH"}],"neow_cost":"NONE","seed_source_timestamp":379978447576700,"circlet_count":0,"master_deck":["AscendersBane","Strike_R","Strike_R","Strike_R","Strike_R","Strike_R","Defend_R","Defend_R","Defend_R","Defend_R","Bash+1","Disarm","Heavy Blade","Ghostly Armor","Entrench+1","Limit Break+1"],"relics":["Burning Blood","Singing Bowl","Self Forming Clay","The Courier"],"potions_floor_usage":[7,7,7,7,10],"damage_taken":[{"damage":7,"enemies":"2 Louse","floor":1,"turns":4},{"damage":1,"enemies":"Cultist","floor":2,"turns":3},{"damage":3,"enemies":"Small Slimes","floor":4,"turns":4},{"damage":7,"enemies":"Red Slaver","floor":5,"turns":5},{"damage":32,"enemies":"Lagavulin","floor":7,"turns":9},{"damage":21,"enemies":"3 Sentries","floor":10,"turns":11},{"damage":7,"enemies":"Blue Slaver","floor":11,"turns":5},{"damage":56,"enemies":"Gremlin Nob","floor":13,"turns":6}],"seed_played":"-3679597909369425656","potions_obtained":[{"floor":2,"key":"SpeedPotion"},{"floor":3,"key":"EntropicBrew"},{"floor":7,"key":"Strength Potion"},{"floor":10,"key":"Explosive Potion"}],"is_trial":false,"path_per_floor":["M","M","?","M","M","R","E","R","T","E","M","R","E"],"character_chosen":"IRONCLAD","items_purchased":[],"campfire_rested":0,"item_purchase_floors":[],"current_hp_per_floor":[74,79,79,82,81,81,57,57,57,42,43,43,0],"gold":232,"neow_bonus":"TEN_PERCENT_HP_BONUS","is_prod":false,"is_daily":false,"chose_seed":false,"campfire_upgraded":3,"win_rate":0,"timestamp":1568925035,"path_taken":["M","M","?","M","?","R","E","R","T","E","M","R","E"],"build_version":"2019-07-17","purchased_purges":0,"victory":false,"max_hp_per_floor":[82,82,82,82,82,82,84,84,84,84,86,86,86],"card_choices":[{"not_picked":["Anger","Sever Soul"],"picked":"Disarm","floor":1},{"not_picked":["Corruption","Thunderclap"],"picked":"Heavy Blade","floor":2},{"not_picked":["Iron Wave","Sword Boomerang"],"picked":"Ghostly Armor","floor":4},{"not_picked":["Sword Boomerang","Clothesline"],"picked":"Entrench","floor":5},{"not_picked":["Sentinel","Sword Boomerang","Warcry"],"picked":"Singing Bowl","floor":7},{"not_picked":["Thunderclap","Anger"],"picked":"Limit Break","floor":10},{"not_picked":["Body Slam","Entrench","Sword Boomerang"],"picked":"Singing Bowl","floor":11}],"player_experience":641796,"relics_obtained":[{"floor":7,"key":"Singing Bowl"},{"floor":9,"key":"Self Forming Clay"},{"floor":10,"key":"The Courier"}],"event_choices":[{"damage_healed":0,"gold_gain":0,"player_choice":"Got Potions","damage_taken":0,"max_hp_gain":0,"max_hp_loss":0,"event_name":"Lab","floor":3,"gold_loss":0}],"is_beta":false,"boss_relics":[],"items_purged_floors":[],"is_endless":false,"potions_floor_spawned":[2,7,10],"killed_by":"Gremlin Nob","ascension_level":15}