{"gold_per_floor":[13,163,181,15,15,41,58,109,132,57,77,90,90,104,104,183,183,198,211,261,461,479,328,328,328,328,355,373,373,373,386,386,460,460,476,576,576,576,28,28,48,48,48,48,48,64,81,98,98,98],"floor_reached":51,"playtime":3586,"items_purged":["Doubt","Strike_G"],"score":1191,"play_id":"a77b3f8b-46c1-4fdc-ab6e-85c2d2e029fc","local_time":"20190409033732","is_ascension_mode":true,"campfire_choices":[{"data":"Neutralize","floor":13.0,"key":"SMITH"},{"data":"After Image","floor":15.0,"key":"SMITH"},{"data":"Caltrops","floor":24.0,"key":"SMITH"},{"floor":29.0,"key":"REST"},{"floor":32.0,"key":"REST"},{"data":"Malaise","floor":40.0,"key":"SMITH"},{"data":"Leg Sweep","floor":42.0,"key":"SMITH"},{"data":"Concentrate","floor":44.0,"key":"SMITH"},{"floor":49,"key":"REST"}],"neow_cost":"NO_GOLD","seed_source_timestamp":343331661746021,"circlet_count":0,"master_deck":["AscendersBane","Defend_G","Defend_G","Defend_G","Defend_G","Defend_G","Strike_G","Survivor","Neutralize+1","Venomology","Caltrops+1","Infinite Blades","Dagger Throw","Predator","Dagger Spray","After Image+1","Infinite Blades","Leg Sweep+1","After Image","Dodge and Roll+1","Backflip","Malaise+1","Concentrate+1","Predator"],"special_seed":0,"relics":["Ring of the Snake","Vajra","Happy Flower","Busted Crown","Gremlin Horn","Bottled Lightning","Snecko Eye","Tough Bandages","Ice Cream","DollysMirror","Frozen Egg 2"],"potions_floor_usage":[46,47,47,47,48,50,50,50],"damage_taken":[{"damage":11.0,"enemies":"Jaw Worm","floor":1.0,"turns":9.0},{"damage":4.0,"enemies":"Small Slimes","floor":3.0,"turns":5.0},{"damage":19.0,"enemies":"3 Sentries","floor":6.0,"turns":7.0},{"damage":1.0,"enemies":"Cultist","floor":7.0,"turns":4.0},{"damage":1.0,"enemies":"Looter","floor":11.0,"turns":4.0},{"damage":3.0,"enemies":"Gremlin Gang","floor":12.0,"turns":5.0},{"damage":0.0,"enemies":"2 Fungi Beasts","floor":14.0,"turns":4.0},{"damage":18.0,"enemies":"The Guardian","floor":16.0,"turns":13.0},{"damage":0.0,"enemies":"3 Byrds","floor":18.0,"turns":4.0},{"damage":0.0,"enemies":"Shell Parasite","floor":19.0,"turns":6.0},{"damage":3.0,"enemies":"Snecko","floor":22.0,"turns":7.0},{"damage":25.0,"enemies":"Slavers","floor":27.0,"turns":6.0},{"damage":9.0,"enemies":"3 Cultists","floor":28.0,"turns":6.0},{"damage":2.0,"enemies":"Centurion and Healer","floor":31.0,"turns":8.0},{"damage":20.0,"enemies":"Collector","floor":33.0,"turns":17.0},{"damage":8.0,"enemies":"3 Shapes","floor":35.0,"turns":4.0},{"damage":12.0,"enemies":"Mind Bloom Boss Battle","floor":36.0,"turns":9.0},{"damage":0.0,"enemies":"Orb Walker","floor":41.0,"turns":5.0},{"damage":5,"enemies":"3 Darklings","floor":46,"turns":8},{"damage":21,"enemies":"4 Shapes","floor":47,"turns":10},{"damage":0,"enemies":"Jaw Worm Horde","floor":48,"turns":5},{"damage":32,"enemies":"Awakened One","floor":50,"turns":22}],"seed_played":"7745851017367691037","potions_obtained":[{"floor":1.0,"key":"Weak Potion"},{"floor":12.0,"key":"Fruit Juice"},{"floor":16.0,"key":"Dexterity Potion"},{"floor":22.0,"key":"FearPotion"},{"floor":27.0,"key":"Poison Potion"},{"floor":35.0,"key":"Explosive Potion"},{"floor":47,"key":"Explosive Potion"},{"floor":48,"key":"Strength Potion"}],"is_trial":false,"path_per_floor":["M","?","M","$","?","E","M","?","T","?","M","M","R","M","R","B",null,"M","M","?","?","M","$","R","?","T","E","M","R","?","M","R","B",null,"M","?","?","?","$","R","M","R","T","R","?","M","M","M","R","B",null],"character_chosen":"THE_SILENT","items_purchased":["Predator","Dagger Spray","Backflip","Ice Cream","DollysMirror"],"campfire_rested":3,"item_purchase_floors":[4,4,23,39,39],"current_hp_per_floor":[48,48,44,44,49,30,29,29,29,29,28,30,30,30,30,12,60,60,60,60,60,57,57,57,50,50,25,16,38,38,36,58,38,67,59,47,47,47,47,47,47,47,47,47,47,42,21,21,42,10],"gold":98,"neow_bonus":"TRANSFORM_TWO_CARDS","is_prod":false,"is_daily":false,"chose_seed":false,"campfire_upgraded":6,"win_rate":0,"timestamp":1554806252,"path_taken":["M","?","M","$","?","E","M","?","T","?","M","M","R","M","R","BOSS","M","M","?","?","?","$","R","?","T","E","?","R","?","M","R","BOSS","M","?","?","?","$","R","M","R","T","R","?","M","M","M","R","BOSS"],"build_version":"2019-01-23","purchased_purges":2,"victory":true,"max_hp_per_floor":[66,66,66,66,71,71,71,71,71,71,71,76,76,76,76,76,76,76,76,76,76,76,76,76,76,76,76,76,76,76,76,76,76,76,76,76,72,72,72,72,72,72,72,72,72,72,72,72,72,72],"card_choices":[{"not_picked":["Distraction","Sucker Punch"],"picked":"Infinite Blades","floor":1.0},{"not_picked":["Deadly Poison","Distraction"],"picked":"Dagger Throw","floor":3.0},{"not_picked":["Finisher","Bane"],"picked":"After Image","floor":6.0},{"not_picked":["Concentrate","Skewer"],"picked":"Infinite Blades","floor":7.0},{"not_picked":["Catalyst","Endless Agony"],"picked":"Leg Sweep","floor":11.0},{"not_picked":["Sucker Punch","Riddle With Holes","Infinite Blades"],"picked":"SKIP","floor":12.0},{"not_picked":["Sucker Punch","Predator","Distraction"],"picked":"SKIP","floor":14.0},{"not_picked":["A Thousand Cuts","Envenom"],"picked":"After Image","floor":16.0},{"not_picked":["Flying Knee"],"picked":"SKIP","floor":18.0},{"not_picked":[],"picked":"Dodge and Roll+1","floor":19.0},{"not_picked":["Endless Agony"],"picked":"SKIP","floor":22.0},{"not_picked":["Dagger Throw+1"],"picked":"SKIP","floor":27.0},{"not_picked":["Eviscerate"],"picked":"SKIP","floor":28.0},{"not_picked":["Eviscerate"],"picked":"SKIP","floor":31.0},{"not_picked":[],"picked":"Malaise","floor":33.0},{"not_picked":["Concentrate"],"picked":"SKIP","floor":35.0},{"not_picked":[],"picked":"Concentrate","floor":35.0},{"not_picked":["Reflex"],"picked":"SKIP","floor":41.0},{"not_picked":["Bane"],"picked":"SKIP","floor":46},{"not_picked":["Deflect"],"picked":"SKIP","floor":47},{"not_picked":["Acrobatics+1"],"picked":"SKIP","floor":48}],"player_experience":988835,"relics_obtained":[{"floor":6.0,"key":"Vajra"},{"floor":9.0,"key":"Happy Flower"},{"floor":26.0,"key":"Gremlin Horn"},{"floor":27.0,"key":"Bottled Lightning"},{"floor":36.0,"key":"Tough Bandages"},{"floor":43.0,"key":"Frozen Egg 2"}],"event_choices":[{"damage_healed":0.0,"max_hp_gain":0.0,"max_hp_loss":0.0,"gold_gain":150.0,"event_name":"Liars Game","player_choice":"AGREE","floor":2.0,"gold_loss":0.0,"damage_taken":0.0,"cards_obtained":["Doubt"]},{"damage_healed":0.0,"max_hp_gain":5.0,"max_hp_loss":0.0,"gold_gain":0.0,"event_name":"Big Fish","player_choice":"Donut","floor":5.0,"gold_loss":0.0,"damage_taken":0.0},{"damage_healed":0.0,"max_hp_gain":0.0,"max_hp_loss":0.0,"gold_gain":51.0,"event_name":"Golden Wing","player_choice":"Gained Gold","floor":8.0,"gold_loss":0.0,"damage_taken":0.0},{"cards_removed":["Strike_G"],"damage_healed":0.0,"max_hp_gain":0.0,"max_hp_loss":0.0,"gold_gain":0.0,"event_name":"The Cleric","player_choice":"Card Removal","floor":10.0,"gold_loss":75.0,"damage_taken":0.0},{"damage_healed":0.0,"max_hp_gain":0.0,"max_hp_loss":0.0,"gold_gain":50.0,"event_name":"Nest","player_choice":"Stole From Cult","floor":20.0,"gold_loss":0.0,"damage_taken":0.0},{"damage_healed":0.0,"max_hp_gain":0.0,"max_hp_loss":0.0,"gold_gain":250.0,"event_name":"The Joust","player_choice":"Bet on Owner","floor":21.0,"gold_loss":50.0,"damage_taken":0.0},{"damage_healed":0.0,"max_hp_gain":0.0,"max_hp_loss":0.0,"gold_gain":0.0,"event_name":"Knowing Skull","player_choice":"","floor":25.0,"potions_obtained":[],"gold_loss":0.0,"damage_taken":7.0,"cards_obtained":[]},{"damage_healed":0.0,"max_hp_gain":0.0,"max_hp_loss":0.0,"gold_gain":0.0,"event_name":"Vampires","player_choice":"Ignored","floor":30.0,"gold_loss":0.0,"damage_taken":0.0},{"damage_healed":0.0,"max_hp_gain":0.0,"max_hp_loss":0.0,"gold_gain":0.0,"event_name":"MindBloom","player_choice":"Fight","floor":36.0,"gold_loss":0.0,"damage_taken":0.0},{"damage_healed":0.0,"max_hp_gain":0.0,"max_hp_loss":4.0,"gold_gain":0.0,"event_name":"Winding Halls","player_choice":"Max HP","floor":37.0,"gold_loss":0.0,"damage_taken":0.0},{"damage_healed":0.0,"max_hp_gain":0.0,"max_hp_loss":0.0,"gold_gain":0.0,"event_name":"Tomb of Lord Red Mask","player_choice":"Ignored","floor":38.0,"gold_loss":0.0,"damage_taken":0.0},{"damage_healed":0,"gold_gain":0,"player_choice":"Ignored","damage_taken":0,"max_hp_gain":0,"max_hp_loss":0,"event_name":"Mysterious Sphere","floor":45,"gold_loss":0}],"is_beta":false,"boss_relics":[{"not_picked":["Tiny House","Sozu"],"picked":"Busted Crown"},{"not_picked":["Eternal Feather","Coffee Dripper"],"picked":"Snecko Eye"}],"items_purged_floors":[4,23],"is_endless":false,"potions_floor_spawned":[1,12,16,18,22,27,35,47,48],"ascension_level":17}