{"gold_per_floor":[18,35,35,210,135,162,70,84,84,49,62,81,81,96,96,199,199,212,225,225,225,225,251,268,54,54,64,90,104,115,215,215,313,313,325,325,75,88,111,111,123,138,188,188,199,0,10,24,24,24],"floor_reached":51,"playtime":4254,"items_purged":["Doubt"],"score":668,"play_id":"eaf780b5-5a79-47fa-b019-62894b771f90","local_time":"20181226152816","is_ascension_mode":false,"campfire_choices":[{"data":"After Image","floor":13,"key":"SMITH"},{"data":"Leg Sweep","floor":15,"key":"SMITH"},{"data":"Terror","floor":32,"key":"SMITH"},{"data":"Footwork","floor":44,"key":"SMITH"},{"data":"Malaise","floor":49,"key":"SMITH"}],"neow_cost":"NO_GOLD","seed_source_timestamp":430379327919172,"circlet_count":0,"master_deck":["Defend_G","Defend_G+1","Defend_G","Defend_G","Survivor","Neutralize+1","Catalyst","Backflip","After Image+1","Leg Sweep+1","PiercingWail","Dagger Spray","Heel Hook","Acrobatics","Malaise+1","Well Laid Plans+1","Dagger Spray+1","Bite","Bite","Bite","Bite","Bite","Terror+1","Footwork+1","Predator","Poisoned Stab","Catalyst+1","Poisoned Stab","Backstab+1","Burst","Bullet Time","Blur","Flying Knee+1","Footwork+1"],"relics":["Ring of the Snake","Torii","Omamori","Matryoshka","Coffee Dripper","Letter Opener","Orichalcum","Bottled Flame","Bottled Lightning","PreservedInsect","The Specimen","Sundial","Velvet Choker","Dodecahedron","Regal Pillow","Dream Catcher","WarpedTongs","Smiling Mask","Red Mask"],"potions_floor_usage":[16,50,50],"damage_taken":[{"damage":0,"enemies":"Small Slimes","floor":1,"turns":6},{"damage":0,"enemies":"Jaw Worm","floor":2,"turns":8},{"damage":47,"enemies":"Gremlin Nob","floor":6,"turns":7},{"damage":0,"enemies":"2 Louse","floor":8,"turns":4},{"damage":0,"enemies":"Blue Slaver","floor":11,"turns":6},{"damage":1,"enemies":"3 Louse","floor":12,"turns":4},{"damage":0,"enemies":"Looter","floor":14,"turns":4},{"damage":2,"enemies":"The Guardian","floor":16,"turns":24},{"damage":0,"enemies":"Chosen","floor":18,"turns":8},{"damage":1,"enemies":"Shell Parasite","floor":19,"turns":10},{"damage":16,"enemies":"Slavers","floor":23,"turns":7},{"damage":2,"enemies":"Snake Plant","floor":24,"turns":6},{"damage":2,"enemies":"Chosen and Byrds","floor":27,"turns":7},{"damage":5,"enemies":"Gremlin Leader","floor":28,"turns":6},{"damage":0,"enemies":"Centurion and Healer","floor":29,"turns":7},{"damage":2,"enemies":"Snake Plant","floor":30,"turns":6},{"damage":10,"enemies":"Colosseum Slavers","floor":31,"turns":5},{"damage":15,"enemies":"Colosseum Nobs","floor":31,"turns":5},{"damage":40,"enemies":"Automaton","floor":33,"turns":13},{"damage":9,"enemies":"3 Darklings","floor":35,"turns":5},{"damage":0,"enemies":"3 Shapes","floor":38,"turns":4},{"damage":8,"enemies":"Writhing Mass","floor":41,"turns":6},{"damage":5,"enemies":"Sphere and 2 Shapes","floor":42,"turns":5},{"damage":12,"enemies":"Jaw Worm Horde","floor":45,"turns":5},{"damage":9,"enemies":"3 Darklings","floor":47,"turns":4},{"damage":0,"enemies":"Maw","floor":48,"turns":8},{"damage":18,"enemies":"Time Eater","floor":50,"turns":17}],"seed_played":"8808707508882940022","potions_obtained":[{"floor":1,"key":"GamblersBrew"},{"floor":11,"key":"Poison Potion"},{"floor":12,"key":"SpeedPotion"},{"floor":16,"key":"GhostInAJar"},{"floor":18,"key":"Block Potion"}],"is_trial":false,"path_per_floor":["M","M","?","?","$","E","$","M","T","?","M","M","R","M","R","B",null,"M","M","?","?","?","E","M","$","T","M","E","M","M","?","R","B",null,"M","?","$","M","T","?","M","M","T","R","M","?","M","M","R","B",null],"character_chosen":"THE_SILENT","items_purchased":["Leg Sweep","PiercingWail","Orichalcum","Predator","Dodecahedron"],"campfire_rested":0,"item_purchase_floors":[7,7,25,25,37],"current_hp_per_floor":[70,70,56,56,56,9,9,9,9,26,26,25,25,25,25,23,70,70,69,49,42,42,42,54,54,54,54,54,54,53,43,43,35,54,51,51,51,54,54,54,54,53,53,53,49,49,43,54,54,54],"gold":24,"neow_bonus":"ONE_RARE_RELIC","is_prod":false,"is_daily":false,"chose_seed":false,"campfire_upgraded":5,"win_rate":0,"timestamp":1545830896,"path_taken":["M","M","?","?","$","E","$","M","T","?","M","M","R","M","R","BOSS","M","M","?","?","?","E","M","$","T","?","E","M","M","?","R","BOSS","M","?","$","?","?","?","M","M","T","R","?","?","M","M","R","BOSS"],"build_version":"2018-12-20","purchased_purges":1,"victory":true,"max_hp_per_floor":[70,70,70,70,70,70,70,70,70,70,70,70,70,70,70,70,70,70,70,49,54,54,54,54,54,54,54,54,54,54,54,54,54,54,54,54,54,54,54,54,54,54,54,54,54,54,54,54,54,54],"card_choices":[{"not_picked":["Masterful Stab","Deflect"],"picked":"Catalyst","floor":1},{"not_picked":["Catalyst","Outmaneuver"],"picked":"Backflip","floor":2},{"not_picked":["Backflip","Acrobatics"],"picked":"After Image","floor":6},{"not_picked":["Choke","Masterful Stab","Underhanded Strike"],"picked":"SKIP","floor":8},{"not_picked":["Flying Knee","Dodge and Roll"],"picked":"Dagger Spray","floor":11},{"not_picked":["Riddle With Holes","Blade Dance"],"picked":"Heel Hook","floor":12},{"not_picked":["Eviscerate","Bane"],"picked":"Acrobatics","floor":14},{"not_picked":["Wraith Form v2","Glass Knife"],"picked":"Malaise","floor":16},{"not_picked":["Flechettes","Dagger Spray"],"picked":"Well Laid Plans+1","floor":18},{"not_picked":["Backstab+1","Sucker Punch+1"],"picked":"Dagger Spray+1","floor":19},{"not_picked":["Adrenaline","Well Laid Plans","Underhanded Strike"],"picked":"SKIP","floor":23},{"not_picked":["Adrenaline","Well Laid Plans","Underhanded Strike"],"picked":"SKIP","floor":23},{"not_picked":["Flying Knee","All Out Attack"],"picked":"Footwork","floor":24},{"not_picked":["Blade Dance","Dodge and Roll"],"picked":"Poisoned Stab","floor":27},{"not_picked":["Deflect+1","Underhanded Strike+1","Dagger Throw"],"picked":"SKIP","floor":28},{"not_picked":["Dodge and Roll","Poisoned Stab+1"],"picked":"Catalyst+1","floor":29},{"not_picked":["Slice","Tactician+1"],"picked":"Poisoned Stab","floor":30},{"not_picked":["Terror","Choke"],"picked":"Backstab+1","floor":31},{"not_picked":["Glass Knife","Die Die Die"],"picked":"Burst","floor":33},{"not_picked":["Escape Plan+1","PiercingWail+1","Underhanded Strike"],"picked":"SKIP","floor":35},{"not_picked":["Backflip","Infinite Blades","Eviscerate"],"picked":"SKIP","floor":38},{"not_picked":["Outmaneuver+1","Flying Knee+1"],"picked":"Blur","floor":41},{"not_picked":["PiercingWail","Quick Slash"],"picked":"Flying Knee+1","floor":42},{"not_picked":["Acrobatics","Dagger Spray+1"],"picked":"Footwork+1","floor":45},{"not_picked":["Catalyst","Unload","Flying Knee"],"picked":"SKIP","floor":47},{"not_picked":["All Out Attack+1","Blur","Eviscerate"],"picked":"SKIP","floor":48}],"player_experience":18973,"relics_obtained":[{"floor":6,"key":"Omamori"},{"floor":9,"key":"Matryoshka"},{"floor":23,"key":"Letter Opener"},{"floor":26,"key":"Bottled Flame"},{"floor":26,"key":"Bottled Lightning"},{"floor":28,"key":"PreservedInsect"},{"floor":31,"key":"The Specimen"},{"floor":31,"key":"Sundial"},{"floor":39,"key":"Regal Pillow"},{"floor":39,"key":"Dream Catcher"},{"floor":43,"key":"Smiling Mask"}],"event_choices":[{"damage_healed":0,"gold_gain":0,"player_choice":"Entered Light","damage_taken":14,"max_hp_gain":0,"max_hp_loss":0,"event_name":"Shining Light","floor":3,"gold_loss":0,"cards_upgraded":["Neutralize","Defend_G"]},{"damage_healed":0,"gold_gain":175,"player_choice":"AGREE","damage_taken":0,"max_hp_gain":0,"max_hp_loss":0,"event_name":"Liars Game","floor":4,"gold_loss":0,"cards_obtained":["Doubt"]},{"damage_healed":17,"gold_gain":0,"player_choice":"Healed","damage_taken":0,"max_hp_gain":0,"max_hp_loss":0,"event_name":"The Cleric","floor":10,"gold_loss":35},{"damage_healed":0,"gold_gain":0,"player_choice":"Became a vampire","damage_taken":0,"max_hp_gain":0,"max_hp_loss":21,"event_name":"Vampires","floor":20,"gold_loss":0,"cards_obtained":["Bite","Bite","Bite","Bite","Bite"]},{"damage_healed":0,"gold_gain":0,"player_choice":"Shed Blood","damage_taken":12,"max_hp_gain":5,"max_hp_loss":0,"event_name":"Forgotten Altar","floor":21,"gold_loss":0},{"damage_healed":0,"gold_gain":0,"player_choice":"1 cards matched","damage_taken":0,"max_hp_gain":0,"max_hp_loss":0,"event_name":"Match and Keep!","floor":22,"gold_loss":0,"cards_obtained":["Terror"]},{"damage_healed":0,"gold_gain":0,"player_choice":"Fight","damage_taken":0,"max_hp_gain":0,"max_hp_loss":0,"event_name":"Colosseum","floor":31,"gold_loss":0},{"damage_healed":0,"gold_gain":0,"player_choice":"Fought Nobs","damage_taken":0,"max_hp_gain":0,"max_hp_loss":0,"event_name":"Colosseum","floor":31,"gold_loss":0},{"damage_healed":0,"gold_gain":0,"cards_transformed":["Defend_G"],"player_choice":"Transformed","damage_taken":0,"max_hp_gain":0,"max_hp_loss":0,"event_name":"Transmorgrifier","floor":36,"gold_loss":0,"cards_obtained":["Bullet Time"]},{"damage_healed":0,"gold_gain":0,"player_choice":"Rummage","damage_taken":0,"relics_obtained":["WarpedTongs"],"max_hp_gain":0,"max_hp_loss":0,"event_name":"Accursed Blacksmith","floor":40,"gold_loss":0,"cards_obtained":["Pain"]},{"damage_healed":0,"gold_gain":0,"player_choice":"Paid","damage_taken":0,"relics_obtained":["Red Mask"],"max_hp_gain":0,"max_hp_loss":0,"event_name":"Tomb of Lord Red Mask","floor":46,"gold_loss":199}],"is_beta":false,"boss_relics":[{"not_picked":["White Beast Statue","Empty Cage"],"picked":"Coffee Dripper"},{"not_picked":["Lizard Tail","Tiny House"],"picked":"Velvet Choker"}],"items_purged_floors":[5],"is_endless":false,"potions_floor_spawned":[1,11,12,14,16,18,19,23,27,29,33,41,42],"ascension_level":0}