{"gold_per_floor":[111,186,186,361,381,381,394,394,394,428,456,421,76,88,88,159,159,179,179,12,30,50,50,0,0,23,23,23,4,35,52,52,131,131,151,21,32,12,30,30],"floor_reached":40,"playtime":1245,"items_purged":["Doubt"],"score":683,"play_id":"b8a4dcd1-f5a9-4bff-b95b-3e1166e5db61","local_time":"20190131231852","is_ascension_mode":true,"campfire_choices":[{"data":"Zap","floor":6,"key":"SMITH"},{"data":"Ball Lightning","floor":8,"key":"SMITH"},{"floor":15,"key":"REST"},{"data":"Storm","floor":23,"key":"SMITH"},{"data":"Reinforced Body","floor":25,"key":"SMITH"},{"data":"Conserve Battery","floor":27,"key":"SMITH"},{"floor":32,"key":"REST"}],"neow_cost":"NONE","seed_source_timestamp":903753994747897,"circlet_count":0,"master_deck":["AscendersBane","Zap+1","Dualcast+1","Sweeping Beam","Ball Lightning+1","Ball Lightning","Cold Snap","Stack","Go for the Eyes","BootSequence","Core Surge","Barrage","Storm+1","BootSequence","White Noise","Self Repair","Static Discharge","Rip and Tear","Aggregate","Capacitor","Reinforced Body+1","Conserve Battery+1","Storm+1","Leap","Coolheaded","Biased Cognition","Coolheaded","Defragment","Conserve Battery"],"relics":["Cracked Core","The Courier","Bird Faced Urn","Odd Mushroom","Torii","Pandora\u0027s Box","Membership Card","Bronze Scales","Happy Flower","Inserter","Matryoshka"],"potions_floor_usage":[10,16,31,33,33,40],"damage_taken":[{"damage":1,"enemies":"Cultist","floor":1,"turns":3},{"damage":0,"enemies":"Small Slimes","floor":5,"turns":3},{"damage":0,"enemies":"2 Louse","floor":7,"turns":2},{"damage":30,"enemies":"3 Sentries","floor":10,"turns":5},{"damage":13,"enemies":"The Mushroom Lair","floor":11,"turns":3},{"damage":21,"enemies":"Exordium Thugs","floor":14,"turns":4},{"damage":26,"enemies":"The Guardian","floor":16,"turns":10},{"damage":21,"enemies":"Shell Parasite","floor":18,"turns":4},{"damage":18,"enemies":"3 Byrds","floor":21,"turns":5},{"damage":20,"enemies":"Centurion and Healer","floor":22,"turns":7},{"damage":35,"enemies":"Gremlin Leader","floor":30,"turns":5},{"damage":12,"enemies":"Sentry and Sphere","floor":31,"turns":4},{"damage":32,"enemies":"Automaton","floor":33,"turns":8},{"damage":28,"enemies":"3 Darklings","floor":35,"turns":3},{"damage":8,"enemies":"3 Shapes","floor":37,"turns":4},{"damage":54,"enemies":"Jaw Worm Horde","floor":39,"turns":5},{"damage":40,"enemies":"Nemesis","floor":40,"turns":4}],"seed_played":"3382208732540595242","potions_obtained":[{"floor":1,"key":"SteroidPotion"},{"floor":11,"key":"SpeedPotion"},{"floor":14,"key":"SteroidPotion"},{"floor":16,"key":"Explosive Potion"},{"floor":19,"key":"FocusPotion"},{"floor":19,"key":"Block Potion"},{"floor":31,"key":"EssenceOfSteel"},{"floor":35,"key":"SteroidPotion"},{"floor":39,"key":"SpeedPotion"}],"is_trial":false,"path_per_floor":["M","?","?","?","M","R","M","R","T","E","?","?","$","M","R","B",null,"M","?","$","M","M","R","?","R","T","R","?","$","E","M","R","B",null,"M","$","M","$","M","E"],"character_chosen":"DEFECT","items_purchased":["Torii","Go for the Eyes","Membership Card","Capacitor","Leap","Matryoshka","Defragment","Dexterity Potion"],"campfire_rested":2,"item_purchase_floors":[13,13,20,20,29,36,36,38],"current_hp_per_floor":[63,52,57,57,57,57,57,57,57,27,14,33,33,12,34,8,59,53,53,53,52,49,49,49,49,49,49,49,49,33,38,60,47,69,49,49,58,58,25,0],"gold":30,"neow_bonus":"UPGRADE_CARD","is_prod":false,"is_daily":false,"chose_seed":false,"campfire_upgraded":5,"win_rate":0,"timestamp":1548969532,"path_taken":["M","?","?","?","?","R","M","R","T","E","?","?","?","M","R","BOSS","M","?","$","?","?","R","?","R","T","R","?","$","E","M","R","BOSS","M","$","M","$","M","E"],"build_version":"2019-01-23","purchased_purges":1,"victory":false,"max_hp_per_floor":[71,71,76,76,76,76,76,76,76,76,76,76,76,76,76,76,76,76,76,76,76,76,76,76,76,76,76,76,76,76,76,76,76,76,76,76,76,76,76,76],"card_choices":[{"not_picked":["Steam","Storm"],"picked":"Sweeping Beam","floor":1},{"not_picked":["FTL","Barrage"],"picked":"Ball Lightning","floor":5},{"not_picked":["Beam Cell","Fusion"],"picked":"Ball Lightning","floor":7},{"not_picked":["Redo","Thunder Strike"],"picked":"Cold Snap","floor":10},{"not_picked":["Skim","Sunder"],"picked":"Stack","floor":11},{"not_picked":["Redo","Cold Snap"],"picked":"BootSequence","floor":14},{"not_picked":["Amplify","Hyperbeam"],"picked":"Core Surge","floor":16},{"not_picked":["Force Field","Gash","Rip and Tear"],"picked":"SKIP","floor":18},{"not_picked":["Sunder","Self Repair"],"picked":"Reinforced Body","floor":21},{"not_picked":["Chaos","Capacitor"],"picked":"Conserve Battery","floor":22},{"not_picked":["Gash","Barrage","Stack"],"picked":"SKIP","floor":30},{"not_picked":["Gash","Chill"],"picked":"Coolheaded","floor":31},{"not_picked":["All For One","Reboot"],"picked":"Biased Cognition","floor":33},{"not_picked":["Gash","Blizzard"],"picked":"Coolheaded","floor":35},{"not_picked":["Redo","Stack","Coolheaded"],"picked":"SKIP","floor":37},{"not_picked":["Redo","Lockon"],"picked":"Conserve Battery","floor":39}],"player_experience":161594,"relics_obtained":[{"floor":9,"key":"The Courier"},{"floor":10,"key":"Bird Faced Urn"},{"floor":11,"key":"Odd Mushroom"},{"floor":26,"key":"Bronze Scales"},{"floor":30,"key":"Happy Flower"}],"event_choices":[{"damage_healed":0,"gold_gain":75,"player_choice":"Gather Gold","damage_taken":11,"max_hp_gain":0,"max_hp_loss":0,"event_name":"World of Goop","floor":2,"gold_loss":0},{"damage_healed":0,"gold_gain":0,"player_choice":"Donut","damage_taken":0,"max_hp_gain":5,"max_hp_loss":0,"event_name":"Big Fish","floor":3,"gold_loss":0},{"damage_healed":0,"gold_gain":175,"player_choice":"AGREE","damage_taken":0,"max_hp_gain":0,"max_hp_loss":0,"event_name":"Liars Game","floor":4,"gold_loss":0,"cards_obtained":["Doubt"]},{"damage_healed":0,"gold_gain":0,"player_choice":"Fought Mushrooms","damage_taken":0,"max_hp_gain":0,"max_hp_loss":0,"event_name":"Mushrooms","floor":11,"gold_loss":0},{"damage_healed":19,"gold_gain":0,"player_choice":"Healed","damage_taken":0,"max_hp_gain":0,"max_hp_loss":0,"event_name":"The Cleric","floor":12,"gold_loss":35},{"damage_healed":0,"gold_gain":0,"player_choice":"Got Potions","damage_taken":0,"max_hp_gain":0,"max_hp_loss":0,"event_name":"Lab","floor":19,"gold_loss":0},{"damage_healed":0,"gold_gain":0,"player_choice":"Paid Fearfully","damage_taken":0,"max_hp_gain":0,"max_hp_loss":0,"event_name":"Masked Bandits","floor":24,"gold_loss":50},{"damage_healed":0,"gold_gain":0,"player_choice":"Copied","damage_taken":0,"max_hp_gain":0,"max_hp_loss":0,"event_name":"Duplicator","floor":28,"gold_loss":0,"cards_obtained":["Storm"]}],"is_beta":false,"boss_relics":[{"not_picked":["Nuclear Battery","Orrery"],"picked":"Pandora\u0027s Box"},{"not_picked":["Tiny House","Fusion Hammer"],"picked":"Inserter"}],"items_purged_floors":[13],"is_endless":false,"potions_floor_spawned":[1,11,14,16,18,22,30,31,35,39],"killed_by":"Nemesis","ascension_level":14}