{"gold_per_floor":[109,109,84,84,103,103,137,149,197,197,232,232,33,48,48,48],"floor_reached":16,"playtime":971,"items_purged":[],"score":135,"play_id":"25c81c04-b673-4532-8458-17a452b16f9b","local_time":"20181208015623","is_ascension_mode":true,"campfire_choices":[{"data":"Neutralize","floor":6,"key":"SMITH"},{"data":"Dash","floor":10,"key":"SMITH"},{"data":"Leg Sweep","floor":12,"key":"SMITH"},{"floor":15,"key":"REST"}],"neow_cost":"NONE","seed_source_timestamp":696648573333048,"circlet_count":0,"master_deck":["Defend_G","Defend_G","Defend_G","Defend_G","Defend_G","Strike_G","Strike_G","Strike_G","Strike_G","Strike_G","Survivor","Neutralize+1","Flying Knee","Dash+1","Blur","Doubt","Leg Sweep+1","Malaise"],"relics":["Cursed Key","PreservedInsect","Art of War","WingedGreaves","Sling"],"potions_floor_usage":[16],"damage_taken":[{"damage":0,"enemies":"Cultist","floor":1,"turns":5},{"damage":3,"enemies":"2 Louse","floor":5,"turns":3},{"damage":7,"enemies":"3 Sentries","floor":7,"turns":9},{"damage":0,"enemies":"Small Slimes","floor":8,"turns":3},{"damage":7,"enemies":"Gremlin Nob","floor":11,"turns":4},{"damage":0,"enemies":"2 Fungi Beasts","floor":14,"turns":4},{"damage":71,"enemies":"Hexaghost","floor":16,"turns":25}],"seed_played":"3691815860469471689","potions_obtained":[{"floor":1,"key":"Strength Potion"},{"floor":11,"key":"GamblersBrew"}],"is_trial":false,"path_per_floor":["M","?","$","?","M","R","E","M","T","R","E","R","$","M","R","B"],"character_chosen":"THE_SILENT","items_purchased":["Flying Knee","Sling"],"campfire_rested":1,"item_purchase_floors":[3,13],"current_hp_per_floor":[70,70,70,70,67,67,60,60,60,60,53,53,53,53,70,0],"gold":48,"neow_bonus":"BOSS_RELIC","is_prod":false,"is_daily":false,"chose_seed":false,"campfire_upgraded":3,"win_rate":0,"timestamp":1544252183,"path_taken":["M","?","$","?","?","R","E","M","T","R","E","R","$","?","R","BOSS"],"build_version":"2018-12-06","purchased_purges":0,"victory":false,"max_hp_per_floor":[70,70,70,70,70,70,70,70,70,70,70,70,70,70,70,70],"card_choices":[{"not_picked":["Prepared","PiercingWail","Deflect"],"picked":"SKIP","floor":1},{"not_picked":["Terror","Acrobatics"],"picked":"Dash","floor":5},{"not_picked":["Backstab","Acrobatics"],"picked":"Blur","floor":7},{"not_picked":["Calculated Gamble","Deflect","Riddle With Holes"],"picked":"SKIP","floor":8},{"not_picked":["Escape Plan","Expertise"],"picked":"Leg Sweep","floor":11},{"not_picked":["Underhanded Strike","Calculated Gamble"],"picked":"Malaise","floor":14}],"player_experience":233347,"relics_obtained":[{"floor":7,"key":"PreservedInsect"},{"floor":9,"key":"Art of War"},{"floor":11,"key":"WingedGreaves"}],"event_choices":[{"damage_healed":0,"gold_gain":0,"player_choice":"Leave","damage_taken":0,"max_hp_gain":0,"max_hp_loss":0,"event_name":"The Cleric","floor":2,"gold_loss":0},{"damage_healed":0,"gold_gain":0,"player_choice":"Bought 0 Potions","damage_taken":0,"max_hp_gain":0,"max_hp_loss":0,"event_name":"The Woman in Blue","floor":4,"gold_loss":0}],"is_beta":false,"boss_relics":[],"items_purged_floors":[],"is_endless":false,"potions_floor_spawned":[1,11],"killed_by":"Hexaghost","ascension_level":5}