{"gold_per_floor":[109,123,298,315,315,333,56,56,56,88,106,106,125,137,137,241,241,260,260,170,183,62,91,106,106,106,134,146,158,170,201,213,225],"floor_reached":33,"playtime":6612,"items_purged":["Doubt"],"score":269,"play_id":"42c80e7e-3c74-4721-8ae5-bd763499304b","local_time":"20190214133833","is_ascension_mode":false,"campfire_choices":[{"data":"Reprogram","floor":8.0,"key":"SMITH"},{"floor":15.0,"key":"REST"},{"floor":25,"key":"REST"},{"floor":29,"key":"REST"},{"data":"Buffer","floor":32,"key":"SMITH"}],"neow_cost":"NONE","seed_source_timestamp":0,"circlet_count":0,"master_deck":["Strike_B+1","Strike_B+1","Strike_B+1","Defend_B+1","Defend_B+1","Defend_B+1","Defend_B+1","Zap","Dualcast","Coolheaded","Hologram","Double Energy","Reprogram+1","Chill","Hologram","Lockon","Buffer+1","Auto Shields","Auto Shields","Skim","Stack","Turbo+1","Defragment+1","Gash+1","Gash","BootSequence","Chaos","Iron Wave"],"special_seed":0,"relics":["Cracked Core","Ice Cream","Blood Vial","Turnip","Darkstone Periapt","Orrery","MutagenicStrength","PreservedInsect","MawBank"],"potions_floor_usage":[23,23,31,33],"damage_taken":[{"damage":1.0,"enemies":"Jaw Worm","floor":1.0,"turns":3.0},{"damage":0.0,"enemies":"Small Slimes","floor":2.0,"turns":3.0},{"damage":1.0,"enemies":"Cultist","floor":4.0,"turns":4.0},{"damage":6.0,"enemies":"Looter","floor":6.0,"turns":3.0},{"damage":41.0,"enemies":"Lagavulin","floor":10.0,"turns":13.0},{"damage":1.0,"enemies":"Lots of Slimes","floor":11.0,"turns":9.0},{"damage":0.0,"enemies":"Exordium Wildlife","floor":13.0,"turns":8.0},{"damage":0.0,"enemies":"3 Louse","floor":14.0,"turns":5.0},{"damage":46.0,"enemies":"The Guardian","floor":16.0,"turns":14.0},{"damage":6.0,"enemies":"Shell Parasite","floor":18.0,"turns":20.0},{"damage":17.0,"enemies":"2 Thieves","floor":20.0,"turns":5.0},{"damage":6,"enemies":"Centurion and Healer","floor":21,"turns":16},{"damage":18,"enemies":"Slavers","floor":23,"turns":8},{"damage":15,"enemies":"Cultist and Chosen","floor":24,"turns":8},{"damage":0,"enemies":"Sentry and Sphere","floor":27,"turns":12},{"damage":18,"enemies":"3 Cultists","floor":31,"turns":8},{"damage":67,"enemies":"Automaton","floor":33,"turns":12}],"seed_played":"-3670938704691646087","potions_obtained":[{"floor":2.0,"key":"Swift Potion"},{"floor":13.0,"key":"EssenceOfSteel"},{"floor":16.0,"key":"FearPotion"},{"floor":18.0,"key":"LiquidBronze"},{"floor":24,"key":"Weak Potion"}],"is_trial":false,"path_per_floor":["M","M","?","M","?","M","$","R","T","E","M","?","M","M","R","B",null,"M","?","M","M","$","E","M","R","T","M","?","R","?","M","R","B"],"character_chosen":"DEFECT","items_purchased":["PowerPotion","Blood Vial","SkillPotion","Ancient Potion"],"campfire_rested":3,"item_purchase_floors":[7,7,22,22],"current_hp_per_floor":[81,81,81,80,80,74,74,74,74,35,36,36,38,40,64,20,82,76,76,61,57,57,41,28,52,52,54,54,78,78,62,62,0],"gold":225,"neow_bonus":"TEN_PERCENT_HP_BONUS","is_prod":false,"is_daily":false,"chose_seed":false,"campfire_upgraded":2,"win_rate":0,"timestamp":1550169513,"path_taken":["M","M","?","M","?","M","$","R","T","E","?","?","?","M","R","BOSS","M","?","M","M","$","E","M","R","T","M","?","R","?","?","R","BOSS"],"build_version":"2019-01-23","purchased_purges":1,"victory":false,"max_hp_per_floor":[82,82,82,82,82,82,82,82,82,82,82,82,82,82,82,82,82,82,82,82,82,82,82,82,82,82,82,82,82,82,82,82,82],"card_choices":[{"not_picked":["Recycle","Leap"],"picked":"Coolheaded","floor":1.0},{"not_picked":["Rebound","Steam Power"],"picked":"Hologram","floor":2.0},{"not_picked":["Sweeping Beam","Go for the Eyes"],"picked":"Double Energy","floor":4.0},{"not_picked":["Cold Snap","Ball Lightning"],"picked":"Reprogram","floor":6.0},{"not_picked":["Undo","Coolheaded"],"picked":"Chill","floor":10.0},{"not_picked":["Sweeping Beam","Scrape"],"picked":"Hologram","floor":11.0},{"not_picked":["Capacitor","Blizzard"],"picked":"Static Discharge","floor":13.0},{"not_picked":["Rebound","Chill"],"picked":"Lockon","floor":14.0},{"not_picked":["Core Surge","Reboot"],"picked":"Buffer","floor":16.0},{"not_picked":["Turbo","Streamline"],"picked":"Auto Shields","floor":17.0},{"not_picked":["Static Discharge","Rebound"],"picked":"Auto Shields","floor":17.0},{"not_picked":["Force Field","Lockon"],"picked":"Skim","floor":17.0},{"not_picked":["Tempest","Sweeping Beam"],"picked":"Stack","floor":17.0},{"not_picked":["Consume","Rebound"],"picked":"Turbo+1","floor":18.0},{"not_picked":["Reprogram","Ball Lightning"],"picked":"Defragment+1","floor":20},{"not_picked":["Doom and Gloom+1","Force Field"],"picked":"Gash+1","floor":21},{"not_picked":["Conserve Battery+1","Leap+1"],"picked":"Gash","floor":23},{"not_picked":["Undo+1","Reprogram"],"picked":"BootSequence","floor":24},{"not_picked":["Compile Driver","Ball Lightning+1"],"picked":"Chaos","floor":27},{"not_picked":["Turbo","FTL","Aggregate"],"picked":"SKIP","floor":31}],"player_experience":80656,"relics_obtained":[{"floor":9.0,"key":"Turnip"},{"floor":10.0,"key":"Darkstone Periapt"},{"floor":23,"key":"PreservedInsect"},{"floor":26,"key":"MawBank"}],"event_choices":[{"damage_healed":0.0,"max_hp_gain":0.0,"max_hp_loss":0.0,"gold_gain":175.0,"event_name":"Liars Game","player_choice":"AGREE","floor":3.0,"gold_loss":0.0,"damage_taken":0.0,"cards_obtained":["Doubt"]},{"damage_healed":0.0,"max_hp_gain":0.0,"max_hp_loss":0.0,"gold_gain":0.0,"event_name":"WeMeetAgain","player_choice":"Gave Potion","floor":5.0,"gold_loss":0.0,"damage_taken":0.0,"relics_obtained":["Ice Cream"]},{"cards_removed":["Strike_B"],"damage_healed":0.0,"max_hp_gain":0.0,"max_hp_loss":0.0,"gold_gain":0.0,"event_name":"Purifier","player_choice":"Purged","floor":12.0,"gold_loss":0.0,"damage_taken":0.0},{"damage_healed":0.0,"max_hp_gain":0.0,"max_hp_loss":0.0,"gold_gain":0.0,"event_name":"Drug Dealer","player_choice":"Inject Mutagens","floor":19.0,"gold_loss":0.0,"damage_taken":0.0,"relics_obtained":["MutagenicStrength"]},{"damage_healed":0,"gold_gain":0,"player_choice":"Simplicity","damage_taken":0,"max_hp_gain":0,"max_hp_loss":0,"event_name":"Back to Basics","floor":28,"gold_loss":0,"cards_upgraded":["Strike_B","Strike_B","Strike_B","Defend_B","Defend_B","Defend_B","Defend_B"]},{"cards_removed":["Static Discharge"],"damage_healed":0,"gold_gain":0,"player_choice":"Took Card","damage_taken":0,"max_hp_gain":0,"max_hp_loss":0,"event_name":"NoteForYourself","floor":30,"gold_loss":0,"cards_obtained":["Iron Wave"]}],"is_beta":false,"boss_relics":[{"not_picked":["Runic Dome","Eternal Feather"],"picked":"Orrery"}],"items_purged_floors":[7],"is_endless":false,"potions_floor_spawned":[2,10,13,16,18,24],"killed_by":"Automaton","ascension_level":0}