{"gold_per_floor":[110,110,110,122,122,122,152,152,203,128,163,193,193,206,206,308,308,328,328,345,358,386,386],"floor_reached":23,"playtime":1054,"items_purged":["Regret"],"score":300,"play_id":"c1ba8379-70c1-402a-a5b0-ccd6d0c64e8f","local_time":"20190220135130","is_ascension_mode":true,"campfire_choices":[{"data":"Dualcast","floor":6,"key":"SMITH"},{"data":"White Noise","floor":8,"key":"SMITH"},{"data":"Fission","floor":13,"key":"SMITH"},{"data":"Cold Snap","floor":15,"key":"SMITH"}],"neow_cost":"NONE","seed_source_timestamp":446483181993300,"circlet_count":0,"master_deck":["Strike_B+1","Strike_B","Strike_B","Strike_B+1","Defend_B","Defend_B","Defend_B","Defend_B","Zap+1","Dualcast+1","White Noise+1","Genetic Algorithm","Cold Snap+1","Fission+1","Conserve Battery","Seek","Go for the Eyes","Sweeping Beam+1","Storm"],"relics":["Cracked Core","NeowsBlessing","PreservedInsect","Shuriken","Whetstone","Dream Catcher","Fusion Hammer","Mercury Hourglass","Red Mask"],"potions_floor_usage":[20],"damage_taken":[{"damage":0,"enemies":"Small Slimes","floor":1,"turns":1},{"damage":0,"enemies":"Cultist","floor":4,"turns":1},{"damage":0,"enemies":"Gremlin Nob","floor":7,"turns":1},{"damage":8,"enemies":"3 Sentries","floor":11,"turns":5},{"damage":10,"enemies":"Jaw Worm","floor":14,"turns":3},{"damage":37,"enemies":"The Guardian","floor":16,"turns":16},{"damage":6,"enemies":"Chosen","floor":18,"turns":5},{"damage":11,"enemies":"2 Thieves","floor":20,"turns":4},{"damage":27,"enemies":"Centurion and Healer","floor":21,"turns":7},{"damage":15,"enemies":"Masked Bandits","floor":22,"turns":4},{"damage":5,"enemies":"Book of Stabbing","floor":23,"turns":2}],"seed_played":"-860186604682344164","potions_obtained":[{"floor":1,"key":"Explosive Potion"},{"floor":7,"key":"Explosive Potion"}],"is_trial":false,"path_per_floor":["M","?","?","M","?","R","E","R","T","$","E","?","R","M","R","B",null,"M","?","M","M","?","E"],"character_chosen":"DEFECT","items_purchased":[],"campfire_rested":0,"item_purchase_floors":[],"current_hp_per_floor":[68,68,68,68,68,68,68,68,68,68,60,60,60,50,50,13,60,54,54,43,16,1,0],"gold":386,"neow_bonus":"THREE_ENEMY_KILL","is_prod":false,"is_daily":false,"chose_seed":false,"campfire_upgraded":4,"win_rate":0,"timestamp":1550667090,"path_taken":["M","?","?","?","?","R","E","R","T","$","E","?","R","M","R","BOSS","M","?","M","M","?","E"],"build_version":"2019-01-23","purchased_purges":1,"victory":false,"max_hp_per_floor":[75,75,75,75,75,75,75,75,75,75,75,75,75,75,75,75,75,75,75,75,75,75,75],"card_choices":[{"not_picked":["Genetic Algorithm","Chaos"],"picked":"White Noise","floor":1},{"not_picked":["Barrage","BootSequence"],"picked":"Genetic Algorithm","floor":4},{"not_picked":["Rebound","Double Energy"],"picked":"Cold Snap","floor":7},{"not_picked":["Steam","Darkness"],"picked":"Fission","floor":11},{"not_picked":["Darkness","Chaos"],"picked":"Conserve Battery","floor":14},{"not_picked":["Reboot","Machine Learning"],"picked":"Seek","floor":16},{"not_picked":["Sweeping Beam","Rebound+1"],"picked":"Go for the Eyes","floor":18},{"not_picked":["Fusion","Hello World","Redo"],"picked":"SKIP","floor":20},{"not_picked":["Genetic Algorithm","Conserve Battery"],"picked":"Sweeping Beam+1","floor":21},{"not_picked":["Barrage","Reprogram"],"picked":"Storm","floor":22}],"player_experience":236206,"relics_obtained":[{"floor":7,"key":"Whetstone"},{"floor":11,"key":"Dream Catcher"},{"floor":22,"key":"Red Mask"}],"event_choices":[{"damage_healed":0,"gold_gain":0,"player_choice":"Grow","damage_taken":0,"max_hp_gain":0,"max_hp_loss":0,"event_name":"Living Wall","floor":2,"gold_loss":0,"cards_upgraded":["Zap"]},{"damage_healed":0,"gold_gain":0,"player_choice":"Gave Potion","damage_taken":0,"relics_obtained":["PreservedInsect"],"max_hp_gain":0,"max_hp_loss":0,"event_name":"WeMeetAgain","floor":3,"gold_loss":0},{"damage_healed":0,"gold_gain":0,"player_choice":"Box","damage_taken":0,"relics_obtained":["Shuriken"],"max_hp_gain":0,"max_hp_loss":0,"event_name":"Big Fish","floor":5,"gold_loss":0,"cards_obtained":["Regret"]},{"damage_healed":0,"gold_gain":30,"player_choice":"Searched \u00272\u0027 times","damage_taken":0,"max_hp_gain":0,"max_hp_loss":0,"event_name":"Dead Adventurer","floor":12,"gold_loss":0},{"damage_healed":0,"gold_gain":0,"player_choice":"Opened","damage_taken":0,"relics_obtained":["Mercury Hourglass"],"max_hp_gain":0,"max_hp_loss":0,"event_name":"The Mausoleum","floor":19,"gold_loss":0},{"damage_healed":0,"gold_gain":0,"player_choice":"Fought Bandits","damage_taken":0,"max_hp_gain":0,"max_hp_loss":0,"event_name":"Masked Bandits","floor":22,"gold_loss":0}],"is_beta":false,"boss_relics":[{"not_picked":["FrozenCore","Tiny House"],"picked":"Fusion Hammer"}],"items_purged_floors":[10],"is_endless":false,"potions_floor_spawned":[1,7],"killed_by":"Book of Stabbing","ascension_level":7}