{"gold_per_floor":[111,111,111,111,129,129,162,162,162,162,177,191,210,229,229,328,328,339,339,339,339],"floor_reached":21,"playtime":2428,"items_purged":[],"score":179,"play_id":"c67a2319-b8e1-4b21-9329-f1b81258b687","local_time":"20180626002937","is_ascension_mode":false,"campfire_choices":[{"floor":6,"key":"REST"},{"floor":8,"key":"REST"},{"floor":10,"key":"REST"},{"floor":15,"key":"REST"}],"neow_cost":"NONE","seed_source_timestamp":85664783703489,"circlet_count":0,"master_deck":["Strike_B","Strike_B","Strike_B","Defend_B","Defend_B","Defend_B","Defend_B","Zap","Dualcast","Beam Cell","Thunder Strike","Aggregate+1","Gash","Stack+1","Gash","Ball Lightning","Steam+1","Buffer","Parasite","Pain","Decay","Conserve Battery+1"],"relics":["Nuclear Battery","Toxic Egg 2","Potion Belt","Ornamental Fan","Calling Bell","Juzu Bracelet","Gremlin Horn","Girya","Nilry\u0027s Codex"],"potions_floor_usage":[12,16,16,16,21],"damage_taken":[{"damage":1,"enemies":"Jaw Worm","floor":1,"turns":4},{"damage":9,"enemies":"Small Slimes","floor":5,"turns":5},{"damage":55,"enemies":"3 Sentries","floor":7,"turns":10},{"damage":8,"enemies":"2 Louse","floor":11,"turns":3},{"damage":1,"enemies":"Looter","floor":12,"turns":4},{"damage":9,"enemies":"Large Slime","floor":13,"turns":7},{"damage":3,"enemies":"2 Fungi Beasts","floor":14,"turns":3},{"damage":35,"enemies":"Slime Boss","floor":16,"turns":10},{"damage":49,"enemies":"Shell Parasite","floor":18,"turns":10},{"damage":25,"enemies":"3 Byrds","floor":21,"turns":5}],"seed_played":"4170863202973972484","potions_obtained":[{"floor":5,"key":"EssenceOfSteel"},{"floor":11,"key":"Strength Potion"},{"floor":12,"key":"Strength Potion"},{"floor":14,"key":"LiquidBronze"},{"floor":18,"key":"Regen Potion"}],"is_trial":false,"path_per_floor":["M","?","?","?","M","R","E","R","T","R","M","M","M","M","R","B",null,"M","?","?"],"character_chosen":"DEFECT","items_purchased":[],"campfire_rested":4,"item_purchase_floors":[],"current_hp_per_floor":[74,74,74,67,58,75,20,42,42,64,56,55,46,43,65,30,75,26,26,10,0],"gold":339,"neow_bonus":"BOSS_RELIC","is_prod":false,"is_daily":false,"chose_seed":false,"campfire_upgraded":0,"win_rate":0.0,"timestamp":1529987377,"path_taken":["M","?","?","?","M","R","E","R","T","R","?","M","M","M","R","BOSS","M","?","?","M"],"build_version":"2018-06-21v2","purchased_purges":0,"victory":false,"max_hp_per_floor":[75,75,75,75,75,75,75,75,75,75,75,75,75,75,75,75,75,75,75,75,75],"card_choices":[{"not_picked":["Barrage","Hologram"],"picked":"Beam Cell","floor":1},{"not_picked":["Go for the Eyes","Scrape"],"picked":"Aggregate+1","floor":5},{"not_picked":["Biased Cognition","Static Discharge"],"picked":"Gash","floor":7},{"not_picked":["Ball Lightning","Streamline"],"picked":"Stack+1","floor":11},{"not_picked":["Capacitor","Go for the Eyes"],"picked":"Gash","floor":12},{"not_picked":["Melter","Sweeping Beam"],"picked":"Ball Lightning","floor":13},{"not_picked":["Barrage","Aggregate+1"],"picked":"Steam+1","floor":14},{"not_picked":["Biased Cognition","Machine Learning"],"picked":"Buffer","floor":16},{"not_picked":["Blizzard","Rip and Tear"],"picked":"Conserve Battery+1","floor":18}],"player_experience":4520,"relics_obtained":[{"floor":7,"key":"Potion Belt"},{"floor":9,"key":"Ornamental Fan"},{"floor":17,"key":"Juzu Bracelet"},{"floor":17,"key":"Gremlin Horn"},{"floor":17,"key":"Girya"},{"floor":20,"key":"Nilry\u0027s Codex"}],"event_choices":[{"event_name":"Living Wall","player_choice":"Change","floor":2,"damage_taken":0},{"event_name":"Golden Wing","player_choice":"Ignored","floor":3,"damage_taken":0},{"event_name":"Scrap Ooze","player_choice":"success","floor":4,"damage_taken":7},{"event_name":"Drug Dealer","player_choice":"Ignored","floor":19,"damage_taken":0},{"event_name":"Cursed Tome","player_choice":"Obtained Book","floor":20,"damage_taken":0}],"boss_relics":[{"not_picked":["Runic Pyramid","Velvet Choker"],"picked":"Calling Bell"}],"items_purged_floors":[],"is_endless":false,"potions_floor_spawned":[5,11,12,14,18],"killed_by":"3 Byrds","ascension_level":0}