{"gold_per_floor":[117,117,130,130,55,55,65,75,75,75,91,110,126,143,143,217,217,230,230,330,342,29,29,29,44,71,96,96,96,96,112,112,187,187,205,205,225,225,244,244,244,258,335,355,355,371,389,406,406,406],"floor_reached":51,"playtime":2676,"items_purged":["Strike_B"],"score":1629,"play_id":"e47ee2ac-76ce-4668-a999-5c9275beb649","local_time":"20190203025412","is_ascension_mode":true,"campfire_choices":[{"data":"Zap","floor":6.0,"key":"SMITH"},{"data":"Dualcast","floor":10.0,"key":"SMITH"},{"data":"Hologram","floor":15.0,"key":"SMITH"},{"floor":23.0,"key":"REST"},{"data":"Defragment","floor":29,"key":"SMITH"},{"data":"Loop","floor":32,"key":"SMITH"},{"floor":40,"key":"REST"},{"floor":49,"key":"RECALL"}],"neow_cost":"TEN_PERCENT_HP_LOSS","seed_source_timestamp":1087997546192820,"circlet_count":0,"master_deck":["AscendersBane","Strike_B+1","Strike_B+1","Strike_B+1","Defend_B+1","Defend_B+1","Defend_B+1","Defend_B+1","Zap+1","Dualcast+1","Core Surge","Chill","Genetic Algorithm","Skim","Hologram+1","Ball Lightning","Loop+1","Glacier","Biased Cognition","Ball Lightning","White Noise","Blizzard","Ghostly","Ghostly","Ghostly","Defragment+1","Fission+1","Undo+1","Writhe","Darkness+1"],"special_seed":0,"relics":["Cracked Core","FossilizedHelix","Incense Burner","Busted Crown","Unceasing Top","Blue Candle","Matryoshka","Oddly Smooth Stone","Orichalcum","Potion Belt","Vajra","Mango","Fusion Hammer","Pear"],"potions_floor_usage":[33,33,50,50],"damage_taken":[{"damage":9.0,"enemies":"Jaw Worm","floor":1.0,"turns":4.0},{"damage":0.0,"enemies":"Cultist","floor":3.0,"turns":3.0},{"damage":2.0,"enemies":"Small Slimes","floor":7.0,"turns":3.0},{"damage":0.0,"enemies":"Exordium Wildlife","floor":8.0,"turns":7.0},{"damage":0.0,"enemies":"Blue Slaver","floor":11.0,"turns":4.0},{"damage":5.0,"enemies":"Large Slime","floor":12.0,"turns":6.0},{"damage":0.0,"enemies":"Gremlin Gang","floor":13.0,"turns":6.0},{"damage":0.0,"enemies":"Blue Slaver","floor":14.0,"turns":3.0},{"damage":0.0,"enemies":"The Guardian","floor":16.0,"turns":12.0},{"damage":0.0,"enemies":"Chosen","floor":18.0,"turns":5.0},{"damage":29.0,"enemies":"Colosseum Slavers","floor":20.0,"turns":4.0},{"damage":0.0,"enemies":"Colosseum Nobs","floor":20.0,"turns":5.0},{"damage":0.0,"enemies":"Shell Parasite","floor":21.0,"turns":3.0},{"damage":0,"enemies":"3 Cultists","floor":25,"turns":5},{"damage":0,"enemies":"Slavers","floor":27,"turns":7},{"damage":0,"enemies":"Shelled Parasite and Fungi","floor":31,"turns":4},{"damage":0,"enemies":"Collector","floor":33,"turns":8},{"damage":21,"enemies":"3 Darklings","floor":35,"turns":5},{"damage":0,"enemies":"3 Shapes","floor":37,"turns":6},{"damage":0,"enemies":"Sphere and 2 Shapes","floor":39,"turns":8},{"damage":0,"enemies":"Maw","floor":42,"turns":9},{"damage":0,"enemies":"Jaw Worm Horde","floor":44,"turns":7},{"damage":0,"enemies":"Sphere and 2 Shapes","floor":46,"turns":6},{"damage":0,"enemies":"4 Shapes","floor":47,"turns":7},{"damage":0,"enemies":"Jaw Worm Horde","floor":48,"turns":5},{"damage":0,"enemies":"Awakened One","floor":50,"turns":14}],"seed_played":"-5276423242074037212","potions_obtained":[{"floor":1.0,"key":"SteroidPotion"},{"floor":7.0,"key":"Dexterity Potion"},{"floor":11.0,"key":"Poison Potion"},{"floor":13.0,"key":"PowerPotion"},{"floor":20.0,"key":"FearPotion"},{"floor":21.0,"key":"Swift Potion"},{"floor":31,"key":"GamblersBrew"},{"floor":35,"key":"Dexterity Potion"},{"floor":39,"key":"Swift Potion"},{"floor":44,"key":"Energy Potion"},{"floor":46,"key":"Block Potion"}],"is_trial":false,"path_per_floor":["M","?","M","?","$","R","M","M","T","R","M","M","M","M","R","B",null,"M","?","?","M","$","R","?","M","T","E","?","R","T","M","R","B",null,"M","?","M","?","M","R","?","M","T","M","?","M","M","M","R","B",null],"character_chosen":"DEFECT","items_purchased":["Matryoshka","Blizzard"],"campfire_rested":2,"item_purchase_floors":[22,22],"current_hp_per_floor":[55,44,44,64,64,64,62,62,62,62,62,57,57,57,57,57,62,62,62,33,33,33,52,32,32,32,32,32,32,46,46,46,46,46,25,34,34,34,34,46,46,46,56,56,56,56,56,56,56,56],"gold":406,"neow_bonus":"THREE_RARE_CARDS","is_prod":false,"is_daily":false,"chose_seed":false,"campfire_upgraded":5,"win_rate":0,"timestamp":1549155252,"path_taken":["M","?","M","?","?","R","M","M","T","R","M","M","?","M","R","BOSS","M","?","?","M","$","R","?","M","T","E","?","R","?","M","R","BOSS","M","?","M","?","?","R","?","M","T","M","?","?","M","M","R","BOSS"],"build_version":"2019-01-23","purchased_purges":1,"victory":true,"max_hp_per_floor":[64,64,64,64,64,64,64,64,64,64,64,64,64,64,64,64,64,64,64,64,64,64,64,32,32,32,32,32,32,46,46,46,46,46,46,46,46,46,46,46,46,46,56,56,56,56,56,56,56,56],"card_choices":[{"not_picked":["Amplify","Seek"],"picked":"Core Surge","floor":0.0},{"not_picked":["Aggregate","Redo"],"picked":"Chill","floor":1.0},{"not_picked":["Coolheaded","Chaos"],"picked":"Genetic Algorithm","floor":3.0},{"not_picked":["Compile Driver","Stack"],"picked":"Skim","floor":7.0},{"not_picked":["Gash","Turbo","Barrage"],"picked":"SKIP","floor":8.0},{"not_picked":["Beam Cell","Sunder"],"picked":"Hologram","floor":11.0},{"not_picked":["BootSequence","Reprogram"],"picked":"Ball Lightning","floor":12.0},{"not_picked":["Compile Driver","Steam"],"picked":"Loop","floor":13.0},{"not_picked":["Hologram","Cold Snap"],"picked":"Glacier","floor":14.0},{"not_picked":["Multi-Cast","Amplify"],"picked":"Biased Cognition","floor":16.0},{"not_picked":[],"picked":"Ball Lightning","floor":18.0},{"not_picked":[],"picked":"White Noise","floor":20.0},{"not_picked":["Cold Snap"],"picked":"SKIP","floor":21.0},{"not_picked":["Static Discharge"],"picked":"SKIP","floor":25},{"not_picked":[],"picked":"Defragment","floor":27},{"not_picked":["Conserve Battery"],"picked":"SKIP","floor":31},{"not_picked":[],"picked":"Fission","floor":33},{"not_picked":[],"picked":"Undo+1","floor":35},{"not_picked":["Leap"],"picked":"SKIP","floor":37},{"not_picked":["Turbo+1"],"picked":"SKIP","floor":39},{"not_picked":["Melter"],"picked":"SKIP","floor":42},{"not_picked":["Gash"],"picked":"SKIP","floor":44},{"not_picked":["Barrage"],"picked":"SKIP","floor":46},{"not_picked":["Compile Driver+1"],"picked":"SKIP","floor":47},{"not_picked":[],"picked":"Darkness+1","floor":48}],"player_experience":175570,"relics_obtained":[{"floor":9.0,"key":"Incense Burner"},{"floor":20.0,"key":"Unceasing Top"},{"floor":20.0,"key":"Blue Candle"},{"floor":26,"key":"Oddly Smooth Stone"},{"floor":26,"key":"Orichalcum"},{"floor":27,"key":"Potion Belt"},{"floor":30,"key":"Vajra"},{"floor":30,"key":"Mango"},{"floor":43,"key":"Pear"}],"event_choices":[{"damage_healed":0.0,"max_hp_gain":0.0,"max_hp_loss":0.0,"gold_gain":0.0,"event_name":"Scrap Ooze","player_choice":"Success","floor":2.0,"gold_loss":0.0,"damage_taken":11.0,"relics_obtained":["FossilizedHelix"]},{"damage_healed":21.0,"max_hp_gain":0.0,"max_hp_loss":0.0,"gold_gain":0.0,"event_name":"Big Fish","player_choice":"Banana","floor":4.0,"gold_loss":0.0,"damage_taken":0.0},{"damage_healed":0.0,"max_hp_gain":0.0,"max_hp_loss":0.0,"gold_gain":0.0,"event_name":"Vampires","player_choice":"Ignored","floor":19.0,"gold_loss":0.0,"damage_taken":0.0},{"damage_healed":0.0,"max_hp_gain":0.0,"max_hp_loss":0.0,"gold_gain":0.0,"event_name":"Colosseum","player_choice":"Fight","floor":20.0,"gold_loss":0.0,"damage_taken":0.0},{"damage_healed":0.0,"max_hp_gain":0.0,"max_hp_loss":0.0,"gold_gain":0.0,"event_name":"Colosseum","player_choice":"Fought Nobs","floor":20.0,"gold_loss":0.0,"damage_taken":0.0},{"damage_healed":0.0,"max_hp_gain":0.0,"max_hp_loss":32.0,"gold_gain":0.0,"event_name":"Ghosts","player_choice":"Became a Ghost","floor":24.0,"gold_loss":0.0,"damage_taken":0.0,"cards_obtained":["Ghostly","Ghostly","Ghostly"]},{"damage_healed":0,"gold_gain":0,"player_choice":"Simplicity","damage_taken":0,"max_hp_gain":0,"max_hp_loss":0,"event_name":"Back to Basics","floor":28,"gold_loss":0,"cards_upgraded":["Strike_B","Strike_B","Strike_B","Defend_B","Defend_B","Defend_B","Defend_B"]},{"damage_healed":9,"gold_gain":0,"player_choice":"Writhe","damage_taken":0,"max_hp_gain":0,"max_hp_loss":0,"event_name":"Winding Halls","floor":36,"gold_loss":0,"cards_obtained":["Writhe"]},{"damage_healed":0,"gold_gain":0,"player_choice":"Ignored","damage_taken":0,"max_hp_gain":0,"max_hp_loss":0,"event_name":"SecretPortal","floor":38,"gold_loss":0},{"damage_healed":0,"gold_gain":0,"player_choice":"Ignored","damage_taken":0,"max_hp_gain":0,"max_hp_loss":0,"event_name":"Mysterious Sphere","floor":41,"gold_loss":0},{"damage_healed":0,"gold_gain":0,"player_choice":"Upgraded","damage_taken":0,"max_hp_gain":0,"max_hp_loss":0,"event_name":"Upgrade Shrine","floor":45,"gold_loss":0,"cards_upgraded":["Fission"]}],"is_beta":false,"boss_relics":[{"not_picked":["Ectoplasm","Runic Dome"],"picked":"Busted Crown"},{"not_picked":["Eternal Feather","White Beast Statue"],"picked":"Fusion Hammer"}],"items_purged_floors":[5],"is_endless":false,"potions_floor_spawned":[1,7,11,13,14,20,21,31,35,39,44,46,47],"ascension_level":17}