{"gold_per_floor":[110,110,110,124,140,140,170,170,170,185,260,276,276],"floor_reached":13,"playtime":685,"items_purged":[],"score":123,"play_id":"53fa76a3-c96c-4200-9420-8cf85f7c9fb9","local_time":"20190217204724","is_ascension_mode":true,"campfire_choices":[{"data":"Bash","floor":6,"key":"SMITH"},{"data":"Infernal Blade","floor":8,"key":"SMITH"}],"neow_cost":"TEN_PERCENT_HP_LOSS","seed_source_timestamp":180870495501272,"circlet_count":0,"master_deck":["Strike_R","Strike_R","Strike_R","Strike_R","Strike_R","Defend_R","Defend_R","Defend_R","Defend_R","Bash+1","Dropkick","Infernal Blade+1","Bloodletting","Pommel Strike"],"relics":["Burning Blood","Calipers","NlothsMask","Singing Bowl"],"potions_floor_usage":[10],"damage_taken":[{"damage":0,"enemies":"2 Louse","floor":1,"turns":2},{"damage":0,"enemies":"Cultist","floor":4,"turns":2},{"damage":2,"enemies":"Jaw Worm","floor":5,"turns":3},{"damage":28,"enemies":"Gremlin Nob","floor":7,"turns":4},{"damage":28,"enemies":"Exordium Thugs","floor":10,"turns":5},{"damage":1,"enemies":"2 Fungi Beasts","floor":12,"turns":2},{"damage":43,"enemies":"3 Sentries","floor":13,"turns":7}],"seed_played":"-2500613155000401276","potions_obtained":[{"floor":7,"key":"Regen Potion"},{"floor":12,"key":"Weak Potion"}],"is_trial":false,"path_per_floor":["M","?","$","M","M","R","E","R","T","M","?","M","E"],"character_chosen":"IRONCLAD","items_purchased":[],"campfire_rested":0,"item_purchase_floors":[],"current_hp_per_floor":[72,72,72,72,72,72,52,52,52,44,33,40,0],"gold":276,"neow_bonus":"ONE_RARE_RELIC","is_prod":false,"is_daily":false,"chose_seed":false,"campfire_upgraded":2,"win_rate":0,"timestamp":1550465244,"path_taken":["M","?","?","?","M","R","E","R","T","M","?","M","E"],"build_version":"2019-01-23","purchased_purges":0,"victory":false,"max_hp_per_floor":[72,72,72,72,72,72,74,74,74,74,74,76,76],"card_choices":[{"not_picked":["Headbutt","Blood for Blood"],"picked":"Dropkick","floor":1},{"not_picked":["Burning Pact","Flex"],"picked":"Infernal Blade","floor":4},{"not_picked":["Searing Blow","Blood for Blood"],"picked":"Bloodletting","floor":5},{"not_picked":["Hemokinesis","Offering","Clothesline"],"picked":"Singing Bowl","floor":7},{"not_picked":["Armaments","Seeing Red"],"picked":"Pommel Strike","floor":10},{"not_picked":["Havoc","Wild Strike","Headbutt"],"picked":"Singing Bowl","floor":12}],"player_experience":433579,"relics_obtained":[{"floor":7,"key":"Singing Bowl"}],"event_choices":[{"damage_healed":0,"gold_gain":0,"player_choice":"Trade","damage_taken":0,"relics_obtained":["NlothsMask"],"max_hp_gain":0,"max_hp_loss":0,"event_name":"FaceTrader","floor":2,"gold_loss":0},{"damage_healed":0,"gold_gain":75,"player_choice":"Gather Gold","damage_taken":11,"max_hp_gain":0,"max_hp_loss":0,"event_name":"World of Goop","floor":11,"gold_loss":0}],"is_beta":false,"boss_relics":[],"items_purged_floors":[],"is_endless":false,"potions_floor_spawned":[7,12],"killed_by":"3 Sentries","ascension_level":9}