{"gold_per_floor":[111,321,369,143,143,163,203,219,250,264,281,319,319,319,319,492,492,512,535,547,547,281,315,221,75,75,113,130,150,150,173,173,353,413,429,172,292,292,292,324,324,355,355,134,156,156,156,169,169,169,169,169,20,62,62],"floor_reached":56,"playtime":1338,"items_purged":["Pain","Parasite","Writhe","Doubt"],"score":425,"play_id":"fcea3bbf-3be7-432b-b80d-1a6949fcfa0f","local_time":"20190220155645","is_ascension_mode":true,"campfire_choices":[{"floor":13,"key":"RECALL"},{"floor":15,"key":"REST"},{"data":"1","floor":32,"key":"LIFT"},{"data":"2","floor":41,"key":"LIFT"},{"floor":47,"key":"REST"},{"data":"3","floor":49,"key":"LIFT"},{"floor":52,"key":"REST"}],"neow_cost":"NONE","seed_source_timestamp":173014892420967,"circlet_count":0,"master_deck":["Strike_R+1","Strike_R+1","Strike_R+1","Strike_R+1","Defend_R+1","Defend_R+1","Defend_R+1","Defend_R+1","Bash+1","Metallicize+1","Spot Weakness+1","Uppercut+1","Whirlwind+1","Metallicize+1","True Grit+1","Dual Wield+1","Battle Trance+1","Feed+1","Heavy Blade+1","Flame Barrier+1","Headbutt+1","Pummel+1","Disarm+1","Twin Strike+1","Demon Form+1","Shockwave+1","Shrug It Off+1","Sword Boomerang+1","Metallicize+1","Corruption+1","Whirlwind+1","Twin Strike+1"],"relics":["Calling Bell","War Paint","Molten Egg 2","Ginger","Tiny Chest","Vajra","Strawberry","Oddly Smooth Stone","Happy Flower","StoneCalendar","Sozu","Bottled Lightning","Sundial","Brimstone","Girya","Bag of Preparation","Meat on the Bone","Juzu Bracelet","Mango","Tiny House","Chemical X","Du-Vu Doll","Pear","Art of War","Bag of Marbles","Question Card","Champion Belt","DollysMirror","Dodecahedron"],"potions_floor_usage":[12,29,55],"damage_taken":[{"damage":2,"enemies":"Small Slimes","floor":1,"turns":2},{"damage":3,"enemies":"Jaw Worm","floor":3,"turns":2},{"damage":0,"enemies":"Cultist","floor":6,"turns":3},{"damage":0,"enemies":"3 Sentries","floor":7,"turns":3},{"damage":0,"enemies":"Large Slime","floor":8,"turns":2},{"damage":0,"enemies":"3 Louse","floor":10,"turns":2},{"damage":0,"enemies":"Exordium Thugs","floor":11,"turns":3},{"damage":0,"enemies":"Gremlin Nob","floor":12,"turns":3},{"damage":1,"enemies":"Slime Boss","floor":16,"turns":5},{"damage":2,"enemies":"Chosen","floor":18,"turns":2},{"damage":2,"enemies":"Shell Parasite","floor":19,"turns":3},{"damage":2,"enemies":"Centurion and Healer","floor":20,"turns":3},{"damage":0,"enemies":"Book of Stabbing","floor":23,"turns":3},{"damage":3,"enemies":"Slavers","floor":27,"turns":2},{"damage":0,"enemies":"3 Cultists","floor":28,"turns":1},{"damage":10,"enemies":"Chosen and Byrds","floor":29,"turns":2},{"damage":0,"enemies":"Centurion and Healer","floor":31,"turns":2},{"damage":13,"enemies":"Champ","floor":33,"turns":4},{"damage":0,"enemies":"3 Shapes","floor":35,"turns":2},{"damage":53,"enemies":"Mind Bloom Boss Battle","floor":37,"turns":3},{"damage":0,"enemies":"Giant Head","floor":40,"turns":4},{"damage":5,"enemies":"Nemesis","floor":42,"turns":3},{"damage":0,"enemies":"Orb Walker","floor":45,"turns":1},{"damage":0,"enemies":"Jaw Worm Horde","floor":48,"turns":1},{"damage":0,"enemies":"Time Eater","floor":50,"turns":3},{"damage":8,"enemies":"Shield and Spear","floor":54,"turns":3},{"damage":62,"enemies":"The Heart","floor":55,"turns":5}],"seed_played":"-7839181123611363580","potions_obtained":[{"floor":1,"key":"Fire Potion"},{"floor":1,"key":"Ancient Potion"},{"floor":3,"key":"Energy Potion"},{"floor":6,"key":"BloodPotion"},{"floor":12,"key":"FearPotion"},{"floor":16,"key":"SkillPotion"}],"is_trial":false,"path_per_floor":["M","?","M","$","?","M","E","M","T","M","M","E","R","?","R","B",null,"M","M","M","?","$","E","$","$","T","E","M","M","?","M","R","B",null,"M","$","?","?","?","E","R","E","T","$","M","?","R","M","R","B",null,"R","$","E","B",null],"character_chosen":"IRONCLAD","items_purchased":["Vajra","Uppercut+1","Bottled Lightning","Brimstone","Chemical X","Champion Belt","DollysMirror"],"campfire_rested":3,"item_purchase_floors":[4,4,22,25,36,44,53],"current_hp_per_floor":[83,83,80,80,80,80,90,90,90,90,90,90,90,72,92,97,97,95,93,91,91,91,97,97,97,97,94,94,102,102,106,106,120,130,134,134,81,81,81,95,95,90,90,90,90,90,137,137,137,142,142,142,142,134,79],"gold":62,"neow_bonus":"BOSS_RELIC","is_prod":false,"is_daily":false,"chose_seed":false,"campfire_upgraded":0,"win_rate":0,"timestamp":1550671005,"path_taken":["M","?","M","$","?","?","E","M","T","M","M","E","R","?","R","BOSS","M","M","M","?","$","E","?","$","T","E","M","M","?","M","R","BOSS","M","$","?","?","?","E","R","E","T","$","M","?","R","M","R","BOSS","R","$","E","BOSS"],"build_version":"2019-01-23","purchased_purges":4,"victory":true,"max_hp_per_floor":[85,85,85,85,85,85,92,92,92,92,92,92,92,92,92,97,97,97,97,97,97,94,98,98,98,98,98,98,102,102,106,106,125,130,134,134,134,134,134,144,144,144,144,144,144,137,137,137,137,142,142,142,142,142,147],"card_choices":[{"not_picked":["Dropkick+1","Flex"],"picked":"Metallicize","floor":1},{"not_picked":["Body Slam+1","Wild Strike+1"],"picked":"Spot Weakness+1","floor":3},{"not_picked":["Sentinel+1","Sword Boomerang+1"],"picked":"Whirlwind+1","floor":6},{"not_picked":["True Grit","Thunderclap+1","Uppercut+1"],"picked":"SKIP","floor":7},{"not_picked":["Double Tap","Body Slam+1","Anger+1"],"picked":"SKIP","floor":7},{"not_picked":["Thunderclap+1","Clothesline+1"],"picked":"Metallicize","floor":8},{"not_picked":["Armaments","Headbutt+1"],"picked":"True Grit+1","floor":10},{"not_picked":["Clothesline+1","Armaments+1"],"picked":"Dual Wield+1","floor":11},{"not_picked":["Anger+1","Pummel+1"],"picked":"Battle Trance+1","floor":12},{"not_picked":["Shrug It Off","Headbutt+1","Clash+1"],"picked":"SKIP","floor":12},{"not_picked":["Fiend Fire+1","Bludgeon+1"],"picked":"Feed+1","floor":16},{"not_picked":["Sword Boomerang+1","Warcry+1"],"picked":"Heavy Blade+1","floor":18},{"not_picked":["Havoc","Wild Strike+1"],"picked":"Flame Barrier+1","floor":19},{"not_picked":["Rage+1","Inflame","Cleave+1"],"picked":"SKIP","floor":20},{"not_picked":["Anger+1","Cleave+1"],"picked":"Headbutt+1","floor":23},{"not_picked":["Flex","Cleave+1","Burning Pact+1"],"picked":"SKIP","floor":23},{"not_picked":["Berserk","Inflame+1"],"picked":"Pummel+1","floor":27},{"not_picked":["Spot Weakness","Clothesline+1","Havoc"],"picked":"SKIP","floor":27},{"not_picked":["Power Through","Wild Strike+1"],"picked":"Disarm+1","floor":28},{"not_picked":["Havoc","Clash+1","Combust+1"],"picked":"SKIP","floor":29},{"not_picked":["Hemokinesis+1","Fiend Fire+1"],"picked":"Twin Strike+1","floor":31},{"not_picked":["Exhume","Berserk"],"picked":"Demon Form","floor":33},{"not_picked":["Pommel Strike+1","Anger+1","Fire Breathing+1"],"picked":"SKIP","floor":35},{"not_picked":["Whirlwind+1","Evolve+1"],"picked":"Shockwave+1","floor":37},{"not_picked":["Burning Pact+1","Warcry+1"],"picked":"Shrug It Off+1","floor":40},{"not_picked":["Clash+1","Seeing Red+1"],"picked":"Sword Boomerang+1","floor":40},{"not_picked":["Havoc+1","True Grit+1"],"picked":"Metallicize+1","floor":42},{"not_picked":["Combust+1","Armaments+1","Havoc+1"],"picked":"SKIP","floor":42},{"not_picked":["Shrug It Off+1","Thunderclap+1","Headbutt+1"],"picked":"Corruption+1","floor":45},{"not_picked":["Dual Wield+1","Juggernaut","Clothesline+1","Heavy Blade+1"],"picked":"SKIP","floor":48},{"not_picked":["Spot Weakness","Iron Wave+1","Second Wind"],"picked":"Twin Strike+1","floor":54},{"not_picked":["Wild Strike+1","Rupture","Twin Strike+1","Clothesline+1"],"picked":"SKIP","floor":54}],"player_experience":211379,"relics_obtained":[{"floor":0,"key":"War Paint"},{"floor":0,"key":"Molten Egg 2"},{"floor":0,"key":"Ginger"},{"floor":3,"key":"Tiny Chest"},{"floor":7,"key":"Strawberry"},{"floor":9,"key":"Oddly Smooth Stone"},{"floor":12,"key":"Happy Flower"},{"floor":16,"key":"StoneCalendar"},{"floor":23,"key":"Sundial"},{"floor":26,"key":"Girya"},{"floor":26,"key":"Bag of Preparation"},{"floor":27,"key":"Meat on the Bone"},{"floor":33,"key":"Mango"},{"floor":37,"key":"Du-Vu Doll"},{"floor":40,"key":"Pear"},{"floor":42,"key":"Art of War"},{"floor":43,"key":"Bag of Marbles"},{"floor":43,"key":"Question Card"},{"floor":54,"key":"Dodecahedron"}],"event_choices":[{"damage_healed":0,"gold_gain":175,"player_choice":"AGREE","damage_taken":0,"max_hp_gain":0,"max_hp_loss":0,"event_name":"Liars Game","floor":2,"gold_loss":0,"cards_obtained":["Doubt"]},{"damage_healed":0,"gold_gain":0,"player_choice":"Forge","damage_taken":0,"max_hp_gain":0,"max_hp_loss":0,"event_name":"Accursed Blacksmith","floor":5,"gold_loss":0,"cards_upgraded":["Metallicize"]},{"damage_healed":0,"gold_gain":0,"player_choice":"Entered Light","damage_taken":18,"max_hp_gain":0,"max_hp_loss":0,"event_name":"Shining Light","floor":14,"gold_loss":0,"cards_upgraded":["Metallicize"]},{"damage_healed":0,"gold_gain":0,"player_choice":"Ignored","damage_taken":0,"max_hp_gain":0,"max_hp_loss":0,"event_name":"Vampires","floor":21,"gold_loss":0},{"damage_healed":0,"gold_gain":0,"player_choice":"Opened","damage_taken":0,"relics_obtained":["Juzu Bracelet"],"max_hp_gain":0,"max_hp_loss":0,"event_name":"The Mausoleum","floor":30,"gold_loss":0},{"damage_healed":0,"gold_gain":0,"player_choice":"Fight","damage_taken":0,"max_hp_gain":0,"max_hp_loss":0,"event_name":"MindBloom","floor":37,"gold_loss":0},{"cards_removed":["Strike_R"],"damage_healed":0,"gold_gain":0,"player_choice":"Offered Basic","damage_taken":0,"max_hp_gain":0,"max_hp_loss":0,"event_name":"Bonfire Elementals","floor":38,"gold_loss":0},{"damage_healed":0,"gold_gain":0,"player_choice":"Memory 1","damage_taken":0,"max_hp_gain":0,"max_hp_loss":0,"event_name":"SensoryStone","floor":39,"gold_loss":0},{"damage_healed":0,"gold_gain":0,"player_choice":"Max HP","damage_taken":0,"max_hp_gain":0,"max_hp_loss":7,"event_name":"Winding Halls","floor":46,"gold_loss":0}],"is_beta":false,"boss_relics":[{"not_picked":["Velvet Choker","Runic Pyramid"],"picked":"Sozu"},{"not_picked":["Astrolabe","Snecko Eye"],"picked":"Tiny House"}],"items_purged_floors":[4,22,24,36],"is_endless":false,"potions_floor_spawned":[1,10,11,16,19,29,31,45,48],"ascension_level":-20}