{"gold_per_floor":[118,268,268,278,295,295,315,315,315,315,340,359,378,92,92,170,170,170,2,2,2,2],"floor_reached":22,"playtime":616,"items_purged":[],"score":363,"play_id":"35205890-8b24-43da-919e-4b456509b30b","local_time":"20190205002429","is_ascension_mode":true,"campfire_choices":[{"floor":6,"key":"DIG"},{"floor":8,"key":"DIG"},{"data":"Zap","floor":10,"key":"SMITH"},{"floor":15,"key":"REST"}],"neow_cost":"TEN_PERCENT_HP_LOSS","seed_source_timestamp":1253924667309128,"circlet_count":0,"master_deck":["AscendersBane","Strike_B","Strike_B","Strike_B","Strike_B","Defend_B","Defend_B","Defend_B","Defend_B","Zap+1","Dualcast","Ball Lightning","Chill","Streamline","Conserve Battery","FTL","Self Repair","Creative AI","Ball Lightning","Cold Snap"],"relics":["Cracked Core","Shovel","Gremlin Horn","Incense Burner","Bottled Lightning","Juzu Bracelet","Kunai","Ectoplasm","PreservedInsect","StoneCalendar","Meat on the Bone"],"potions_floor_usage":[13,21,22],"damage_taken":[{"damage":0,"enemies":"2 Louse","floor":1,"turns":1},{"damage":4,"enemies":"Small Slimes","floor":4,"turns":3},{"damage":7,"enemies":"Jaw Worm","floor":5,"turns":3},{"damage":4,"enemies":"Lots of Slimes","floor":7,"turns":4},{"damage":23,"enemies":"Lagavulin","floor":11,"turns":4},{"damage":0,"enemies":"Blue Slaver","floor":12,"turns":3},{"damage":0,"enemies":"Gremlin Gang","floor":13,"turns":2},{"damage":32,"enemies":"The Guardian","floor":16,"turns":11},{"damage":17,"enemies":"Spheric Guardian","floor":18,"turns":4},{"damage":29,"enemies":"Shell Parasite","floor":20,"turns":5},{"damage":9,"enemies":"Colosseum Slavers","floor":21,"turns":3},{"damage":11,"enemies":"Colosseum Nobs","floor":21,"turns":4},{"damage":9,"enemies":"Snake Plant","floor":22,"turns":2}],"seed_played":"-5620872799376823602","potions_obtained":[{"floor":11,"key":"GamblersBrew"},{"floor":12,"key":"Explosive Potion"},{"floor":16,"key":"SteroidPotion"},{"floor":21,"key":"Swift Potion"}],"is_trial":false,"path_per_floor":["M","?","?","M","M","R","M","R","T","R","E","M","M","$","R","B",null,"M","$","M","?","M"],"character_chosen":"DEFECT","items_purchased":["Kunai","PreservedInsect"],"campfire_rested":1,"item_purchase_floors":[14,19],"current_hp_per_floor":[64,64,64,60,53,53,49,49,49,49,26,26,26,26,45,20,53,43,43,21,8,0],"gold":2,"neow_bonus":"ONE_RARE_RELIC","is_prod":false,"is_daily":false,"chose_seed":false,"campfire_upgraded":1,"win_rate":0,"timestamp":1549319069,"path_taken":["M","?","?","?","M","R","M","R","T","R","E","M","M","?","R","BOSS","M","$","M","?","M"],"build_version":"2019-01-23","purchased_purges":0,"victory":false,"max_hp_per_floor":[64,64,64,64,64,64,64,64,64,64,64,64,64,64,64,64,64,64,64,64,64,64],"card_choices":[{"not_picked":["Gash","Hologram"],"picked":"Ball Lightning","floor":1},{"not_picked":["Barrage","Sweeping Beam"],"picked":"Chill","floor":4},{"not_picked":["Consume","Sweeping Beam","Redo"],"picked":"SKIP","floor":5},{"not_picked":["FTL","Gash"],"picked":"Streamline","floor":7},{"not_picked":["Streamline","Chill"],"picked":"Conserve Battery","floor":11},{"not_picked":["Heatsinks","Multi-Cast"],"picked":"FTL","floor":12},{"not_picked":["Lockon","Leap"],"picked":"Self Repair","floor":13},{"not_picked":["Meteor Strike","Multi-Cast"],"picked":"Creative AI","floor":16},{"not_picked":["Go for the Eyes","Turbo"],"picked":"Ball Lightning","floor":18},{"not_picked":["Barrage","Skim"],"picked":"Cold Snap","floor":20}],"player_experience":187849,"relics_obtained":[{"floor":6,"key":"Gremlin Horn"},{"floor":8,"key":"Incense Burner"},{"floor":9,"key":"Bottled Lightning"},{"floor":11,"key":"Juzu Bracelet"},{"floor":21,"key":"StoneCalendar"},{"floor":21,"key":"Meat on the Bone"}],"event_choices":[{"damage_healed":0,"gold_gain":150,"player_choice":"AGREE","damage_taken":0,"max_hp_gain":0,"max_hp_loss":0,"event_name":"Liars Game","floor":2,"gold_loss":0,"cards_obtained":["Doubt"]},{"cards_removed":["Doubt"],"damage_healed":0,"gold_gain":0,"player_choice":"Forget","damage_taken":0,"max_hp_gain":0,"max_hp_loss":0,"event_name":"Living Wall","floor":3,"gold_loss":0},{"damage_healed":0,"gold_gain":0,"player_choice":"Fight","damage_taken":0,"max_hp_gain":0,"max_hp_loss":0,"event_name":"Colosseum","floor":21,"gold_loss":0},{"damage_healed":0,"gold_gain":0,"player_choice":"Fought Nobs","damage_taken":0,"max_hp_gain":0,"max_hp_loss":0,"event_name":"Colosseum","floor":21,"gold_loss":0}],"is_beta":false,"boss_relics":[{"not_picked":["Runic Dome","Pandora\u0027s Box"],"picked":"Ectoplasm"}],"items_purged_floors":[],"is_endless":false,"potions_floor_spawned":[11,12,16,18,21],"killed_by":"Snake Plant","ascension_level":19}