{"gold_per_floor":[118,135,60,60,60,89,89,124,124,199,199,199,199,233,233,233],"floor_reached":16,"playtime":651,"items_purged":["Defend_R"],"score":202,"play_id":"db27d81e-cfb2-45a0-9005-75cd9931ebe4","local_time":"20190217205829","is_ascension_mode":true,"campfire_choices":[{"floor":11,"key":"REST"},{"floor":13,"key":"REST"},{"data":"Bash","floor":15,"key":"SMITH"}],"neow_cost":"NONE","seed_source_timestamp":181570148735100,"circlet_count":0,"master_deck":["Strike_R+1","Strike_R","Strike_R+1","Strike_R","Defend_R","Defend_R","Defend_R","Bash+1","Combust","Shrug It Off","Heavy Blade","Cleave","Juggernaut"],"relics":["Burning Blood","NeowsBlessing","Ornamental Fan","Paper Frog","Meat on the Bone","Toxic Egg 2"],"potions_floor_usage":[8,14,16],"damage_taken":[{"damage":0,"enemies":"Small Slimes","floor":1,"turns":1},{"damage":0,"enemies":"Jaw Worm","floor":2,"turns":1},{"damage":0,"enemies":"3 Sentries","floor":6,"turns":1},{"damage":51,"enemies":"Gremlin Nob","floor":8,"turns":5},{"damage":30,"enemies":"Lagavulin","floor":14,"turns":5},{"damage":54,"enemies":"The Guardian","floor":16,"turns":10}],"seed_played":"7791420556626674342","potions_obtained":[{"floor":1,"key":"BloodPotion"},{"floor":8,"key":"Regen Potion"},{"floor":14,"key":"Block Potion"}],"is_trial":false,"path_per_floor":["M","M","$","?","?","E","$","E","T","?","R","?","R","E","R","B"],"character_chosen":"IRONCLAD","items_purchased":[],"campfire_rested":2,"item_purchase_floors":[],"current_hp_per_floor":[78,80,80,64,64,70,70,33,33,22,46,39,63,54,54,0],"gold":233,"neow_bonus":"THREE_ENEMY_KILL","is_prod":false,"is_daily":false,"chose_seed":false,"campfire_upgraded":1,"win_rate":0,"timestamp":1550465909,"path_taken":["M","M","$","?","?","E","?","E","T","?","R","?","R","E","R","BOSS"],"build_version":"2019-01-23","purchased_purges":1,"victory":false,"max_hp_per_floor":[80,80,80,80,80,80,80,80,80,80,80,80,80,80,80,80],"card_choices":[{"not_picked":["Battle Trance","Warcry"],"picked":"Combust","floor":1},{"not_picked":["Heavy Blade","Pummel"],"picked":"Shrug It Off","floor":2},{"not_picked":["Searing Blow","Clothesline"],"picked":"Heavy Blade","floor":6},{"not_picked":["Clash","Anger"],"picked":"Cleave","floor":8},{"not_picked":["Reckless Charge","Wild Strike"],"picked":"Juggernaut","floor":14}],"player_experience":434264,"relics_obtained":[{"floor":6,"key":"Ornamental Fan"},{"floor":8,"key":"Paper Frog"},{"floor":9,"key":"Meat on the Bone"},{"floor":14,"key":"Toxic Egg 2"}],"event_choices":[{"damage_healed":0,"gold_gain":0,"player_choice":"Entered Light","damage_taken":16,"max_hp_gain":0,"max_hp_loss":0,"event_name":"Shining Light","floor":4,"gold_loss":0,"cards_upgraded":["Strike_R","Strike_R"]},{"damage_healed":0,"gold_gain":0,"player_choice":"Ignored","damage_taken":0,"max_hp_gain":0,"max_hp_loss":0,"event_name":"Liars Game","floor":5,"gold_loss":0},{"damage_healed":0,"gold_gain":75,"player_choice":"Gather Gold","damage_taken":11,"max_hp_gain":0,"max_hp_loss":0,"event_name":"World of Goop","floor":10,"gold_loss":0},{"cards_removed":["Strike_R"],"damage_healed":0,"gold_gain":0,"player_choice":"Card Removal","damage_taken":7,"max_hp_gain":0,"max_hp_loss":0,"event_name":"Golden Wing","floor":12,"gold_loss":0}],"is_beta":false,"boss_relics":[],"items_purged_floors":[3],"is_endless":false,"potions_floor_spawned":[1,8,14],"killed_by":"The Guardian","ascension_level":9}