{"gold_per_floor":[112,112,0,0,13,47,47,47,73,93,104,131,148,178,178,282,282,266,266,284,199,212,212,245,245,245,295,309,309,136,136],"floor_reached":31,"playtime":2124,"items_purged":["Regret","Decay"],"score":368,"play_id":"ee5070c9-7568-47c5-aa04-f59e05f51bbf","local_time":"20190214201655","is_ascension_mode":true,"campfire_choices":[{"floor":7.0,"key":"REST"},{"floor":15.0,"key":"REST"},{"floor":23,"key":"REST"},{"floor":25,"key":"REST"}],"neow_cost":"NONE","seed_source_timestamp":0,"circlet_count":0,"master_deck":["Strike_B","Strike_B","Strike_B","Strike_B","Defend_B","Defend_B","Defend_B+1","Defend_B+1","Zap","Dualcast","Hello World","Static Discharge","Steam","Gash","Conserve Battery","Leap","Hologram","Echo Form","Core Surge","Sunder+1","Loop","Gash+1","Leap","Conserve Battery","Defragment"],"special_seed":0,"relics":["Cracked Core","PreservedInsect","Dodecahedron","Boot","Shovel","Bag of Preparation","Odd Mushroom","Strawberry","Sozu","Molten Egg 2","Potion Belt","Juzu Bracelet"],"potions_floor_usage":[],"damage_taken":[{"damage":2.0,"enemies":"2 Louse","floor":1.0,"turns":2.0},{"damage":8.0,"enemies":"Small Slimes","floor":5.0,"turns":3.0},{"damage":4.0,"enemies":"Lagavulin","floor":6.0,"turns":6.0},{"damage":0.0,"enemies":"Jaw Worm","floor":10.0,"turns":4.0},{"damage":3.0,"enemies":"Looter","floor":11.0,"turns":4.0},{"damage":3.0,"enemies":"The Mushroom Lair","floor":12.0,"turns":5.0},{"damage":13.0,"enemies":"3 Louse","floor":13.0,"turns":3.0},{"damage":8.0,"enemies":"3 Sentries","floor":14.0,"turns":5.0},{"damage":23.0,"enemies":"Slime Boss","floor":16.0,"turns":9.0},{"damage":25.0,"enemies":"2 Thieves","floor":18.0,"turns":4.0},{"damage":0.0,"enemies":"Chosen","floor":20.0,"turns":6.0},{"damage":25,"enemies":"Snake Plant","floor":22,"turns":4},{"damage":36,"enemies":"Gremlin Leader","floor":24,"turns":6},{"damage":18,"enemies":"Chosen and Byrds","floor":28,"turns":7},{"damage":19,"enemies":"Slavers","floor":31,"turns":2}],"seed_played":"9021518061866274462","potions_obtained":[{"floor":5.0,"key":"FocusPotion"},{"floor":12.0,"key":"Fire Potion"},{"floor":13.0,"key":"Regen Potion"},{"floor":14.0,"key":"Energy Potion"}],"is_trial":false,"path_per_floor":["M","?","$","?","M","E","R","?","T","M","M","?","M","E","R","B",null,"M","?","M","?","M","R","E","R","T","?","M","?","$","E"],"character_chosen":"DEFECT","items_purchased":["Static Discharge","Defragment"],"campfire_rested":4,"item_purchase_floors":[3,30],"current_hp_per_floor":[66,66,66,51,43,39,61,43,43,43,40,37,24,35,59,36,71,46,46,46,46,21,45,9,33,33,33,15,15,15,0],"gold":136,"neow_bonus":"RANDOM_COMMON_RELIC","is_prod":false,"is_daily":false,"chose_seed":false,"campfire_upgraded":0,"win_rate":0,"timestamp":1550204215,"path_taken":["M","?","$","?","M","E","R","?","T","M","M","?","M","E","R","BOSS","M","?","M","?","M","R","E","R","T","?","M","?","$","E"],"build_version":"2019-01-23","purchased_purges":2,"victory":false,"max_hp_per_floor":[75,75,75,75,75,75,75,75,75,75,75,75,75,82,82,82,82,82,82,82,82,82,82,82,82,82,82,82,82,82,82],"card_choices":[{"not_picked":["Stack","Sweeping Beam"],"picked":"Hello World","floor":1.0},{"not_picked":["Scrape","Coolheaded"],"picked":"Steam","floor":5.0},{"not_picked":["Stack","Cold Snap"],"picked":"Gash","floor":6.0},{"not_picked":["Auto Shields","Doom and Gloom"],"picked":"Conserve Battery","floor":10.0},{"not_picked":["Blizzard","Aggregate"],"picked":"Leap","floor":11.0},{"not_picked":["Stack","Fusion"],"picked":"Hologram","floor":13.0},{"not_picked":["Steam","Streamline"],"picked":"Echo Form","floor":14.0},{"not_picked":["Echo Form","Reboot"],"picked":"Core Surge","floor":16.0},{"not_picked":["Redo","Coolheaded"],"picked":"Sunder+1","floor":18.0},{"not_picked":["Auto Shields+1","Steam"],"picked":"Loop","floor":20.0},{"not_picked":["Tempest","Barrage+1"],"picked":"Gash+1","floor":22},{"not_picked":["Genetic Algorithm","All For One+1"],"picked":"Leap","floor":24},{"not_picked":["Streamline+1","Redo+1"],"picked":"Conserve Battery","floor":28}],"player_experience":392259,"relics_obtained":[{"floor":6.0,"key":"Boot"},{"floor":9.0,"key":"Bag of Preparation"},{"floor":12.0,"key":"Odd Mushroom"},{"floor":14.0,"key":"Strawberry"},{"floor":24,"key":"Potion Belt"},{"floor":26,"key":"Juzu Bracelet"}],"event_choices":[{"damage_healed":0.0,"max_hp_gain":0.0,"max_hp_loss":0.0,"gold_gain":0.0,"event_name":"Big Fish","player_choice":"Box","floor":2.0,"gold_loss":0.0,"damage_taken":0.0,"relics_obtained":["Dodecahedron"],"cards_obtained":["Regret"]},{"damage_healed":0.0,"max_hp_gain":0.0,"max_hp_loss":0.0,"gold_gain":0.0,"event_name":"Shining Light","player_choice":"Entered Light","floor":4.0,"gold_loss":0.0,"damage_taken":15.0,"cards_upgraded":["Defend_B","Defend_B"]},{"damage_healed":0.0,"max_hp_gain":0.0,"max_hp_loss":0.0,"gold_gain":0.0,"event_name":"Scrap Ooze","player_choice":"Success","floor":8.0,"gold_loss":0.0,"damage_taken":18.0,"relics_obtained":["Shovel"]},{"damage_healed":0.0,"max_hp_gain":0.0,"max_hp_loss":0.0,"gold_gain":0.0,"event_name":"Mushrooms","player_choice":"Fought Mushrooms","floor":12.0,"gold_loss":0.0,"damage_taken":0.0},{"damage_healed":0.0,"max_hp_gain":0.0,"max_hp_loss":0.0,"gold_gain":0.0,"event_name":"Vampires","player_choice":"Ignored","floor":19.0,"gold_loss":0.0,"damage_taken":0.0},{"damage_healed":0,"gold_gain":0,"player_choice":"Obtained Relic","damage_taken":0,"relics_obtained":["Molten Egg 2"],"max_hp_gain":0,"max_hp_loss":0,"event_name":"Addict","floor":21,"gold_loss":85},{"damage_healed":0,"gold_gain":100,"player_choice":"Bet on Murderer","damage_taken":0,"max_hp_gain":0,"max_hp_loss":0,"event_name":"The Joust","floor":27,"gold_loss":50},{"damage_healed":0,"gold_gain":0,"player_choice":"Smashed Altar","damage_taken":0,"max_hp_gain":0,"max_hp_loss":0,"event_name":"Forgotten Altar","floor":29,"gold_loss":0,"cards_obtained":["Decay"]}],"is_beta":false,"boss_relics":[{"not_picked":["White Beast Statue","Cursed Key"],"picked":"Sozu"}],"items_purged_floors":[3,30],"is_endless":false,"potions_floor_spawned":[5,12,13,14,22,28],"killed_by":"Slavers","ascension_level":8}