{"gold_per_floor":[112,112,187,187,210,244,244,263,342,259,279,279,304,318,318,447,447,461,482,482,482,6,6,18,18,18,45,74,104,132,144,144,249,249,259,259,270,16,30,58,58,87,87,87,106,106,118,11,11,11],"floor_reached":51,"playtime":1740,"items_purged":["Strike_R","Strike_R"],"score":1127,"play_id":"4c0b05b5-012d-4c70-9a6c-60a19cda3e98","local_time":"20190225002154","is_ascension_mode":true,"campfire_choices":[{"data":"Armaments","floor":7.0,"key":"SMITH"},{"data":"Metallicize","floor":15,"key":"SMITH"},{"floor":23,"key":"REST"},{"floor":25,"key":"RECALL"},{"floor":32,"key":"REST"},{"floor":41,"key":"REST"},{"floor":44,"key":"REST"},{"floor":49,"key":"REST"}],"neow_cost":"NONE","seed_source_timestamp":39623650564656,"circlet_count":0,"master_deck":["AscendersBane","Strike_R","Strike_R","Defend_R","Defend_R","Defend_R","Defend_R","Bash+1","Whirlwind+1","Twin Strike","Armaments+1","Headbutt","Inflame","Metallicize+1","Juggernaut","Dark Embrace","Shockwave","Exhume","Body Slam+1","Warcry+1","Metallicize","Limit Break","Dropkick+1","Shrug It Off+1","Sword Boomerang+1","Armaments+1","Metallicize"],"special_seed":0,"relics":["Burning Blood","Bloody Idol","Smiling Mask","The Courier","Fusion Hammer","Bottled Tornado","Sling","Juzu Bracelet","Ancient Tea Set","Anchor","Boot","Red Mask","Bird Faced Urn","Velvet Choker","Letter Opener","Art of War","Shovel","Thread and Needle","Vajra"],"potions_floor_usage":[16,16,28,50],"damage_taken":[{"damage":10.0,"enemies":"Small Slimes","floor":1.0,"turns":4.0},{"damage":0.0,"enemies":"2 Louse","floor":5.0,"turns":1.0},{"damage":20.0,"enemies":"Lagavulin","floor":6.0,"turns":4.0},{"damage":0.0,"enemies":"Jaw Worm","floor":8.0,"turns":3.0},{"damage":1,"enemies":"2 Fungi Beasts","floor":11,"turns":2},{"damage":0,"enemies":"Lots of Slimes","floor":13,"turns":1},{"damage":1,"enemies":"3 Louse","floor":14,"turns":2},{"damage":11,"enemies":"Slime Boss","floor":16,"turns":10},{"damage":30,"enemies":"Spheric Guardian","floor":18,"turns":4},{"damage":23,"enemies":"3 Byrds","floor":19,"turns":5},{"damage":19,"enemies":"Snake Plant","floor":24,"turns":4},{"damage":20,"enemies":"Slavers","floor":28,"turns":4},{"damage":31,"enemies":"Masked Bandits","floor":29,"turns":4},{"damage":21,"enemies":"Gremlin Leader","floor":30,"turns":5},{"damage":12,"enemies":"Centurion and Healer","floor":31,"turns":4},{"damage":27,"enemies":"Champ","floor":33,"turns":11},{"damage":20,"enemies":"Orb Walker","floor":35,"turns":4},{"damage":23,"enemies":"3 Darklings","floor":37,"turns":4},{"damage":21,"enemies":"Maw","floor":39,"turns":8},{"damage":34,"enemies":"Nemesis","floor":40,"turns":7},{"damage":46,"enemies":"Reptomancer","floor":42,"turns":5},{"damage":19,"enemies":"Spire Growth","floor":45,"turns":7},{"damage":54,"enemies":"Transient","floor":47,"turns":5},{"damage":28,"enemies":"Time Eater","floor":50,"turns":6}],"seed_played":"-8964815244112015222","potions_obtained":[{"floor":1.0,"key":"PowerPotion"},{"floor":8.0,"key":"Block Potion"},{"floor":13,"key":"Regen Potion"},{"floor":16,"key":"FairyPotion"},{"floor":19,"key":"Regen Potion"},{"floor":31,"key":"SneckoOil"},{"floor":33,"key":"Strength Potion"},{"floor":36,"key":"PowerPotion"}],"is_trial":false,"path_per_floor":["M","?","?","?","M","E","R","M","T","$","M","?","M","M","R","B",null,"M","M","?","?","$","R","M","R","T","T","E","?","E","M","R","B",null,"M","?","M","$","M","E","R","E","T","R","M","?","M","?","R","B",null],"character_chosen":"IRONCLAD","items_purchased":["Inflame","Bottled Tornado","Sling","Juzu Bracelet","Letter Opener"],"campfire_rested":5,"item_purchase_floors":[10,22,22,22,38],"current_hp_per_floor":[68,48,37,37,43,29,29,35,35,35,40,40,46,51,51,61,75,51,34,60,60,60,80,72,72,72,77,77,57,47,50,74,68,77,70,70,64,64,64,51,75,49,49,73,72,72,39,39,63,55],"gold":11,"neow_bonus":"UPGRADE_CARD","is_prod":false,"is_daily":false,"chose_seed":false,"campfire_upgraded":2,"win_rate":0,"timestamp":1551046914,"path_taken":["M","?","?","?","?","E","R","M","T","$","M","?","M","M","R","BOSS","M","?","?","?","$","R","M","R","T","?","E","?","E","M","R","BOSS","M","?","M","$","M","E","R","E","T","R","M","?","M","?","R","BOSS"],"build_version":"2019-01-23","purchased_purges":2,"victory":true,"max_hp_per_floor":[80,80,80,80,80,80,80,80,80,80,80,80,80,80,80,80,80,80,80,80,80,80,80,80,80,80,80,80,80,80,80,80,80,80,80,80,80,80,80,80,80,80,80,80,80,80,80,80,80,80],"card_choices":[{"not_picked":["Sever Soul","Thunderclap"],"picked":"Whirlwind","floor":1.0},{"not_picked":["Anger","Pummel"],"picked":"Twin Strike","floor":5.0},{"not_picked":["Dark Embrace","Clash"],"picked":"Armaments","floor":6.0},{"not_picked":["Sword Boomerang","Clash"],"picked":"Headbutt","floor":8.0},{"not_picked":["Armaments","Iron Wave"],"picked":"Metallicize","floor":11},{"not_picked":["True Grit","Iron Wave"],"picked":"Dark Embrace","floor":13},{"not_picked":["Twin Strike","Thunderclap"],"picked":"Shockwave","floor":14},{"not_picked":["Reaper","Limit Break"],"picked":"Exhume","floor":16},{"not_picked":["Heavy Blade+1","Flex","Body Slam"],"picked":"SKIP","floor":18},{"not_picked":["Iron Wave","Heavy Blade"],"picked":"Body Slam+1","floor":19},{"not_picked":["Thunderclap","Carnage"],"picked":"Warcry+1","floor":24},{"not_picked":["Iron Wave","Sword Boomerang","Flex"],"picked":"SKIP","floor":28},{"not_picked":["Heavy Blade","Reckless Charge","Combust"],"picked":"SKIP","floor":30},{"not_picked":["Havoc","Warcry"],"picked":"Metallicize","floor":31},{"not_picked":["Exhume","Juggernaut"],"picked":"Limit Break","floor":33},{"not_picked":["Iron Wave","Havoc"],"picked":"Dropkick+1","floor":35},{"not_picked":["Cleave+1","True Grit+1"],"picked":"Shrug It Off+1","floor":37},{"not_picked":["Headbutt","Twin Strike+1","Anger+1"],"picked":"SKIP","floor":39},{"not_picked":["Sword Boomerang","Searing Blow+1","Corruption"],"picked":"SKIP","floor":40},{"not_picked":["Blood for Blood","Anger"],"picked":"Sword Boomerang+1","floor":42},{"not_picked":["Anger+1","Burning Pact"],"picked":"Armaments+1","floor":45},{"not_picked":["Brutality","Rupture+1"],"picked":"Metallicize","floor":47}],"player_experience":220273,"relics_obtained":[{"floor":6.0,"key":"Smiling Mask"},{"floor":9.0,"key":"The Courier"},{"floor":26,"key":"Ancient Tea Set"},{"floor":27,"key":"Anchor"},{"floor":28,"key":"Boot"},{"floor":29,"key":"Red Mask"},{"floor":30,"key":"Bird Faced Urn"},{"floor":40,"key":"Art of War"},{"floor":42,"key":"Shovel"},{"floor":43,"key":"Thread and Needle"}],"event_choices":[{"damage_healed":0.0,"max_hp_gain":0.0,"max_hp_loss":0.0,"gold_gain":0.0,"event_name":"Golden Idol","player_choice":"Take Damage","floor":2.0,"gold_loss":0.0,"damage_taken":20.0,"relics_obtained":["Golden Idol"]},{"damage_healed":0.0,"max_hp_gain":0.0,"max_hp_loss":0.0,"gold_gain":75.0,"event_name":"World of Goop","player_choice":"Gather Gold","floor":3.0,"gold_loss":0.0,"damage_taken":11.0},{"damage_healed":0.0,"max_hp_gain":0.0,"max_hp_loss":0.0,"gold_gain":0.0,"event_name":"Living Wall","player_choice":"Grow","floor":4.0,"gold_loss":0.0,"damage_taken":0.0,"cards_upgraded":["Whirlwind"]},{"damage_healed":0,"gold_gain":0,"cards_transformed":["Strike_R"],"player_choice":"Transformed","damage_taken":0,"max_hp_gain":0,"max_hp_loss":0,"event_name":"Transmorgrifier","floor":12,"gold_loss":0,"cards_obtained":["Juggernaut"]},{"damage_healed":26,"gold_gain":0,"player_choice":"Heal","damage_taken":0,"max_hp_gain":0,"max_hp_loss":0,"event_name":"The Library","floor":20,"gold_loss":0},{"damage_healed":0,"gold_gain":0,"player_choice":"Gave Idol","damage_taken":0,"relics_obtained":["Bloody Idol"],"max_hp_gain":0,"max_hp_loss":0,"event_name":"Forgotten Altar","floor":21,"relics_lost":["Golden Idol"],"gold_loss":0},{"damage_healed":0,"gold_gain":0,"player_choice":"Fought Bandits","damage_taken":0,"max_hp_gain":0,"max_hp_loss":0,"event_name":"Masked Bandits","floor":29,"gold_loss":0},{"damage_healed":0,"gold_gain":0,"player_choice":"Got Potions","damage_taken":0,"max_hp_gain":0,"max_hp_loss":0,"event_name":"Lab","floor":36,"gold_loss":0},{"damage_healed":0,"gold_gain":0,"player_choice":"Ignored","damage_taken":0,"max_hp_gain":0,"max_hp_loss":0,"event_name":"Tomb of Lord Red Mask","floor":46,"gold_loss":0},{"damage_healed":0,"gold_gain":0,"player_choice":"Paid Gold","damage_taken":0,"relics_obtained":["Vajra"],"max_hp_gain":0,"max_hp_loss":0,"event_name":"WeMeetAgain","floor":48,"gold_loss":107}],"is_beta":false,"boss_relics":[{"not_picked":["Runic Pyramid","Eternal Feather"],"picked":"Fusion Hammer"},{"not_picked":["Lizard Tail","Pandora\u0027s Box"],"picked":"Velvet Choker"}],"items_purged_floors":[10,38],"is_endless":false,"potions_floor_spawned":[1,8,13,16,19,24,31,33,37,42,45,47],"ascension_level":11}