{"gold_per_floor":[116,131,149,149,169,169,194,194,194,211,241,241],"floor_reached":12,"playtime":416,"items_purged":[],"score":130,"play_id":"e7dff87c-0122-48f9-9081-2bf165630e0d","local_time":"20190226151936","is_ascension_mode":true,"campfire_choices":[{"data":"Tools of the Trade","floor":6,"key":"SMITH"}],"neow_cost":"NONE","seed_source_timestamp":1200668398546941,"circlet_count":0,"master_deck":["AscendersBane","Defend_G","Defend_G","Defend_G","Defend_G","Defend_G","Strike_G","Strike_G","Strike_G","Strike_G","Strike_G","Survivor","Neutralize","Tools of the Trade+1","Predator","Poisoned Stab","Cloak And Dagger","Crippling Poison","Dagger Throw"],"relics":["Ring of the Snake","Odd Mushroom","Darkstone Periapt"],"potions_floor_usage":[7,12],"damage_taken":[{"damage":1,"enemies":"Small Slimes","floor":1,"turns":6},{"damage":1,"enemies":"2 Louse","floor":2,"turns":3},{"damage":6,"enemies":"Cultist","floor":3,"turns":4},{"damage":0,"enemies":"2 Fungi Beasts","floor":5,"turns":4},{"damage":13,"enemies":"The Mushroom Lair","floor":7,"turns":4},{"damage":1,"enemies":"Looter","floor":10,"turns":4},{"damage":36,"enemies":"Lagavulin","floor":12,"turns":6}],"seed_played":"2066516373539620912","potions_obtained":[{"floor":3,"key":"Poison Potion"},{"floor":5,"key":"Poison Potion"}],"is_trial":false,"path_per_floor":["M","M","M","$","M","R","?","?","T","M","?","E"],"character_chosen":"THE_SILENT","items_purchased":[],"campfire_rested":0,"item_purchase_floors":[],"current_hp_per_floor":[58,57,51,51,51,51,38,29,29,28,28,0],"gold":241,"neow_bonus":"ONE_RANDOM_RARE_CARD","is_prod":false,"is_daily":false,"chose_seed":false,"campfire_upgraded":1,"win_rate":0,"timestamp":1551223176,"path_taken":["M","M","M","$","M","R","?","?","T","?","?","E"],"build_version":"2019-01-23","purchased_purges":0,"victory":false,"max_hp_per_floor":[66,66,66,66,66,66,66,66,66,66,66,66],"card_choices":[{"not_picked":["Deflect","Setup"],"picked":"Predator","floor":1},{"not_picked":["Flying Knee","Sucker Punch"],"picked":"Poisoned Stab","floor":2},{"not_picked":["Riddle With Holes","Tactician"],"picked":"Cloak And Dagger","floor":3},{"not_picked":["Acrobatics","Bouncing Flask"],"picked":"Crippling Poison","floor":5},{"not_picked":["Bane","Concentrate"],"picked":"Dagger Throw","floor":10}],"player_experience":255503,"relics_obtained":[{"floor":7,"key":"Odd Mushroom"},{"floor":9,"key":"Darkstone Periapt"}],"event_choices":[{"damage_healed":0,"gold_gain":0,"player_choice":"Fought Mushrooms","damage_taken":0,"max_hp_gain":0,"max_hp_loss":0,"event_name":"Mushrooms","floor":7,"gold_loss":0},{"damage_healed":0,"gold_gain":0,"player_choice":"Damaged","damage_taken":9,"max_hp_gain":0,"max_hp_loss":0,"event_name":"Wheel of Change","floor":8,"gold_loss":0},{"damage_healed":0,"gold_gain":30,"player_choice":"Searched \u00271\u0027 times","damage_taken":0,"max_hp_gain":0,"max_hp_loss":0,"event_name":"Dead Adventurer","floor":11,"gold_loss":0}],"is_beta":false,"boss_relics":[],"items_purged_floors":[],"is_endless":false,"potions_floor_spawned":[3,5],"killed_by":"Lagavulin","ascension_level":17}