{"gold_per_floor":[113,113,129,129,140,165,165,192,192,192,192,208,208,218,218,320,320,334,334,61,86,102,131,131,131,131,150,179,197,197,47,47,152,152,164,182,182,6,16,43,43,78,78,90,103,130,130,143,143,143],"floor_reached":51,"playtime":4205,"items_purged":["Strike_G","Defend_G"],"score":1097,"play_id":"ca71d77b-c70c-4d92-9353-7829873e22db","local_time":"20190116015117","is_ascension_mode":true,"campfire_choices":[{"floor":7,"key":"REST"},{"floor":15,"key":"REST"},{"floor":24,"key":"RECALL"},{"floor":32,"key":"REST"},{"floor":41,"key":"REST"},{"floor":49,"key":"REST"}],"neow_cost":"NONE","seed_source_timestamp":304758231126745,"circlet_count":0,"master_deck":["Defend_G","Defend_G","Defend_G","Strike_G+1","Strike_G+1","Strike_G+1","Survivor","Neutralize","Cloak And Dagger","Caltrops","Poisoned Stab","Dagger Throw","Footwork","Acrobatics","Backflip","Envenom+1","Backflip","Ghostly","Ghostly","Ghostly","Ghostly","Ghostly","Dagger Spray+1","Adrenaline","Deadly Poison+1","Poisoned Stab","Outmaneuver","After Image","Skewer+1","Noxious Fumes","Cloak And Dagger","Cloak And Dagger+1","Dagger Throw","Acrobatics"],"relics":["Fusion Hammer","Orichalcum","Blood Vial","Strawberry","Vajra","Sozu","TwistedFunnel","Red Mask","Whetstone","Blue Candle","Question Card","Anchor","Busted Crown","Centennial Puzzle","Dodecahedron","Happy Flower","Shuriken","Ice Cream"],"potions_floor_usage":[16,16,50],"damage_taken":[{"damage":0,"enemies":"Cultist","floor":1,"turns":4},{"damage":0,"enemies":"Jaw Worm","floor":3,"turns":6},{"damage":0,"enemies":"Small Slimes","floor":5,"turns":4},{"damage":42,"enemies":"Lagavulin","floor":6,"turns":8},{"damage":20,"enemies":"Gremlin Nob","floor":8,"turns":4},{"damage":5,"enemies":"Blue Slaver","floor":12,"turns":3},{"damage":8,"enemies":"Large Slime","floor":14,"turns":5},{"damage":3,"enemies":"The Guardian","floor":16,"turns":10},{"damage":12,"enemies":"Spheric Guardian","floor":18,"turns":4},{"damage":1,"enemies":"Masked Bandits","floor":21,"turns":6},{"damage":0,"enemies":"Chosen","floor":22,"turns":5},{"damage":0,"enemies":"Book of Stabbing","floor":23,"turns":5},{"damage":0,"enemies":"Snake Plant","floor":27,"turns":4},{"damage":0,"enemies":"Gremlin Leader","floor":28,"turns":6},{"damage":0,"enemies":"3 Cultists","floor":29,"turns":3},{"damage":5,"enemies":"Collector","floor":33,"turns":8},{"damage":4,"enemies":"3 Shapes","floor":35,"turns":5},{"damage":0,"enemies":"Orb Walker","floor":36,"turns":3},{"damage":0,"enemies":"Sphere and 2 Shapes","floor":39,"turns":5},{"damage":0,"enemies":"Nemesis","floor":40,"turns":9},{"damage":0,"enemies":"Reptomancer","floor":42,"turns":7},{"damage":0,"enemies":"3 Darklings","floor":44,"turns":3},{"damage":0,"enemies":"4 Shapes","floor":45,"turns":3},{"damage":0,"enemies":"Nemesis","floor":46,"turns":7},{"damage":0,"enemies":"Maw","floor":48,"turns":5},{"damage":0,"enemies":"Time Eater","floor":50,"turns":8}],"seed_played":"6346519143840536167","potions_obtained":[{"floor":1,"key":"Explosive Potion"},{"floor":3,"key":"Swift Potion"},{"floor":8,"key":"Poison Potion"},{"floor":14,"key":"LiquidBronze"}],"is_trial":false,"path_per_floor":["M","T","M","?","M","E","R","E","T","?","?","M","?","M","R","B",null,"M","?","$","?","M","E","R","?","T","M","E","M","?","$","R","B",null,"M","M","?","$","M","E","R","E","T","M","M","E","?","M","R","B",null],"character_chosen":"THE_SILENT","items_purchased":["TwistedFunnel","Anchor","Noxious Fumes"],"campfire_rested":5,"item_purchase_floors":[20,31,38],"current_hp_per_floor":[70,70,70,70,70,28,49,38,38,43,27,24,24,18,42,41,82,70,41,41,40,41,41,41,41,41,41,41,41,36,36,46,41,46,42,44,44,44,46,46,46,46,46,46,46,46,46,46,46,46],"gold":143,"neow_bonus":"BOSS_RELIC","is_prod":false,"is_daily":false,"chose_seed":false,"campfire_upgraded":0,"win_rate":0,"timestamp":1547632277,"path_taken":["M","?","M","?","?","E","R","E","T","?","?","M","?","M","R","BOSS","M","?","$","?","M","E","R","?","T","?","E","M","?","?","R","BOSS","M","?","?","$","M","E","R","E","T","M","M","E","?","M","R","BOSS"],"build_version":"2019-01-10","purchased_purges":2,"victory":true,"max_hp_per_floor":[70,70,70,70,70,70,70,77,77,82,82,82,82,82,82,82,82,82,41,41,41,41,41,41,41,41,41,41,41,46,46,46,46,46,46,46,46,46,46,46,46,46,46,46,46,46,46,46,46,46],"card_choices":[{"not_picked":["Masterful Stab","Skewer"],"picked":"Cloak And Dagger","floor":1},{"not_picked":["Skewer","PiercingWail","Distraction"],"picked":"SKIP","floor":3},{"not_picked":["Underhanded Strike","Riddle With Holes"],"picked":"Poisoned Stab","floor":5},{"not_picked":["Escape Plan","Expertise"],"picked":"Dagger Throw","floor":6},{"not_picked":["Distraction","Reflex"],"picked":"Footwork","floor":8},{"not_picked":["Skewer","Distraction"],"picked":"Acrobatics","floor":12},{"not_picked":["Acrobatics","Cloak And Dagger"],"picked":"Backflip","floor":14},{"not_picked":["Night Terror","A Thousand Cuts"],"picked":"Envenom","floor":16},{"not_picked":["Dodge and Roll","Dagger Throw"],"picked":"Backflip","floor":18},{"not_picked":["Deflect+1","Backflip"],"picked":"Dagger Spray","floor":21},{"not_picked":["Blade Dance","Tactician+1","Accuracy"],"picked":"SKIP","floor":22},{"not_picked":["Distraction","Escape Plan"],"picked":"Adrenaline","floor":23},{"not_picked":["Backflip+1","Accuracy"],"picked":"Deadly Poison+1","floor":27},{"not_picked":["Catalyst+1","Acrobatics"],"picked":"Poisoned Stab","floor":28},{"not_picked":["Backstab","PiercingWail+1","Concentrate"],"picked":"Outmaneuver","floor":29},{"not_picked":["Doppelganger","Grand Finale","Unload"],"picked":"After Image","floor":33},{"not_picked":["Outmaneuver+1","Reflex"],"picked":"SKIP","floor":35},{"not_picked":["Outmaneuver"],"picked":"Skewer+1","floor":36},{"not_picked":["Blade Dance"],"picked":"Cloak And Dagger","floor":39},{"not_picked":["Finisher"],"picked":"Cloak And Dagger+1","floor":40},{"not_picked":["Distraction+1","Sucker Punch+1"],"picked":"SKIP","floor":42},{"not_picked":["Corpse Explosion"],"picked":"Dagger Throw","floor":44},{"not_picked":["Deflect","Dagger Throw"],"picked":"SKIP","floor":45},{"not_picked":["Predator+1"],"picked":"Acrobatics","floor":46},{"not_picked":["Blade Dance+1","Catalyst+1"],"picked":"SKIP","floor":48}],"player_experience":178574,"relics_obtained":[{"floor":2,"key":"Orichalcum"},{"floor":6,"key":"Blood Vial"},{"floor":8,"key":"Strawberry"},{"floor":9,"key":"Vajra"},{"floor":21,"key":"Red Mask"},{"floor":23,"key":"Whetstone"},{"floor":26,"key":"Blue Candle"},{"floor":28,"key":"Question Card"},{"floor":40,"key":"Centennial Puzzle"},{"floor":42,"key":"Dodecahedron"},{"floor":43,"key":"Happy Flower"},{"floor":46,"key":"Shuriken"},{"floor":47,"key":"Ice Cream"}],"event_choices":[{"damage_healed":0,"gold_gain":0,"cards_transformed":["Defend_G"],"player_choice":"Transformed","damage_taken":0,"max_hp_gain":0,"max_hp_loss":0,"event_name":"Transmorgrifier","floor":4,"gold_loss":0,"cards_obtained":["Caltrops"]},{"damage_healed":0,"gold_gain":0,"player_choice":"Donut","damage_taken":0,"max_hp_gain":5,"max_hp_loss":0,"event_name":"Big Fish","floor":10,"gold_loss":0},{"damage_healed":0,"gold_gain":0,"player_choice":"Entered Light","damage_taken":16,"max_hp_gain":0,"max_hp_loss":0,"event_name":"Shining Light","floor":11,"gold_loss":0,"cards_upgraded":["Strike_G","Strike_G"]},{"cards_removed":["Strike_G"],"damage_healed":0,"gold_gain":0,"player_choice":"Offered Basic","damage_taken":0,"max_hp_gain":0,"max_hp_loss":0,"event_name":"Bonfire Elementals","floor":13,"gold_loss":0},{"damage_healed":0,"gold_gain":0,"player_choice":"Became a Ghost","damage_taken":0,"max_hp_gain":0,"max_hp_loss":41,"event_name":"Ghosts","floor":19,"gold_loss":0,"cards_obtained":["Ghostly","Ghostly","Ghostly","Ghostly","Ghostly"]},{"damage_healed":0,"gold_gain":0,"player_choice":"Fought Bandits","damage_taken":0,"max_hp_gain":0,"max_hp_loss":0,"event_name":"Masked Bandits","floor":21,"gold_loss":0},{"damage_healed":0,"gold_gain":0,"player_choice":"Upgraded","damage_taken":0,"max_hp_gain":0,"max_hp_loss":0,"event_name":"Upgrade Shrine","floor":25,"gold_loss":0,"cards_upgraded":["Envenom"]},{"damage_healed":0,"gold_gain":0,"player_choice":"Shed Blood","damage_taken":10,"max_hp_gain":5,"max_hp_loss":0,"event_name":"Forgotten Altar","floor":30,"gold_loss":0},{"damage_healed":0,"gold_gain":0,"player_choice":"Memory 1","damage_taken":0,"max_hp_gain":0,"max_hp_loss":0,"event_name":"SensoryStone","floor":37,"gold_loss":0},{"damage_healed":0,"gold_gain":0,"player_choice":"Relic","damage_taken":0,"max_hp_gain":0,"max_hp_loss":0,"event_name":"Wheel of Change","floor":47,"gold_loss":0}],"is_beta":false,"boss_relics":[{"not_picked":["Pandora\u0027s Box","HoveringKite"],"picked":"Sozu"},{"not_picked":["Empty Cage","Tiny House"],"picked":"Busted Crown"}],"items_purged_floors":[20,38],"is_endless":false,"potions_floor_spawned":[1,3,8,14,18,28,29,35,39,45,48],"ascension_level":3}