{"gold_per_floor":[115,115,74,84,84,84,100,119,119,119,132,132,152,163,163,265,265,285,210,210,230,241,241],"floor_reached":23,"playtime":1209,"items_purged":["Strike_B"],"score":185,"play_id":"1a9101d5-17b2-48e8-aee3-99c83b4670e8","local_time":"20190101184115","is_ascension_mode":false,"campfire_choices":[{"data":"Creative AI","floor":6.0,"key":"SMITH"},{"data":"Zap","floor":10.0,"key":"SMITH"},{"data":"Darkness","floor":12.0,"key":"SMITH"},{"floor":15.0,"key":"REST"}],"neow_cost":"NONE","seed_source_timestamp":10087221539100,"circlet_count":0,"master_deck":["Strike_B","Strike_B","Defend_B+1","Defend_B","Defend_B","Defend_B","Zap+1","Dualcast","Cold Snap+1","Creative AI+1","Genetic Algorithm","Darkness+1","Streamline","Steam","Compile Driver","Rebound","Leap","Machine Learning","Hologram+1","Coolheaded","Rip and Tear"],"special_seed":0,"relics":["Nuclear Battery"],"potions_floor_usage":[22,22,22],"damage_taken":[{"damage":4.0,"enemies":"Jaw Worm","floor":1.0,"turns":4.0},{"damage":0.0,"enemies":"Cultist","floor":4.0,"turns":4.0},{"damage":2.0,"enemies":"Small Slimes","floor":7.0,"turns":3.0},{"damage":13.0,"enemies":"Looter","floor":8.0,"turns":3.0},{"damage":11.0,"enemies":"Exordium Thugs","floor":11.0,"turns":5.0},{"damage":0.0,"enemies":"3 Louse","floor":13.0,"turns":4.0},{"damage":7.0,"enemies":"Gremlin Gang","floor":14.0,"turns":5.0},{"damage":26.0,"enemies":"Hexaghost","floor":16.0,"turns":10.0},{"damage":1.0,"enemies":"Shell Parasite","floor":18.0,"turns":8.0},{"damage":28.0,"enemies":"Colosseum Slavers","floor":20.0,"turns":5.0},{"damage":13.0,"enemies":"Spheric Guardian","floor":21.0,"turns":6.0},{"damage":25,"enemies":"3 Cultists","floor":22,"turns":8},{"damage":13,"enemies":"Snecko","floor":23,"turns":5}],"seed_played":"8620346770380748104","potions_obtained":[{"floor":1.0,"key":"Dexterity Potion"},{"floor":4.0,"key":"Strength Potion"},{"floor":11.0,"key":"Strength Potion"},{"floor":18.0,"key":"EssenceOfSteel"},{"floor":21.0,"key":"FocusPotion"}],"is_trial":false,"path_per_floor":["M","?","$","M","?","R","M","M","T","R","M","R","M","M","R","B",null,"M","$","?","M","M","M"],"character_chosen":"DEFECT","items_purchased":["Genetic Algorithm"],"campfire_rested":1,"item_purchase_floors":[3],"current_hp_per_floor":[71,71,71,71,56,56,54,41,41,41,30,30,30,23,45,19,75,74,74,46,33,8,0],"gold":241,"neow_bonus":"BOSS_RELIC","is_prod":false,"is_daily":false,"chose_seed":false,"campfire_upgraded":3,"win_rate":0,"timestamp":1546360875,"path_taken":["M","?","$","?","?","R","M","M","T","R","M","R","M","M","R","BOSS","M","$","?","M","M","M"],"build_version":"2018-12-20","purchased_purges":1,"victory":false,"max_hp_per_floor":[75,75,75,75,75,75,75,75,75,75,75,75,75,75,75,75,75,75,75,75,75,75,75],"card_choices":[{"not_picked":["Go for the Eyes","White Noise"],"picked":"Cold Snap","floor":1.0},{"not_picked":["Beam Cell","Static Discharge"],"picked":"Darkness","floor":4.0},{"not_picked":["Stack","Rebound"],"picked":"Streamline","floor":7.0},{"not_picked":["Recycle","Sunder"],"picked":"Steam","floor":8.0},{"not_picked":["Blizzard","Doom and Gloom"],"picked":"Compile Driver","floor":11.0},{"not_picked":["Cold Snap","FTL"],"picked":"Rebound","floor":13.0},{"not_picked":["FTL","Genetic Algorithm"],"picked":"Leap","floor":14.0},{"not_picked":["All For One","Fission"],"picked":"Machine Learning","floor":16.0},{"not_picked":["Auto Shields","Sunder"],"picked":"Hologram+1","floor":18.0},{"not_picked":["Ball Lightning+1","Reprogram+1"],"picked":"Coolheaded","floor":21.0},{"not_picked":["Genetic Algorithm","Coolheaded"],"picked":"Rip and Tear","floor":22}],"player_experience":62354,"relics_obtained":[],"event_choices":[{"damage_healed":0.0,"max_hp_gain":0.0,"max_hp_loss":0.0,"gold_gain":0.0,"cards_transformed":["Strike_B"],"event_name":"Transmorgrifier","player_choice":"Transformed","floor":2.0,"gold_loss":0.0,"damage_taken":0.0,"cards_obtained":["Creative AI"]},{"damage_healed":0.0,"max_hp_gain":0.0,"max_hp_loss":0.0,"gold_gain":0.0,"event_name":"Shining Light","player_choice":"Entered Light","floor":5.0,"gold_loss":0.0,"damage_taken":15.0,"cards_upgraded":["Cold Snap","Defend_B"]},{"damage_healed":0.0,"max_hp_gain":0.0,"max_hp_loss":0.0,"gold_gain":0.0,"event_name":"Colosseum","player_choice":"Fight","floor":20.0,"gold_loss":0.0,"damage_taken":0.0},{"damage_healed":0.0,"max_hp_gain":0.0,"max_hp_loss":0.0,"gold_gain":0.0,"event_name":"Colosseum","player_choice":"Fled From Nobs","floor":20.0,"gold_loss":0.0,"damage_taken":0.0}],"is_beta":false,"boss_relics":[{"not_picked":["White Beast Statue","Tiny House","Ectoplasm"]}],"items_purged_floors":[19],"is_endless":false,"potions_floor_spawned":[1,4,11,18,21],"killed_by":"Snecko","ascension_level":0}