{"gold_per_floor":[119,119,44,61,78,78,95,95,95,112,112,112,142,155,155,251,251,265,278,278,297,55,55,0,0,0,29,41,41,41,53,53,148,148,163,163,0,19,19,19,44,61,61,13,13,13,13,27,27,27],"floor_reached":50,"playtime":5255,"items_purged":["Bash"],"score":510,"play_id":"a49cad1d-6546-4e7e-927a-21bd067d3e79","local_time":"20180626193415","is_ascension_mode":false,"campfire_choices":[{"data":"Defend_R","floor":6,"key":"SMITH"},{"data":"Armaments","floor":8,"key":"SMITH"},{"floor":12,"key":"REST"},{"data":"Perfected Strike","floor":15,"key":"SMITH"},{"floor":25,"key":"REST"},{"floor":29,"key":"REST"},{"floor":32,"key":"REST"},{"floor":40,"key":"REST"},{"floor":47,"key":"REST"},{"floor":49,"key":"REST"}],"neow_cost":"NONE","seed_source_timestamp":21203313383145,"circlet_count":0,"master_deck":["Strike_R+1","Strike_R+1","Strike_R+1","Strike_R+1","Defend_R+1","Defend_R+1","Defend_R+1","Defend_R+1","Perfected Strike+1","Perfected Strike","Blood for Blood","Pommel Strike","Double Tap","Headbutt+1","Anger+1","Impervious","Whirlwind+1","Shockwave+1","Thunderclap+1","Carnage+1","Madness","Madness","Clash+1","Perfected Strike+1","Dark Shackles","Secret Weapon"],"relics":["Burning Blood","Pen Nib","Pantograph","Fusion Hammer","Letter Opener","Pear","Sundial","Astrolabe","Red Mask","Gremlin Horn","Anchor"],"potions_floor_usage":[16,16,23,33,33,41],"damage_taken":[{"damage":12,"enemies":"Jaw Worm","floor":1,"turns":5},{"damage":2,"enemies":"Cultist","floor":4,"turns":4},{"damage":0,"enemies":"2 Louse","floor":5,"turns":2},{"damage":2,"enemies":"Blue Slaver","floor":7,"turns":3},{"damage":25,"enemies":"Gremlin Gang","floor":10,"turns":6},{"damage":8,"enemies":"3 Sentries","floor":13,"turns":6},{"damage":0,"enemies":"3 Louse","floor":14,"turns":3},{"damage":18,"enemies":"Slime Boss","floor":16,"turns":8},{"damage":18,"enemies":"Chosen","floor":18,"turns":3},{"damage":0,"enemies":"Spheric Guardian","floor":19,"turns":3},{"damage":20,"enemies":"3 Cultists","floor":21,"turns":6},{"damage":25,"enemies":"Book of Stabbing","floor":23,"turns":4},{"damage":25,"enemies":"Slavers","floor":27,"turns":6},{"damage":15,"enemies":"Snecko","floor":28,"turns":4},{"damage":0,"enemies":"Centurion and Healer","floor":31,"turns":3},{"damage":47,"enemies":"Champ","floor":33,"turns":10},{"damage":0,"enemies":"3 Shapes","floor":35,"turns":1},{"damage":24,"enemies":"Orb Walker","floor":38,"turns":4},{"damage":40,"enemies":"Nemesis","floor":41,"turns":7},{"damage":22,"enemies":"3 Darklings","floor":42,"turns":5},{"damage":5,"enemies":"4 Shapes","floor":48,"turns":1},{"damage":90,"enemies":"Awakened One","floor":50,"turns":9}],"seed_played":"763781347059830080","potions_obtained":[{"floor":2,"key":"SmokeBomb"},{"floor":2,"key":"Weak Potion"},{"floor":2,"key":"Energy Potion"},{"floor":18,"key":"SpeedPotion"},{"floor":27,"key":"LiquidBronze"},{"floor":31,"key":"Block Potion"},{"floor":33,"key":"Weak Potion"},{"floor":35,"key":"LiquidBronze"},{"floor":48,"key":"EntropicBrew"}],"is_trial":false,"path_per_floor":["M","?","$","M","M","R","M","R","T","M","?","R","E","M","R","B",null,"M","M","?","M","$","E","?","R","T","E","M","R","?","M","R","B",null,"M","?","?","M","$","R","E","M","T","$","?","$","R","M","R"],"character_chosen":"IRONCLAD","items_purchased":["Letter Opener","PowerPotion"],"campfire_rested":7,"item_purchase_floors":[22,44],"current_hp_per_floor":[74,74,74,78,80,80,80,80,80,61,61,80,78,80,80,68,80,68,74,74,60,60,41,41,65,75,56,47,74,74,80,90,49,90,90,79,79,61,61,88,54,38,38,38,28,28,55,56,83,0],"gold":27,"neow_bonus":"UPGRADE_CARD","is_prod":false,"is_daily":false,"chose_seed":false,"campfire_upgraded":3,"win_rate":0.0,"timestamp":1530056055,"path_taken":["M","?","$","M","?","R","M","R","T","M","?","R","E","M","R","BOSS","M","M","?","M","$","E","?","R","T","E","M","R","?","M","R","BOSS","M","?","?","M","?","R","E","?","T","?","?","$","R","M","R","BOSS"],"build_version":"2018-06-21v2","purchased_purges":1,"victory":false,"max_hp_per_floor":[80,80,80,80,80,80,80,80,80,80,80,80,80,80,80,80,80,80,80,80,80,80,80,80,80,90,90,90,90,90,90,90,90,90,90,90,90,90,90,90,90,90,90,90,90,90,90,90,90,90],"card_choices":[{"not_picked":["True Grit","Whirlwind"],"picked":"Perfected Strike","floor":1},{"not_picked":["Thunderclap","True Grit"],"picked":"Clash","floor":4},{"not_picked":["True Grit","Cleave","Burning Pact"],"picked":"SKIP","floor":5},{"not_picked":["Iron Wave","Thunderclap"],"picked":"Armaments","floor":7},{"not_picked":["Whirlwind","Warcry","Pommel Strike"],"picked":"SKIP","floor":10},{"not_picked":["True Grit","Armaments"],"picked":"Blood for Blood","floor":13},{"not_picked":["Intimidate","True Grit"],"picked":"Pommel Strike","floor":14},{"not_picked":["Bludgeon","Brutality"],"picked":"Double Tap","floor":16},{"not_picked":["Body Slam+1","Cleave","Corruption"],"picked":"SKIP","floor":18},{"not_picked":["True Grit","Burning Pact","Power Through"],"picked":"SKIP","floor":19},{"not_picked":["Body Slam","Perfected Strike"],"picked":"Clash","floor":21},{"not_picked":["Disarm+1","Flex"],"picked":"Headbutt+1","floor":27},{"not_picked":["Dual Wield","Flex+1","Barricade"],"picked":"SKIP","floor":28},{"not_picked":["Body Slam","Shockwave"],"picked":"Anger+1","floor":31},{"not_picked":["Feed","Barricade"],"picked":"Impervious","floor":33},{"not_picked":["Cleave+1","Body Slam"],"picked":"Carnage+1","floor":35},{"not_picked":["Twin Strike","Burning Pact"],"picked":"Clash+1","floor":38},{"not_picked":["Armaments+1","Clothesline","Shockwave"],"picked":"SKIP","floor":41},{"not_picked":["Rupture","Clash"],"picked":"Perfected Strike+1","floor":42},{"not_picked":["Panacea","Transmutation"],"picked":"Dark Shackles","floor":45},{"not_picked":["Magnetism","Purity"],"picked":"Secret Weapon","floor":45},{"not_picked":["Warcry","Disarm+1","Sword Boomerang+1"],"picked":"SKIP","floor":48}],"player_experience":6948,"relics_obtained":[{"floor":9,"key":"Pen Nib"},{"floor":13,"key":"Pantograph"},{"floor":26,"key":"Pear"},{"floor":27,"key":"Sundial"},{"floor":41,"key":"Gremlin Horn"},{"floor":43,"key":"Anchor"}],"event_choices":[{"event_name":"The Lab","player_choice":"Got Potions","floor":2,"damage_taken":0},{"event_name":"Living Wall","player_choice":"Change","floor":11,"damage_taken":0},{"event_name":"Vampires","player_choice":"Ignored","floor":20,"damage_taken":0},{"event_name":"Masked Bandits","player_choice":"Paid Bandits 55 gold","floor":24,"damage_taken":0},{"event_name":"Back to Basics","player_choice":"Simplicity","floor":30,"damage_taken":0},{"event_name":"Winding Halls","player_choice":"Embrace Madness","floor":36,"damage_taken":0},{"event_name":"Tomb of Lord Red Mask","player_choice":"Paid","floor":37,"damage_taken":0},{"event_name":"SensoryStone","player_choice":"Memory 3","floor":45,"damage_taken":0}],"boss_relics":[{"not_picked":["Busted Crown","Coffee Dripper"],"picked":"Fusion Hammer"},{"not_picked":["Black Star","Runic Cube"],"picked":"Astrolabe"}],"items_purged_floors":[3],"is_endless":false,"potions_floor_spawned":[4,7,10,18,27,31,33,35,48],"killed_by":"Awakened One","ascension_level":0}