{"gold_per_floor":[115,127,302,321,337,337,370,370,370,370,370,402,402,27,27,122,122,140,157,169,169,182,182,208,208,235,248,263,263,263,281,281,385,385,405,44,44,61,75,75,85,104,104,104,104],"floor_reached":45,"playtime":3198,"items_purged":["Strike_G","Strike_G"],"score":447,"play_id":"e410938c-4f03-46a2-9051-315e75b41beb","local_time":"20181222132316","is_ascension_mode":false,"campfire_choices":[{"data":"Neutralize","floor":6,"key":"SMITH"},{"floor":10,"key":"REST"},{"data":"Backflip","floor":13,"key":"SMITH"},{"floor":15,"key":"REST"},{"data":"Malaise","floor":23,"key":"SMITH"},{"data":"Bouncing Flask","floor":25,"key":"SMITH"},{"data":"Survivor","floor":29,"key":"SMITH"},{"floor":32,"key":"REST"},{"floor":40,"key":"REST"}],"neow_cost":"NONE","seed_source_timestamp":78341366964143,"circlet_count":0,"master_deck":["Defend_G","Defend_G","Defend_G","Defend_G","Strike_G","Strike_G","Strike_G","Survivor+1","Neutralize+1","Poisoned Stab","Sucker Punch","Unload","Backflip+1","Riddle With Holes","Bouncing Flask+1","Caltrops","Malaise+1","Crippling Poison+1","Quick Slash+1","Flying Knee","RitualDagger","Prepared+1","Deadly Poison+1","Noxious Fumes+1","Flying Knee","Predator+1","Tools of the Trade","Outmaneuver+1","Die Die Die","Leg Sweep+1","Parasite","Infinite Blades+1"],"relics":["Ring of the Snake","Boot","Snake Skull","Kunai","Ninja Scroll","Velvet Choker","Sundial","Ancient Tea Set","Philosopher\u0027s Stone","TheAbacus","Pantograph"],"potions_floor_usage":[16,16,24,27,33,33,41,42],"damage_taken":[{"damage":0,"enemies":"Jaw Worm","floor":1,"turns":4},{"damage":2,"enemies":"Small Slimes","floor":2,"turns":3},{"damage":0,"enemies":"2 Louse","floor":4,"turns":3},{"damage":16,"enemies":"Lots of Slimes","floor":5,"turns":6},{"damage":23,"enemies":"3 Sentries","floor":7,"turns":11},{"damage":19,"enemies":"Gremlin Nob","floor":12,"turns":4},{"damage":2,"enemies":"Hexaghost","floor":16,"turns":7},{"damage":0,"enemies":"Shell Parasite","floor":18,"turns":5},{"damage":7,"enemies":"Spheric Guardian","floor":19,"turns":3},{"damage":8,"enemies":"Centurion and Healer","floor":20,"turns":6},{"damage":0,"enemies":"3 Cultists","floor":22,"turns":5},{"damage":20,"enemies":"Gremlin Leader","floor":24,"turns":7},{"damage":0,"enemies":"Shelled Parasite and Fungi","floor":27,"turns":6},{"damage":4,"enemies":"Cultist and Chosen","floor":28,"turns":4},{"damage":0,"enemies":"Snecko","floor":31,"turns":3},{"damage":18,"enemies":"Automaton","floor":33,"turns":8},{"damage":5,"enemies":"3 Darklings","floor":35,"turns":5},{"damage":6,"enemies":"3 Shapes","floor":38,"turns":2},{"damage":35,"enemies":"Jaw Worm Horde","floor":39,"turns":3},{"damage":29,"enemies":"Spire Growth","floor":41,"turns":5},{"damage":20,"enemies":"Writhing Mass","floor":42,"turns":5},{"damage":7,"enemies":"Jaw Worm Horde","floor":45,"turns":1}],"seed_played":"-2780217389078437430","potions_obtained":[{"floor":2,"key":"EssenceOfSteel"},{"floor":4,"key":"Block Potion"},{"floor":5,"key":"Strength Potion"},{"floor":18,"key":"EssenceOfSteel"},{"floor":19,"key":"EssenceOfSteel"},{"floor":28,"key":"EssenceOfSteel"},{"floor":33,"key":"SpeedPotion"},{"floor":35,"key":"GamblersBrew"},{"floor":37,"key":"Weak Potion"},{"floor":42,"key":"Block Potion"}],"is_trial":false,"path_per_floor":["M","M","?","M","M","R","E","?","T","R","?","E","R","$","R","B",null,"M","M","M","?","M","R","E","R","T","M","M","R","?","M","R","B",null,"M","$","?","M","M","R","M","M","T","$","M"],"character_chosen":"THE_SILENT","items_purchased":["Caltrops","Ninja Scroll","Die Die Die","TheAbacus"],"campfire_rested":4,"item_purchase_floors":[14,14,36,36],"current_hp_per_floor":[77,75,75,75,59,59,36,29,29,52,52,33,33,33,56,54,77,77,70,62,56,56,56,36,36,36,36,32,32,32,32,55,37,77,72,72,72,66,31,54,25,5,5,5,0],"gold":104,"neow_bonus":"TEN_PERCENT_HP_BONUS","is_prod":false,"is_daily":false,"chose_seed":false,"campfire_upgraded":5,"win_rate":0.0,"timestamp":1545477796,"path_taken":["M","M","?","M","M","R","E","?","T","R","?","E","R","$","R","BOSS","M","M","?","?","M","R","E","R","T","M","M","R","?","M","R","BOSS","M","$","?","M","M","R","M","?","T","?","?"],"build_version":"2018-12-20","purchased_purges":2,"victory":false,"max_hp_per_floor":[77,77,77,77,77,77,77,77,77,77,77,77,77,77,77,77,77,77,77,77,77,77,77,77,77,77,77,77,77,77,77,77,77,77,77,77,77,77,77,77,77,77,77,77,77],"card_choices":[{"not_picked":["Dagger Throw","Flechettes"],"picked":"Poisoned Stab","floor":1},{"not_picked":["Acrobatics","Deadly Poison"],"picked":"Sucker Punch","floor":2},{"not_picked":["Tactician","Dodge and Roll"],"picked":"Unload","floor":4},{"not_picked":["Outmaneuver","Expertise"],"picked":"Backflip","floor":5},{"not_picked":["Sucker Punch","Deflect"],"picked":"Riddle With Holes","floor":7},{"not_picked":["Prepared","Escape Plan"],"picked":"Bouncing Flask","floor":12},{"not_picked":["Doppelganger","Die Die Die"],"picked":"Malaise","floor":16},{"not_picked":["Deadly Poison","Deflect"],"picked":"Crippling Poison+1","floor":18},{"not_picked":["Calculated Gamble","Backflip"],"picked":"Quick Slash+1","floor":19},{"not_picked":["Dagger Throw","Quick Slash"],"picked":"Flying Knee","floor":20},{"not_picked":["Calculated Gamble+1","Deflect"],"picked":"Prepared+1","floor":22},{"not_picked":["Prepared","Backflip"],"picked":"Deadly Poison+1","floor":24},{"not_picked":["Calculated Gamble+1","Dodge and Roll+1"],"picked":"Noxious Fumes+1","floor":27},{"not_picked":["Underhanded Strike","Deflect"],"picked":"Flying Knee","floor":28},{"not_picked":["Skewer+1","Sucker Punch+1"],"picked":"Predator+1","floor":31},{"not_picked":["Venomology","Phantasmal Killer"],"picked":"Tools of the Trade","floor":33},{"not_picked":["Crippling Poison","Dagger Throw"],"picked":"Outmaneuver+1","floor":35},{"not_picked":["Sucker Punch","Outmaneuver+1"],"picked":"Leg Sweep+1","floor":38},{"not_picked":["Escape Plan","Expertise","Blade Dance"],"picked":"SKIP","floor":39},{"not_picked":["Backflip","Deadly Poison","Flying Knee"],"picked":"SKIP","floor":41},{"not_picked":["Tactician","Quick Slash+1"],"picked":"Infinite Blades+1","floor":42}],"player_experience":4949,"relics_obtained":[{"floor":7,"key":"Boot"},{"floor":9,"key":"Snake Skull"},{"floor":12,"key":"Kunai"},{"floor":24,"key":"Sundial"},{"floor":26,"key":"Ancient Tea Set"},{"floor":43,"key":"Pantograph"}],"event_choices":[{"damage_healed":0,"gold_gain":175,"player_choice":"AGREE","damage_taken":0,"max_hp_gain":0,"max_hp_loss":0,"event_name":"Liars Game","floor":3,"gold_loss":0,"cards_obtained":["Doubt"]},{"cards_removed":["Doubt"],"damage_healed":0,"gold_gain":0,"player_choice":"Card Removal","damage_taken":7,"max_hp_gain":0,"max_hp_loss":0,"event_name":"Golden Wing","floor":8,"gold_loss":0},{"cards_removed":["Defend_G"],"damage_healed":0,"gold_gain":0,"player_choice":"Offered Basic","damage_taken":0,"max_hp_gain":0,"max_hp_loss":0,"event_name":"Bonfire Elementals","floor":11,"gold_loss":0},{"damage_healed":0,"gold_gain":0,"player_choice":"Joined the Cult","damage_taken":6,"max_hp_gain":0,"max_hp_loss":0,"event_name":"Nest","floor":21,"gold_loss":0,"cards_obtained":["RitualDagger"]},{"damage_healed":0,"gold_gain":0,"player_choice":"Ignored","damage_taken":0,"max_hp_gain":0,"max_hp_loss":0,"event_name":"Ghosts","floor":30,"gold_loss":0},{"damage_healed":0,"gold_gain":0,"player_choice":"Got Potions","damage_taken":0,"max_hp_gain":0,"max_hp_loss":0,"event_name":"Lab","floor":37,"gold_loss":0}],"is_beta":false,"boss_relics":[{"not_picked":["Runic Dome","Lizard Tail"],"picked":"Velvet Choker"},{"not_picked":["Eternal Feather","Fusion Hammer"],"picked":"Philosopher\u0027s Stone"}],"items_purged_floors":[14,36],"is_endless":false,"potions_floor_spawned":[2,4,5,18,19,28,33,35,42],"killed_by":"Jaw Worm Horde","ascension_level":0}