{"gold_per_floor":[117,127,127,137,137,165,165,191,191,202,202,214,228,238,238,333,333,351,362,379,394,178,178,206,217,243,259,270,270,270,290,290,290],"floor_reached":33,"playtime":2537,"items_purged":[],"score":335,"play_id":"bf1d57a4-7325-470b-84b0-3f471471e2ab","local_time":"20190221133110","daily_mods":["Hoarder","Heirloom"],"is_ascension_mode":false,"campfire_choices":[{"data":"1","floor":7,"key":"LIFT"},{"data":"2","floor":11,"key":"LIFT"},{"floor":15,"key":"REST"},{"floor":23,"key":"REST"},{"floor":29,"key":"REST"},{"floor":32,"key":"REST"}],"neow_cost":"","seed_source_timestamp":0,"circlet_count":0,"master_deck":["Strike_B","Strike_B","Strike_B","Defend_B","Defend_B","Defend_B","Defend_B","Zap","Dualcast","Gash","Gash","Gash","Undo","Undo","Undo","Conserve Battery","Conserve Battery","Conserve Battery","Melter","Melter","Melter","Hologram","Hologram","Hologram","All For One","All For One","All For One","Seek","Seek","Seek","Genetic Algorithm","Genetic Algorithm","Genetic Algorithm","Necronomicurse","Necronomicurse","Necronomicurse","Go for the Eyes","Go for the Eyes","Go for the Eyes"],"relics":["Cracked Core","Girya","DataDisk","Ginger","Dodecahedron","Fusion Hammer","Strawberry","Art of War","Necronomicon"],"potions_floor_usage":[6,16,16,19,24,24,24,28,33],"damage_taken":[{"damage":0,"enemies":"2 Louse","floor":1,"turns":3},{"damage":0,"enemies":"Cultist","floor":2,"turns":3},{"damage":0,"enemies":"Small Slimes","floor":4,"turns":2},{"damage":13,"enemies":"Gremlin Nob","floor":6,"turns":5},{"damage":0,"enemies":"Lagavulin","floor":8,"turns":6},{"damage":0,"enemies":"Looter","floor":10,"turns":3},{"damage":0,"enemies":"3 Louse","floor":12,"turns":4},{"damage":0,"enemies":"Large Slime","floor":13,"turns":5},{"damage":5,"enemies":"Blue Slaver","floor":14,"turns":3},{"damage":2,"enemies":"Slime Boss","floor":16,"turns":10},{"damage":7,"enemies":"2 Thieves","floor":18,"turns":3},{"damage":53,"enemies":"3 Byrds","floor":19,"turns":5},{"damage":0,"enemies":"Shelled Parasite and Fungi","floor":20,"turns":3},{"damage":5,"enemies":"Sentry and Sphere","floor":21,"turns":3},{"damage":8,"enemies":"Book of Stabbing","floor":24,"turns":3},{"damage":10,"enemies":"Cultist and Chosen","floor":25,"turns":3},{"damage":0,"enemies":"Centurion and Healer","floor":27,"turns":3},{"damage":0,"enemies":"3 Cultists","floor":28,"turns":6},{"damage":11,"enemies":"Shelled Parasite and Fungi","floor":31,"turns":5},{"damage":71,"enemies":"Automaton","floor":33,"turns":6}],"seed_played":"-2382781525656428781","potions_obtained":[{"floor":1,"key":"Dexterity Potion"},{"floor":2,"key":"Weak Potion"},{"floor":6,"key":"Swift Potion"},{"floor":8,"key":"Swift Potion"},{"floor":25,"key":"Swift Potion"},{"floor":28,"key":"FearPotion"}],"is_trial":true,"path_per_floor":["M","M","$","M","?","E","R","E","T","M","R","M","M","M","R","B",null,"M","M","M","M","$","R","E","M","T","M","M","R","?","M","R","B"],"character_chosen":"DEFECT","items_purchased":["Fire Potion","Fire Potion","Explosive Potion","Genetic Algorithm"],"campfire_rested":4,"item_purchase_floors":[22,22,22,22],"current_hp_per_floor":[75,75,75,75,75,62,62,62,62,62,62,62,62,57,75,73,75,68,15,15,10,10,32,31,21,21,21,21,45,29,18,42,0],"gold":290,"neow_bonus":"","is_prod":false,"is_daily":false,"chose_seed":false,"campfire_upgraded":0,"win_rate":0,"timestamp":1550773870,"path_taken":["M","M","$","M","?","E","R","E","T","M","R","M","M","M","R","BOSS","M","M","M","M","$","R","E","M","T","M","?","R","?","M","R","BOSS"],"build_version":"2019-01-23","purchased_purges":0,"victory":false,"max_hp_per_floor":[75,75,75,75,75,75,75,75,75,75,75,75,75,75,75,75,75,75,75,75,75,75,75,82,82,82,82,82,82,82,82,82,82],"card_choices":[{"not_picked":["Loop","Turbo"],"picked":"Gash","floor":1},{"not_picked":["Compile Driver","Coolheaded","Steam Power"],"picked":"SKIP","floor":2},{"not_picked":["Aggregate","Coolheaded","Ball Lightning"],"picked":"SKIP","floor":4},{"not_picked":["Undo","Buffer"],"picked":"Conserve Battery","floor":6},{"not_picked":["Ball Lightning","Streamline","Recycle"],"picked":"SKIP","floor":8},{"not_picked":["Cold Snap","Glacier","Streamline"],"picked":"SKIP","floor":10},{"not_picked":["Leap","Rainbow","Coolheaded"],"picked":"SKIP","floor":12},{"not_picked":["Turbo","Aggregate"],"picked":"Melter","floor":13},{"not_picked":["Cold Snap","Loop"],"picked":"Hologram","floor":14},{"not_picked":["Machine Learning","Echo Form"],"picked":"All For One","floor":16},{"not_picked":["Force Field","Capacitor+1","Leap"],"picked":"SKIP","floor":18},{"not_picked":["Aggregate","Chaos","Conserve Battery+1"],"picked":"SKIP","floor":19},{"not_picked":["Cold Snap","Stack","Undo+1"],"picked":"SKIP","floor":20},{"not_picked":["Cold Snap","Hologram"],"picked":"Seek","floor":21},{"not_picked":["Hello World+1","Stack+1","Darkness+1"],"picked":"SKIP","floor":24},{"not_picked":["Tempest+1","Stack","Sweeping Beam+1"],"picked":"SKIP","floor":25},{"not_picked":["Thunder Strike","Auto Shields","Steam"],"picked":"SKIP","floor":27},{"not_picked":["Hologram","White Noise","Cold Snap"],"picked":"SKIP","floor":28},{"not_picked":["Genetic Algorithm","Storm"],"picked":"Go for the Eyes","floor":31}],"player_experience":149419,"relics_obtained":[{"floor":6,"key":"DataDisk"},{"floor":8,"key":"Ginger"},{"floor":9,"key":"Dodecahedron"},{"floor":24,"key":"Strawberry"},{"floor":26,"key":"Art of War"},{"floor":30,"key":"Necronomicon"}],"event_choices":[{"damage_healed":0,"gold_gain":0,"cards_transformed":["Strike_B"],"player_choice":"Transformed","damage_taken":0,"max_hp_gain":0,"max_hp_loss":0,"event_name":"Transmorgrifier","floor":5,"gold_loss":0,"cards_obtained":["Undo"]},{"damage_healed":0,"gold_gain":0,"player_choice":"Obtained Book","damage_taken":16,"max_hp_gain":0,"max_hp_loss":0,"event_name":"Cursed Tome","floor":30,"gold_loss":0}],"is_beta":false,"boss_relics":[{"not_picked":["Velvet Choker","FrozenCore"],"picked":"Fusion Hammer"}],"items_purged_floors":[],"is_endless":false,"potions_floor_spawned":[1,2,6,8,13,25,28],"killed_by":"Automaton","ascension_level":0}