{"gold_per_floor":[117,131,92,110,110,138,138,138,138,150,150,150,169,195,195,300,350,370,370,390,12,87,87,122,122,191,291,291,326,339,357,357,357],"floor_reached":33,"playtime":2113,"items_purged":["Strike_B"],"score":416,"play_id":"ad2e8437-5620-4e0f-98c5-715324adf4bc","local_time":"20190131225101","is_ascension_mode":true,"campfire_choices":[{"floor":7,"key":"REST"},{"floor":15,"key":"REST"},{"floor":23,"key":"REST"},{"data":"Capacitor","floor":25,"key":"SMITH"},{"floor":28,"key":"REST"},{"floor":32,"key":"REST"}],"neow_cost":"NONE","seed_source_timestamp":1678461171544870,"circlet_count":0,"master_deck":["Strike_B","Strike_B","Strike_B","Defend_B","Defend_B","Defend_B","Zap+1","Dualcast+1","Coolheaded+1","Conserve Battery+1","Capacitor+1","Go for the Eyes","Gash","Leap","Gash","Hologram","Gash","Amplify+1","Coolheaded","Gash+1","Conserve Battery","Hello World+1","Biased Cognition"],"relics":["Cracked Core","Bottled Tornado","Dream Catcher","War Paint","Torii","Tiny House","Ice Cream","Singing Bowl","Bottled Lightning","Mummified Hand","FossilizedHelix"],"potions_floor_usage":[6,18,24,29,33],"damage_taken":[{"damage":0,"enemies":"Cultist","floor":1,"turns":4},{"damage":5,"enemies":"Jaw Worm","floor":2,"turns":3},{"damage":9,"enemies":"2 Louse","floor":4,"turns":3},{"damage":13,"enemies":"Gremlin Nob","floor":6,"turns":4},{"damage":3,"enemies":"Exordium Wildlife","floor":10,"turns":3},{"damage":12,"enemies":"3 Louse","floor":13,"turns":4},{"damage":5,"enemies":"Lagavulin","floor":14,"turns":7},{"damage":38,"enemies":"Hexaghost","floor":16,"turns":9},{"damage":7,"enemies":"Chosen","floor":18,"turns":5},{"damage":19,"enemies":"Spheric Guardian","floor":20,"turns":5},{"damage":18,"enemies":"Gremlin Leader","floor":24,"turns":7},{"damage":53,"enemies":"Slavers","floor":29,"turns":10},{"damage":19,"enemies":"Cultist and Chosen","floor":30,"turns":6},{"damage":9,"enemies":"Sentry and Sphere","floor":31,"turns":5},{"damage":36,"enemies":"Automaton","floor":33,"turns":6}],"seed_played":"-2342189558702945517","potions_obtained":[{"floor":2,"key":"Poison Potion"},{"floor":14,"key":"Explosive Potion"},{"floor":16,"key":"Block Potion"},{"floor":17,"key":"SpeedPotion"},{"floor":20,"key":"FocusPotion"},{"floor":30,"key":"Block Potion"}],"is_trial":false,"path_per_floor":["M","M","$","M","?","E","R","?","T","M","$","?","M","E","R","B",null,"M","?","M","$","T","R","E","R","T","?","R","E","M","M","R","B"],"character_chosen":"DEFECT","items_purchased":["Capacitor","Ice Cream"],"campfire_rested":5,"item_purchase_floors":[3,21],"current_hp_per_floor":[75,70,70,61,66,53,77,59,59,56,56,56,44,39,63,25,71,64,64,45,45,45,72,54,54,54,54,82,29,12,3,30,0],"gold":357,"neow_bonus":"UPGRADE_CARD","is_prod":false,"is_daily":false,"chose_seed":false,"campfire_upgraded":1,"win_rate":0,"timestamp":1549003861,"path_taken":["M","M","$","?","?","E","R","?","T","M","?","?","?","E","R","BOSS","M","?","?","$","?","R","E","R","T","?","R","E","?","M","R","BOSS"],"build_version":"2019-01-23","purchased_purges":1,"victory":false,"max_hp_per_floor":[75,75,75,75,80,80,80,80,80,80,80,80,80,80,80,80,85,85,85,85,85,85,87,87,87,87,87,89,89,91,91,91,91],"card_choices":[{"not_picked":["Storm","White Noise"],"picked":"Coolheaded","floor":1},{"not_picked":["Hologram","Ball Lightning"],"picked":"Conserve Battery","floor":2},{"not_picked":["Auto Shields","Turbo"],"picked":"Go for the Eyes","floor":4},{"not_picked":["Compile Driver","All For One"],"picked":"Gash","floor":6},{"not_picked":["Gash","Coolheaded"],"picked":"Leap","floor":10},{"not_picked":["Leap","Coolheaded"],"picked":"Gash","floor":13},{"not_picked":["Redo","Coolheaded"],"picked":"Hologram","floor":14},{"not_picked":["Genetic Algorithm","Rebound"],"picked":"Gash","floor":15},{"not_picked":["Rainbow","Hyperbeam"],"picked":"Amplify","floor":16},{"not_picked":["Turbo","Tempest"],"picked":"Coolheaded","floor":17},{"not_picked":["Compile Driver+1","Force Field"],"picked":"Gash+1","floor":18},{"not_picked":["Coolheaded","Steam Power+1","Reinforced Body"],"picked":"SKIP","floor":20},{"not_picked":["Skim","Reinforced Body","Lockon"],"picked":"Singing Bowl","floor":23},{"not_picked":["Consume","Static Discharge","Storm"],"picked":"SKIP","floor":24},{"not_picked":["Sweeping Beam","Gash","Streamline"],"picked":"Singing Bowl","floor":28},{"not_picked":["Streamline+1","Capacitor"],"picked":"Conserve Battery","floor":29},{"not_picked":["Force Field","Skim","Sunder"],"picked":"Singing Bowl","floor":30},{"not_picked":["Chaos","Beam Cell"],"picked":"Hello World+1","floor":31},{"not_picked":["Auto Shields","Hologram"],"picked":"Biased Cognition","floor":32}],"player_experience":243767,"relics_obtained":[{"floor":6,"key":"Bottled Tornado"},{"floor":9,"key":"War Paint"},{"floor":14,"key":"Torii"},{"floor":22,"key":"Singing Bowl"},{"floor":24,"key":"Bottled Lightning"},{"floor":26,"key":"Mummified Hand"},{"floor":29,"key":"FossilizedHelix"}],"event_choices":[{"damage_healed":0,"gold_gain":0,"player_choice":"Donut","damage_taken":0,"max_hp_gain":5,"max_hp_loss":0,"event_name":"Big Fish","floor":5,"gold_loss":0},{"damage_healed":0,"gold_gain":0,"player_choice":"Success","damage_taken":18,"relics_obtained":["Dream Catcher"],"max_hp_gain":0,"max_hp_loss":0,"event_name":"Scrap Ooze","floor":8,"gold_loss":0},{"cards_removed":["Defend_B"],"damage_healed":0,"gold_gain":0,"player_choice":"Purged","damage_taken":0,"max_hp_gain":0,"max_hp_loss":0,"event_name":"Purifier","floor":12,"gold_loss":0},{"damage_healed":0,"gold_gain":0,"player_choice":"Forge","damage_taken":0,"max_hp_gain":0,"max_hp_loss":0,"event_name":"Accursed Blacksmith","floor":19,"gold_loss":0,"cards_upgraded":["Conserve Battery"]},{"damage_healed":0,"gold_gain":100,"player_choice":"Pray","damage_taken":0,"max_hp_gain":0,"max_hp_loss":0,"event_name":"Golden Shrine","floor":27,"gold_loss":0}],"is_beta":false,"boss_relics":[{"not_picked":["Calling Bell","Orrery"],"picked":"Tiny House"}],"items_purged_floors":[21],"is_endless":false,"potions_floor_spawned":[2,14,16,20,30],"killed_by":"Automaton","ascension_level":5}