{"gold_per_floor":[119,119,131,10,61,61,89,89,137,182,194,221,233,245,257,365,377,400,430,26,36,36,36,61,79,79,90,90,109,59,79,79,175,175,192,192,205,218,237,237,247,258,285,6,6,6,16,16,16,16],"floor_reached":51,"playtime":5030,"items_purged":[],"score":679,"play_id":"c3345890-7064-4175-ab8b-1252a0bce98e","local_time":"20190225174822","is_ascension_mode":false,"campfire_choices":[{"floor":6,"key":"REST"},{"floor":8,"key":"REST"},{"floor":11,"key":"REST"},{"data":"After Image","floor":13,"key":"SMITH"},{"data":"Deflect","floor":15,"key":"SMITH"},{"floor":23,"key":"REST"},{"floor":32,"key":"REST"},{"floor":40,"key":"REST"},{"floor":46,"key":"REST"},{"floor":49,"key":"REST"}],"neow_cost":"NONE","seed_source_timestamp":491819976766900,"circlet_count":0,"master_deck":["Neutralize+1","Backstab+1","After Image+1","Deflect+1","Catalyst","Bouncing Flask+1","Backstab+1","Backflip+1","Burst+1","Choke+1","Backstab+1","Deadly Poison+1","Storm of Steel+1","Outmaneuver+1","Bullet Time+1","Dagger Spray+1","Riddle With Holes+1","Riddle With Holes+1","Cloak And Dagger+1","Endless Agony+1","Escape Plan+1","Blind+1","Flechettes+1","Well Laid Plans","Prepared+1","Prepared+1","Flechettes+1","Escape Plan+1","Dagger Throw+1","PiercingWail+1","Footwork","Malaise+1","Distraction+1","Acrobatics+1","Parasite","Endless Agony+1","Tools of the Trade","Backstab+1","Dash+1","Corpse Explosion+1","Bandage Up+1","Dodge and Roll+1"],"relics":["Ring of the Snake","PreservedInsect","Toxic Egg 2","MawBank","Molten Egg 2","Pandora\u0027s Box","Strange Spoon","Whetstone","Bag of Marbles","White Beast Statue","Strawberry"],"potions_floor_usage":[24,33,33,33,39,41,42,42,50,50,50],"damage_taken":[{"damage":26,"enemies":"Jaw Worm","floor":1,"turns":7},{"damage":0,"enemies":"Cultist","floor":3,"turns":4},{"damage":17,"enemies":"Lagavulin","floor":7,"turns":9},{"damage":24,"enemies":"3 Sentries","floor":10,"turns":10},{"damage":0,"enemies":"2 Louse","floor":12,"turns":1},{"damage":12,"enemies":"The Guardian","floor":16,"turns":8},{"damage":10,"enemies":"3 Byrds","floor":18,"turns":4},{"damage":0,"enemies":"Spheric Guardian","floor":19,"turns":2},{"damage":0,"enemies":"Chosen and Byrds","floor":21,"turns":4},{"damage":23,"enemies":"Slavers","floor":24,"turns":3},{"damage":0,"enemies":"Snecko","floor":25,"turns":2},{"damage":6,"enemies":"Shelled Parasite and Fungi","floor":27,"turns":3},{"damage":0,"enemies":"Snake Plant","floor":29,"turns":1},{"damage":7,"enemies":"Centurion and Healer","floor":31,"turns":4},{"damage":25,"enemies":"Champ","floor":33,"turns":11},{"damage":33,"enemies":"3 Shapes","floor":35,"turns":3},{"damage":15,"enemies":"3 Darklings","floor":37,"turns":4},{"damage":2,"enemies":"Writhing Mass","floor":38,"turns":6},{"damage":6,"enemies":"4 Shapes","floor":39,"turns":4},{"damage":14,"enemies":"Jaw Worm Horde","floor":41,"turns":5},{"damage":21,"enemies":"Transient","floor":42,"turns":5},{"damage":6,"enemies":"Writhing Mass","floor":47,"turns":5},{"damage":39,"enemies":"Awakened One","floor":50,"turns":15}],"seed_played":"2082276140992210572","potions_obtained":[{"floor":0,"key":"Ancient Potion"},{"floor":0,"key":"GhostInAJar"},{"floor":0,"key":"Block Potion"},{"floor":1,"key":"GhostInAJar"},{"floor":24,"key":"Explosive Potion"},{"floor":35,"key":"GamblersBrew"},{"floor":37,"key":"SpeedPotion"},{"floor":38,"key":"Dexterity Potion"},{"floor":39,"key":"PowerPotion"},{"floor":41,"key":"AttackPotion"},{"floor":42,"key":"SkillPotion"},{"floor":47,"key":"Poison Potion"},{"floor":48,"key":"EssenceOfSteel"}],"is_trial":false,"path_per_floor":["M","?","M","$","T","R","E","R","T","E","R","M","R","?","R","B",null,"M","M","$","M","?","R","E","M","T","M","?","M","$","M","R","B",null,"M","?","M","M","M","R","M","M","T","$","?","R","M","?","R","B",null],"character_chosen":"THE_SILENT","items_purchased":["Deflect","Catalyst","Strange Spoon","Blind+1","Flechettes+1","Well Laid Plans","PiercingWail+1","Corpse Explosion+1","Bandage Up+1","AttackPotion"],"campfire_rested":8,"item_purchase_floors":[4,4,20,20,20,20,30,44,44,44],"current_hp_per_floor":[44,44,44,44,44,65,48,69,69,45,66,66,66,70,70,58,70,60,60,60,60,47,69,46,46,46,40,40,40,40,33,55,30,75,42,42,27,25,19,41,27,6,13,13,13,37,37,37,61,28],"gold":16,"neow_bonus":"THREE_SMALL_POTIONS","is_prod":false,"is_daily":false,"chose_seed":false,"campfire_upgraded":2,"win_rate":0,"timestamp":1551088102,"path_taken":["M","?","M","$","?","R","E","R","T","E","R","M","R","?","R","BOSS","M","M","?","M","?","R","E","M","T","M","?","M","$","M","R","BOSS","M","?","M","?","M","R","M","M","T","$","?","R","M","?","R","BOSS"],"build_version":"2019-01-23","purchased_purges":0,"victory":true,"max_hp_per_floor":[70,70,70,70,70,70,70,70,70,70,70,70,70,70,70,70,70,70,70,70,70,75,75,75,75,75,75,75,75,75,75,75,75,75,75,75,75,75,75,75,75,75,82,82,82,82,82,82,82,82],"card_choices":[{"not_picked":["All Out Attack","Choke"],"picked":"Accuracy","floor":1},{"not_picked":["Footwork","Dash"],"picked":"After Image","floor":3},{"not_picked":["Dagger Throw","Flying Knee"],"picked":"Bouncing Flask","floor":7},{"not_picked":["Prepared+1","Glass Knife"],"picked":"Backstab","floor":10},{"not_picked":["Well Laid Plans","Accuracy"],"picked":"Backflip+1","floor":12},{"not_picked":["After Image","Envenom"],"picked":"Burst+1","floor":16},{"not_picked":["Dodge and Roll+1","Prepared+1"],"picked":"Endless Agony+1","floor":18},{"not_picked":["Dodge and Roll+1","Slice+1"],"picked":"Escape Plan+1","floor":19},{"not_picked":["Masterful Stab+1","Riddle With Holes+1"],"picked":"Prepared+1","floor":21},{"not_picked":["Accuracy","Underhanded Strike+1"],"picked":"Prepared+1","floor":24},{"not_picked":["Distraction+1","Underhanded Strike+1"],"picked":"Flechettes+1","floor":25},{"not_picked":["Outmaneuver+1","Quick Slash+1"],"picked":"Escape Plan+1","floor":27},{"not_picked":["Prepared+1","Well Laid Plans+1"],"picked":"Dagger Throw+1","floor":29},{"not_picked":["Reflex+1","Terror+1"],"picked":"Footwork","floor":31},{"not_picked":["Wraith Form v2","After Image"],"picked":"Malaise+1","floor":33},{"not_picked":["Heel Hook+1","Blade Dance+1"],"picked":"Distraction+1","floor":35},{"not_picked":["Tactician+1","Prepared+1"],"picked":"Acrobatics+1","floor":37},{"not_picked":["Dagger Throw+1","Outmaneuver+1"],"picked":"Endless Agony+1","floor":38},{"not_picked":["Accuracy+1","Dodge and Roll+1"],"picked":"Tools of the Trade","floor":39},{"not_picked":["Blade Dance+1","PiercingWail+1"],"picked":"Backstab+1","floor":41},{"not_picked":["Underhanded Strike+1","Acrobatics+1"],"picked":"Dash+1","floor":42},{"not_picked":["Envenom","Flying Knee+1"],"picked":"Dodge and Roll+1","floor":47}],"player_experience":68164,"relics_obtained":[{"floor":5,"key":"PreservedInsect"},{"floor":7,"key":"Toxic Egg 2"},{"floor":9,"key":"MawBank"},{"floor":10,"key":"Molten Egg 2"},{"floor":24,"key":"Whetstone"},{"floor":26,"key":"Bag of Marbles"},{"floor":43,"key":"Strawberry"}],"event_choices":[{"damage_healed":0,"gold_gain":0,"player_choice":"1 cards matched","damage_taken":0,"max_hp_gain":0,"max_hp_loss":0,"event_name":"Match and Keep!","floor":2,"gold_loss":0,"cards_obtained":["Backstab"]},{"cards_removed":["Accuracy"],"damage_healed":4,"gold_gain":0,"player_choice":"Offered Uncommon","damage_taken":0,"max_hp_gain":0,"max_hp_loss":0,"event_name":"Bonfire Elementals","floor":14,"gold_loss":0},{"damage_healed":0,"gold_gain":0,"player_choice":"Shed Blood","damage_taken":18,"max_hp_gain":5,"max_hp_loss":0,"event_name":"Forgotten Altar","floor":22,"gold_loss":0},{"cards_removed":["Survivor"],"damage_healed":0,"gold_gain":0,"player_choice":"Elegance","damage_taken":0,"max_hp_gain":0,"max_hp_loss":0,"event_name":"Back to Basics","floor":28,"gold_loss":0},{"damage_healed":0,"gold_gain":0,"player_choice":"Ignored","damage_taken":0,"max_hp_gain":0,"max_hp_loss":0,"event_name":"NoteForYourself","floor":36,"gold_loss":0},{"damage_healed":0,"gold_gain":0,"player_choice":"Ignored","damage_taken":0,"max_hp_gain":0,"max_hp_loss":0,"event_name":"Mysterious Sphere","floor":45,"gold_loss":0},{"damage_healed":0,"gold_gain":0,"player_choice":"Got Potions","damage_taken":0,"max_hp_gain":0,"max_hp_loss":0,"event_name":"Lab","floor":48,"gold_loss":0}],"is_beta":false,"boss_relics":[{"not_picked":["Astrolabe","Calling Bell"],"picked":"Pandora\u0027s Box"},{"not_picked":["Velvet Choker","HoveringKite"],"picked":"White Beast Statue"}],"items_purged_floors":[],"is_endless":false,"potions_floor_spawned":[1,7,12,18,24,27,31,35,37,38,39,41,42,47],"ascension_level":0}