{"gold_per_floor":[115,127,127,302,377,411,429,429,429,441,472,499,545,577,589,700,712,743,755,498,510,780,780,795,795,820,847,847,863,880,906,906,1004,1004,1021,1040,766,776,791,791,811,838,838,853,475,490,490,518,518,518,518,518,9,42,42],"floor_reached":56,"playtime":4247,"items_purged":["Doubt","Strike_G","Shame","Parasite"],"score":1631,"play_id":"c5539d3d-2459-4eec-b2bb-65cacd605630","local_time":"20190218025432","is_ascension_mode":true,"campfire_choices":[{"data":"Neutralize","floor":8.0,"key":"SMITH"},{"data":"Deadly Poison","floor":10.0,"key":"SMITH"},{"data":"Bouncing Flask","floor":15.0,"key":"SMITH"},{"floor":23.0,"key":"REST"},{"floor":25.0,"key":"REST"},{"floor":28.0,"key":"RECALL"},{"floor":32.0,"key":"REST"},{"floor":40.0,"key":"REST"},{"floor":47,"key":"REST"},{"floor":49,"key":"REST"},{"floor":52,"key":"REST"}],"neow_cost":"NONE","seed_source_timestamp":230898204013600,"circlet_count":0,"master_deck":["Defend_G","Defend_G","Defend_G","Defend_G","Defend_G","Strike_G","Strike_G","Strike_G","Survivor","Neutralize+1","Deadly Poison+1","PiercingWail","Calculated Gamble","Dagger Throw","Backstab","Prepared","Bouncing Flask+1","Backflip","Corpse Explosion","Poisoned Stab+1","Noxious Fumes","Footwork+1","Expertise+1","Escape Plan+1","Tools of the Trade","Crippling Poison","Acrobatics","Calculated Gamble+1","Footwork+1","PiercingWail","Deflect+1","Parasite","Burst","PiercingWail+1","Caltrops+1","Well Laid Plans+1"],"special_seed":0,"relics":["Ring of the Snake","NeowsBlessing","Shuriken","MawBank","Regal Pillow","Fusion Hammer","TwistedFunnel","Snake Skull","Smiling Mask","Paper Crane","Cursed Key","Art of War","Ginger","Frozen Egg 2","Darkstone Periapt","War Paint","Lantern","Oddly Smooth Stone"],"potions_floor_usage":[50,55,55,55],"damage_taken":[{"damage":0.0,"enemies":"Small Slimes","floor":1.0,"turns":1.0},{"damage":0.0,"enemies":"Jaw Worm","floor":2.0,"turns":1.0},{"damage":0.0,"enemies":"Gremlin Nob","floor":6.0,"turns":1.0},{"damage":1.0,"enemies":"2 Louse","floor":7.0,"turns":4.0},{"damage":1.0,"enemies":"2 Fungi Beasts","floor":11.0,"turns":4.0},{"damage":0.0,"enemies":"Lots of Slimes","floor":12.0,"turns":6.0},{"damage":15.0,"enemies":"3 Sentries","floor":13.0,"turns":11.0},{"damage":9.0,"enemies":"Exordium Thugs","floor":14.0,"turns":5.0},{"damage":13.0,"enemies":"Hexaghost","floor":16.0,"turns":8.0},{"damage":0.0,"enemies":"3 Byrds","floor":18.0,"turns":2.0},{"damage":10.0,"enemies":"Spheric Guardian","floor":21.0,"turns":4.0},{"damage":9.0,"enemies":"Centurion and Healer","floor":24.0,"turns":5.0},{"damage":11.0,"enemies":"Book of Stabbing","floor":27.0,"turns":5.0},{"damage":7.0,"enemies":"Shelled Parasite and Fungi","floor":29.0,"turns":4.0},{"damage":13.0,"enemies":"Snecko","floor":30.0,"turns":4.0},{"damage":1.0,"enemies":"Slavers","floor":31.0,"turns":2.0},{"damage":27.0,"enemies":"Collector","floor":33.0,"turns":6.0},{"damage":0.0,"enemies":"3 Darklings","floor":35.0,"turns":2.0},{"damage":0.0,"enemies":"Orb Walker","floor":36.0,"turns":3.0},{"damage":1.0,"enemies":"Writhing Mass","floor":38.0,"turns":6.0},{"damage":0.0,"enemies":"4 Shapes","floor":39.0,"turns":3.0},{"damage":0.0,"enemies":"3 Darklings","floor":41.0,"turns":2.0},{"damage":10,"enemies":"Nemesis","floor":42,"turns":7},{"damage":0,"enemies":"Writhing Mass","floor":44,"turns":6},{"damage":0,"enemies":"4 Shapes","floor":46,"turns":3},{"damage":3,"enemies":"Reptomancer","floor":48,"turns":7},{"damage":63,"enemies":"Awakened One","floor":50,"turns":18},{"damage":12,"enemies":"Shield and Spear","floor":54,"turns":5},{"damage":9,"enemies":"The Heart","floor":55,"turns":8}],"seed_played":"4200170149439723097","potions_obtained":[{"floor":1.0,"key":"LiquidBronze"},{"floor":11.0,"key":"Weak Potion"},{"floor":13.0,"key":"Swift Potion"},{"floor":33.0,"key":"SkillPotion"}],"is_trial":false,"path_per_floor":["M","M","?","?","?","E","M","R","T","R","M","M","E","M","R","B",null,"M","?","$","M","?","R","M","R","T","E","R","M","M","E","R","B",null,"M","M","$","M","M","R","M","E","T","M","$","M","R","E","R","B",null,"R","$","E","B",null],"character_chosen":"THE_SILENT","items_purchased":["TwistedFunnel","Calculated Gamble","Art of War","Frozen Egg 2","LiquidBronze","Well Laid Plans+1","War Paint","Lantern","GhostInAJar"],"campfire_rested":7,"item_purchase_floors":[20,37,37,45,45,53,53,53,53],"current_hp_per_floor":[63,63,56,56,45,45,44,44,44,44,43,43,28,19,19,6,54,54,54,54,44,16,52,43,70,70,59,59,52,39,38,70,43,63,63,63,63,62,62,70,70,60,60,60,60,60,70,67,70,7,54,70,67,55,46],"gold":42,"neow_bonus":"THREE_ENEMY_KILL","is_prod":false,"is_daily":false,"chose_seed":false,"campfire_upgraded":3,"win_rate":0,"timestamp":1550454872,"path_taken":["M","M","?","?","?","E","M","R","T","R","M","M","E","M","R","BOSS","M","?","$","M","?","R","M","R","T","E","R","?","M","E","R","BOSS","M","M","$","M","M","R","M","E","T","M","$","M","R","E","R","BOSS","R","$","E","BOSS"],"build_version":"2019-01-23","purchased_purges":4,"victory":true,"max_hp_per_floor":[70,70,70,70,70,70,70,70,70,70,70,70,70,70,70,70,70,70,70,70,70,70,70,70,70,70,70,70,70,70,70,70,70,70,70,70,70,70,70,70,70,70,70,70,70,70,70,70,70,70,70,70,67,67,67],"card_choices":[{"not_picked":["Escape Plan","Infinite Blades"],"picked":"Deadly Poison","floor":1.0},{"not_picked":["Masterful Stab","Leg Sweep"],"picked":"PiercingWail","floor":2.0},{"not_picked":["Reflex","Outmaneuver"],"picked":"Calculated Gamble","floor":6.0},{"not_picked":["Tactician","Quick Slash"],"picked":"Dagger Throw","floor":7.0},{"not_picked":["Setup","Dagger Throw"],"picked":"Backstab","floor":11.0},{"not_picked":["Dash","Slice"],"picked":"Prepared","floor":12.0},{"not_picked":["Deflect","Outmaneuver"],"picked":"Bouncing Flask","floor":13.0},{"not_picked":["Slice","Calculated Gamble"],"picked":"Backflip","floor":14.0},{"not_picked":["Storm of Steel","Unload"],"picked":"Corpse Explosion","floor":16.0},{"not_picked":["Deflect","Quick Slash"],"picked":"Poisoned Stab+1","floor":18.0},{"not_picked":["Dagger Throw+1","Deflect"],"picked":"Noxious Fumes","floor":21.0},{"not_picked":["Reflex","Dagger Spray+1"],"picked":"Footwork+1","floor":24.0},{"not_picked":["Dagger Spray","Quick Slash","Finisher+1"],"picked":"SKIP","floor":27.0},{"not_picked":["Infinite Blades","Doppelganger"],"picked":"Expertise+1","floor":29.0},{"not_picked":["Infinite Blades","Prepared"],"picked":"Escape Plan","floor":30.0},{"not_picked":["Blade Dance","Bane","Prepared"],"picked":"SKIP","floor":31.0},{"not_picked":["Venomology","Night Terror"],"picked":"Tools of the Trade","floor":33.0},{"not_picked":["Heel Hook","Riddle With Holes"],"picked":"Crippling Poison","floor":35.0},{"not_picked":["Setup","Poisoned Stab+1"],"picked":"Acrobatics","floor":36.0},{"not_picked":["Cloak And Dagger+1","Deflect"],"picked":"Footwork+1","floor":38.0},{"not_picked":["Prepared","Deflect","Riddle With Holes"],"picked":"SKIP","floor":39.0},{"not_picked":["Backstab","Bane"],"picked":"PiercingWail","floor":41.0},{"not_picked":["Quick Slash","Concentrate+1"],"picked":"Deflect+1","floor":42},{"not_picked":["Dagger Throw+1","Underhanded Strike+1"],"picked":"Burst","floor":44},{"not_picked":["Quick Slash","Acrobatics+1"],"picked":"PiercingWail+1","floor":46},{"not_picked":["Backstab","Bane"],"picked":"Caltrops+1","floor":48},{"not_picked":["Tactician","Slice+1","Masterful Stab"],"picked":"SKIP","floor":54}],"player_experience":218909,"relics_obtained":[{"floor":6.0,"key":"Shuriken"},{"floor":9.0,"key":"MawBank"},{"floor":13.0,"key":"Regal Pillow"},{"floor":26.0,"key":"Snake Skull"},{"floor":27.0,"key":"Smiling Mask"},{"floor":31.0,"key":"Paper Crane"},{"floor":42,"key":"Ginger"},{"floor":48,"key":"Darkstone Periapt"},{"floor":54,"key":"Oddly Smooth Stone"}],"event_choices":[{"cards_removed":["Strike_G"],"damage_healed":0.0,"max_hp_gain":0.0,"max_hp_loss":0.0,"gold_gain":0.0,"event_name":"Golden Wing","player_choice":"Card Removal","floor":3.0,"gold_loss":0.0,"damage_taken":7.0},{"damage_healed":0.0,"max_hp_gain":0.0,"max_hp_loss":0.0,"gold_gain":175.0,"event_name":"Liars Game","player_choice":"AGREE","floor":4.0,"gold_loss":0.0,"damage_taken":0.0,"cards_obtained":["Doubt"]},{"damage_healed":0.0,"max_hp_gain":0.0,"max_hp_loss":0.0,"gold_gain":75.0,"event_name":"World of Goop","player_choice":"Gather Gold","floor":5.0,"gold_loss":0.0,"damage_taken":11.0},{"damage_healed":0.0,"max_hp_gain":0.0,"max_hp_loss":0.0,"gold_gain":0.0,"event_name":"Cursed Tome","player_choice":"Ignored","floor":19.0,"gold_loss":0.0,"damage_taken":0.0},{"damage_healed":0.0,"max_hp_gain":0.0,"max_hp_loss":0.0,"gold_gain":270.0,"event_name":"Knowing Skull","player_choice":"GOLD GOLD GOLD ","floor":22.0,"potions_obtained":[],"gold_loss":0.0,"damage_taken":28.0,"cards_obtained":[]}],"is_beta":false,"boss_relics":[{"not_picked":["Eternal Feather","Pandora\u0027s Box"],"picked":"Fusion Hammer"},{"not_picked":["Velvet Choker","Lizard Tail"],"picked":"Cursed Key"}],"items_purged_floors":[20,37,45,53],"is_endless":false,"potions_floor_spawned":[1,11,13,21,24,33,35,39,44],"ascension_level":7}