{"gold_per_floor":[116,116,126,126,51,79,89,99,124,134,169,169,169,180,180,275,275,293,293,293,313,333,333,361,361,385,385,398,398],"floor_reached":29,"playtime":1784,"items_purged":["Strike_R"],"score":293,"play_id":"21a32f2b-0c69-4b1c-8c85-6538cf506100","local_time":"20190115022754","is_ascension_mode":true,"campfire_choices":[{"floor":12,"key":"REST"},{"data":"Armaments","floor":15,"key":"SMITH"},{"floor":23,"key":"REST"},{"floor":25,"key":"REST"}],"neow_cost":"NONE","seed_source_timestamp":223003491913028,"circlet_count":0,"master_deck":["Strike_R","Strike_R","Strike_R+1","Defend_R","Defend_R","Defend_R","Bash+1","Armaments+1","Spot Weakness","Twin Strike+1","Headbutt","Cleave","Armaments","Berserk","Iron Wave","Perfected Strike","Reaper","Armaments","Dropkick+1","Twin Strike","Barricade"],"relics":["Burning Blood","Vajra","Bronze Scales","PreservedInsect","Black Star","MutagenicStrength","CultistMask","Bottled Flame","Pen Nib","Whetstone"],"potions_floor_usage":[16,16,18,18,21,22,24,28,28],"damage_taken":[{"damage":4,"enemies":"Jaw Worm","floor":1,"turns":4},{"damage":1,"enemies":"Cultist","floor":3,"turns":3},{"damage":32,"enemies":"3 Sentries","floor":6,"turns":9},{"damage":0,"enemies":"Small Slimes","floor":7,"turns":3},{"damage":13,"enemies":"Blue Slaver","floor":8,"turns":3},{"damage":0,"enemies":"3 Louse","floor":10,"turns":1},{"damage":16,"enemies":"Gremlin Nob","floor":11,"turns":3},{"damage":8,"enemies":"Large Slime","floor":14,"turns":4},{"damage":21,"enemies":"The Guardian","floor":16,"turns":9},{"damage":15,"enemies":"Shell Parasite","floor":18,"turns":6},{"damage":39,"enemies":"2 Thieves","floor":21,"turns":4},{"damage":32,"enemies":"Shelled Parasite and Fungi","floor":22,"turns":5},{"damage":37,"enemies":"Book of Stabbing","floor":24,"turns":4},{"damage":41,"enemies":"3 Cultists","floor":28,"turns":5},{"damage":19,"enemies":"Snake Plant","floor":29,"turns":3}],"seed_played":"-5742366660991519090","potions_obtained":[{"floor":6,"key":"FearPotion"},{"floor":11,"key":"FearPotion"},{"floor":14,"key":"EntropicBrew"},{"floor":18,"key":"GamblersBrew"},{"floor":22,"key":"AttackPotion"},{"floor":24,"key":"LiquidBronze"}],"is_trial":false,"path_per_floor":["M","?","M","?","$","E","M","M","T","M","E","R","?","M","R","B",null,"M","?","?","M","M","R","E","R","T","?","M","M"],"character_chosen":"IRONCLAD","items_purchased":[],"campfire_rested":3,"item_purchase_floors":[],"current_hp_per_floor":[80,80,80,85,85,59,65,58,58,64,54,79,72,70,70,55,85,76,76,76,64,38,63,41,66,66,50,15,0],"gold":398,"neow_bonus":"UPGRADE_CARD","is_prod":false,"is_daily":false,"chose_seed":false,"campfire_upgraded":1,"win_rate":0,"timestamp":1547548074,"path_taken":["M","?","?","?","$","E","M","M","T","M","E","R","?","M","R","BOSS","M","?","?","?","M","R","E","R","T","?","M","M"],"build_version":"2019-01-10","purchased_purges":1,"victory":false,"max_hp_per_floor":[80,80,80,85,85,85,85,85,85,85,85,85,85,85,85,85,85,85,85,85,85,85,85,85,85,85,90,90,90],"card_choices":[{"not_picked":["Anger","Twin Strike"],"picked":"Armaments","floor":1},{"not_picked":["Dual Wield","Body Slam"],"picked":"Twin Strike","floor":3},{"not_picked":["Blood for Blood","Perfected Strike"],"picked":"Headbutt","floor":6},{"not_picked":["Iron Wave","Anger"],"picked":"Cleave","floor":7},{"not_picked":["Havoc","Feel No Pain"],"picked":"Armaments","floor":8},{"not_picked":["Flame Barrier","Twin Strike"],"picked":"Berserk","floor":10},{"not_picked":["Bloodletting","Sword Boomerang"],"picked":"Iron Wave","floor":11},{"not_picked":["Entrench","Anger"],"picked":"Perfected Strike","floor":14},{"not_picked":["Exhume","Bludgeon"],"picked":"Reaper","floor":16},{"not_picked":["Reckless Charge+1","Body Slam"],"picked":"Armaments","floor":18},{"not_picked":["Feel No Pain+1","Heavy Blade"],"picked":"Dropkick+1","floor":21},{"not_picked":["Carnage","Spot Weakness+1"],"picked":"Twin Strike","floor":22},{"not_picked":["Wild Strike+1","Hemokinesis+1"],"picked":"Barricade","floor":24},{"not_picked":["Disarm","True Grit+1","Clash"],"picked":"SKIP","floor":28}],"player_experience":164366,"relics_obtained":[{"floor":6,"key":"Vajra"},{"floor":9,"key":"Bronze Scales"},{"floor":11,"key":"PreservedInsect"},{"floor":24,"key":"Bottled Flame"},{"floor":24,"key":"Pen Nib"},{"floor":26,"key":"Whetstone"}],"event_choices":[{"damage_healed":0,"gold_gain":0,"cards_transformed":["Defend_R"],"player_choice":"Transformed","damage_taken":0,"max_hp_gain":0,"max_hp_loss":0,"event_name":"Transmorgrifier","floor":2,"gold_loss":0,"cards_obtained":["Spot Weakness"]},{"damage_healed":0,"gold_gain":0,"player_choice":"Donut","damage_taken":0,"max_hp_gain":5,"max_hp_loss":0,"event_name":"Big Fish","floor":4,"gold_loss":0},{"cards_removed":["Strike_R"],"damage_healed":0,"gold_gain":0,"player_choice":"Card Removal","damage_taken":7,"max_hp_gain":0,"max_hp_loss":0,"event_name":"Golden Wing","floor":13,"gold_loss":0},{"damage_healed":0,"gold_gain":0,"player_choice":"Inject Mutagens","damage_taken":0,"relics_obtained":["MutagenicStrength"],"max_hp_gain":0,"max_hp_loss":0,"event_name":"Drug Dealer","floor":19,"gold_loss":0},{"damage_healed":0,"gold_gain":0,"player_choice":"Trade","damage_taken":0,"relics_obtained":["CultistMask"],"max_hp_gain":0,"max_hp_loss":0,"event_name":"FaceTrader","floor":20,"gold_loss":0},{"damage_healed":0,"gold_gain":0,"player_choice":"Shed Blood","damage_taken":21,"max_hp_gain":5,"max_hp_loss":0,"event_name":"Forgotten Altar","floor":27,"gold_loss":0}],"is_beta":false,"boss_relics":[{"not_picked":["Coffee Dripper","White Beast Statue"],"picked":"Black Star"}],"items_purged_floors":[5],"is_endless":false,"potions_floor_spawned":[6,11,14,18,22,24],"killed_by":"Snake Plant","ascension_level":3}