{"gold_per_floor":[117,133,133,146,71,98,118,135,135,169,189,189,20,20,20,119,119,130,149,149,214,275,301,263,313,337,387,387,41,60,78,78,180,180,194,244,346,357,377,377,407,407,407,457,492,502,502,562,562,562],"floor_reached":50,"playtime":2737,"items_purged":["Strike_R"],"score":584,"play_id":"6dce9439-daf9-4439-8556-ac0ceb9fd4d0","local_time":"20181229153502","is_ascension_mode":false,"campfire_choices":[{"data":"Uppercut","floor":12.0,"key":"SMITH"},{"floor":15.0,"key":"REST"},{"floor":28.0,"key":"RECALL"},{"data":"RitualDagger","floor":32.0,"key":"SMITH"},{"floor":40.0,"key":"DIG"},{"floor":42.0,"key":"DIG"},{"floor":47.0,"key":"REST"},{"data":"Barricade","floor":49.0,"key":"SMITH"}],"neow_cost":"TEN_PERCENT_HP_LOSS","seed_source_timestamp":690943750343487,"circlet_count":0,"master_deck":["Strike_R+1","Strike_R+1","Strike_R+1","Strike_R+1","Defend_R+1","Defend_R+1","Defend_R+1","Defend_R+1","Bash+1","Cleave","Clothesline+1","Uppercut+1","Iron Wave","Ghostly Armor","True Grit","Rage+1","Inflame","The Bomb+1","Fiend Fire+1","Thunderclap","Whirlwind+1","True Grit+1","Barricade+1","Sword Boomerang+1","Metallicize","RitualDagger+1","Shrug It Off+1","Body Slam+1","Burning Pact+1","Juggernaut","Warcry+1","Rage+1","Burning Pact+1","Metallicize+1","Dual Wield+1","Offering+1"],"special_seed":0,"relics":["Burning Blood","Bird Faced Urn","War Paint","Gremlin Horn","Toxic Egg 2","Sozu","SsserpentHead","Oddly Smooth Stone","Shovel","Philosopher\u0027s Stone","Omamori","FossilizedHelix","Magic Flower","Sundial","Molten Egg 2","Whetstone"],"potions_floor_usage":[],"damage_taken":[{"damage":9.0,"enemies":"Jaw Worm","floor":1.0,"turns":4.0},{"damage":1.0,"enemies":"Cultist","floor":2.0,"turns":4.0},{"damage":9.0,"enemies":"Small Slimes","floor":4.0,"turns":3.0},{"damage":37.0,"enemies":"Lagavulin","floor":6.0,"turns":7.0},{"damage":24.0,"enemies":"Exordium Thugs","floor":7.0,"turns":5.0},{"damage":2.0,"enemies":"Looter","floor":8.0,"turns":3.0},{"damage":11.0,"enemies":"3 Sentries","floor":10.0,"turns":13.0},{"damage":2.0,"enemies":"Gremlin Gang","floor":11.0,"turns":5.0},{"damage":39.0,"enemies":"Hexaghost","floor":16.0,"turns":10.0},{"damage":14.0,"enemies":"3 Byrds","floor":18.0,"turns":4.0},{"damage":8.0,"enemies":"Shell Parasite","floor":19.0,"turns":5.0},{"damage":1.0,"enemies":"Snecko","floor":21.0,"turns":5.0},{"damage":4.0,"enemies":"Cultist and Chosen","floor":22.0,"turns":6.0},{"damage":17.0,"enemies":"Book of Stabbing","floor":23.0,"turns":5.0},{"damage":0.0,"enemies":"3 Cultists","floor":30.0,"turns":3.0},{"damage":0.0,"enemies":"Shelled Parasite and Fungi","floor":31.0,"turns":5.0},{"damage":15.0,"enemies":"Collector","floor":33.0,"turns":10.0},{"damage":15.0,"enemies":"Orb Walker","floor":35.0,"turns":5.0},{"damage":32.0,"enemies":"3 Darklings","floor":38.0,"turns":6.0},{"damage":0.0,"enemies":"Writhing Mass","floor":39.0,"turns":7.0},{"damage":20.0,"enemies":"Reptomancer","floor":41.0,"turns":6.0},{"damage":37.0,"enemies":"Giant Head","floor":45.0,"turns":10.0},{"damage":10.0,"enemies":"Spire Growth","floor":46.0,"turns":3.0},{"damage":0.0,"enemies":"Maw","floor":48.0,"turns":7.0},{"damage":81,"enemies":"Donu and Deca","floor":50,"turns":8}],"seed_played":"-1076892363418368061","potions_obtained":[{"floor":2.0,"key":"Weak Potion"},{"floor":7.0,"key":"Fire Potion"},{"floor":10.0,"key":"Explosive Potion"},{"floor":16.0,"key":"Swift Potion"}],"is_trial":false,"path_per_floor":["M","M","?","M","$","E","M","M","T","E","M","R","$","?","R","B",null,"M","M","?","M","M","E","$","?","T","?","R","$","M","M","R","B",null,"M","?","T","M","M","R","E","R","T","?","E","M","R","M","R","B"],"character_chosen":"IRONCLAD","items_purchased":["The Bomb+1","Metallicize","Shrug It Off+1","Shovel"],"campfire_rested":2,"item_purchase_floors":[13,24,29,29],"current_hp_per_floor":[69,72,72,69,69,38,20,24,24,19,23,23,23,23,44,13,72,64,64,64,69,72,63,63,57,57,57,57,57,65,72,72,67,72,63,63,63,43,55,55,47,47,47,47,34,36,57,72,72,0],"gold":562,"neow_bonus":"ONE_RARE_RELIC","is_prod":false,"is_daily":false,"chose_seed":false,"campfire_upgraded":3,"win_rate":0,"timestamp":1546090502,"path_taken":["M","M","?","M","$","E","M","M","T","E","M","R","$","?","R","BOSS","M","M","?","?","?","E","$","?","T","?","R","$","M","M","R","BOSS","M","?","?","M","M","R","E","R","T","?","E","M","R","?","R","BOSS"],"build_version":"2018-12-20","purchased_purges":1,"victory":false,"max_hp_per_floor":[72,72,72,72,72,72,72,72,72,72,72,72,72,72,72,72,72,72,72,72,72,72,72,72,72,72,72,72,72,72,72,72,72,72,72,72,72,72,72,72,72,72,72,72,72,72,72,72,72,72],"card_choices":[{"not_picked":["Anger","Corruption"],"picked":"Cleave","floor":1.0},{"not_picked":["Power Through","Twin Strike"],"picked":"Clothesline","floor":2.0},{"not_picked":["Flex","Headbutt"],"picked":"Uppercut","floor":4.0},{"not_picked":["Sever Soul","Body Slam"],"picked":"Iron Wave","floor":6.0},{"not_picked":["Corruption","Pommel Strike"],"picked":"Ghostly Armor","floor":7.0},{"not_picked":["Wild Strike","Flex"],"picked":"True Grit","floor":8.0},{"not_picked":["Body Slam","Iron Wave"],"picked":"Rage","floor":10.0},{"not_picked":["Clothesline","Cleave"],"picked":"Inflame","floor":11.0},{"not_picked":["Bludgeon","Brutality"],"picked":"Fiend Fire","floor":16.0},{"not_picked":["Anger","Rage+1"],"picked":"Thunderclap","floor":18.0},{"not_picked":["True Grit+1","Pommel Strike"],"picked":"Whirlwind+1","floor":19.0},{"not_picked":["Headbutt","Cleave"],"picked":"True Grit+1","floor":21.0},{"not_picked":["True Grit+1","Disarm+1"],"picked":"Barricade","floor":22.0},{"not_picked":["Flex+1","Shrug It Off+1"],"picked":"Sword Boomerang+1","floor":23.0},{"not_picked":["Headbutt","Heavy Blade+1"],"picked":"Body Slam+1","floor":30.0},{"not_picked":["Cleave","True Grit+1"],"picked":"Burning Pact+1","floor":31.0},{"not_picked":["Fiend Fire","Brutality"],"picked":"Juggernaut","floor":33.0},{"not_picked":["Wild Strike","Evolve+1"],"picked":"Warcry+1","floor":35.0},{"not_picked":["Thunderclap+1","Pommel Strike"],"picked":"Rage+1","floor":38.0},{"not_picked":["Rampage+1","Cleave+1"],"picked":"Burning Pact+1","floor":39.0},{"not_picked":["Anger+1","Shrug It Off+1"],"picked":"Metallicize+1","floor":41.0},{"not_picked":["Hemokinesis+1","Flex+1","Heavy Blade+1"],"picked":"SKIP","floor":45.0},{"not_picked":["Body Slam+1","Clash+1"],"picked":"Dual Wield+1","floor":46.0},{"not_picked":["Pummel+1","Perfected Strike+1"],"picked":"Offering+1","floor":48.0}],"player_experience":49029,"relics_obtained":[{"floor":6.0,"key":"War Paint"},{"floor":9.0,"key":"Gremlin Horn"},{"floor":10.0,"key":"Toxic Egg 2"},{"floor":23.0,"key":"Oddly Smooth Stone"},{"floor":37.0,"key":"Omamori"},{"floor":40.0,"key":"FossilizedHelix"},{"floor":41.0,"key":"Magic Flower"},{"floor":42.0,"key":"Sundial"},{"floor":43.0,"key":"Molten Egg 2"},{"floor":45.0,"key":"Whetstone"}],"event_choices":[{"damage_healed":0.0,"max_hp_gain":0.0,"max_hp_loss":0.0,"gold_gain":0.0,"event_name":"Living Wall","player_choice":"Grow","floor":3.0,"gold_loss":0.0,"damage_taken":0.0,"cards_upgraded":["Clothesline"]},{"damage_healed":0.0,"max_hp_gain":0.0,"max_hp_loss":0.0,"gold_gain":0.0,"event_name":"The Cleric","player_choice":"Leave","floor":14.0,"gold_loss":0.0,"damage_taken":0.0},{"damage_healed":0.0,"max_hp_gain":0.0,"max_hp_loss":0.0,"gold_gain":0.0,"event_name":"FaceTrader","player_choice":"Trade","floor":20.0,"gold_loss":0.0,"damage_taken":0.0,"relics_obtained":["SsserpentHead"]},{"damage_healed":0.0,"max_hp_gain":0.0,"max_hp_loss":0.0,"gold_gain":0.0,"event_name":"Nest","player_choice":"Joined the Cult","floor":25.0,"gold_loss":0.0,"damage_taken":6.0,"cards_obtained":["RitualDagger"]},{"damage_healed":0.0,"max_hp_gain":0.0,"max_hp_loss":0.0,"gold_gain":0.0,"event_name":"Back to Basics","player_choice":"Simplicity","floor":27.0,"gold_loss":0.0,"damage_taken":0.0,"cards_upgraded":["Strike_R","Strike_R","Strike_R","Strike_R","Defend_R","Defend_R"]},{"damage_healed":0.0,"max_hp_gain":0.0,"max_hp_loss":0.0,"gold_gain":0.0,"event_name":"Mysterious Sphere","player_choice":"Ignored","floor":36.0,"gold_loss":0.0,"damage_taken":0.0},{"damage_healed":0.0,"max_hp_gain":0.0,"max_hp_loss":0.0,"gold_gain":0.0,"event_name":"SecretPortal","player_choice":"Ignored","floor":44.0,"gold_loss":0.0,"damage_taken":0.0}],"is_beta":false,"boss_relics":[{"not_picked":["Snecko Eye","White Beast Statue"],"picked":"Sozu"},{"not_picked":["Black Blood","Runic Pyramid"],"picked":"Philosopher\u0027s Stone"}],"items_purged_floors":[5],"is_endless":false,"potions_floor_spawned":[2,7,10,16,19,22,39,45,48],"killed_by":"Donu and Deca","ascension_level":0}