{"gold_per_floor":[118,128,148,158,108,139,139,194,220,255,273,273,284,248,248,348,348,364,304,304,2,21,21,37,37,37,50,78,78,112,126,126,229,229,240,257,273,273,273,273,302,302,302,5,5,16,16,33,33,33],"floor_reached":51,"playtime":2827,"items_purged":[],"score":951,"play_id":"8423cd52-feb6-4726-b3f9-bfb5f52b6282","local_time":"20190119174144","is_ascension_mode":true,"campfire_choices":[{"data":"Zap","floor":7.0,"key":"SMITH"},{"data":"Defragment","floor":15.0,"key":"SMITH"},{"data":"Capacitor","floor":23.0,"key":"SMITH"},{"data":"Dualcast","floor":25.0,"key":"SMITH"},{"floor":32,"key":"REST"},{"data":"Hologram","floor":40,"key":"SMITH"},{"floor":49,"key":"REST"}],"neow_cost":"NONE","seed_source_timestamp":574527191128868,"circlet_count":0,"master_deck":["Strike_B","Defend_B","Defend_B","Zap+1","Dualcast+1","Coolheaded","Chill","Hologram+1","Self Repair","Cold Snap","Conserve Battery","Auto Shields","Compile Driver","Capacitor+1","Defragment+1","Creative AI+1","Fusion+1","Undo","Consume","Hologram+1","Electrodynamics","Blizzard+1","Amplify","All For One+1","Ball Lightning+1","Go for the Eyes+1","Barrage+1","Double Energy+1"],"special_seed":0,"relics":["Cracked Core","Anchor","Tiny Chest","Omamori","Oddly Smooth Stone","Nuclear Battery","Cables","Letter Opener","Matryoshka","Molten Egg 2","Astrolabe","DataDisk","Regal Pillow","Ornamental Fan","Vajra","Bronze Scales"],"potions_floor_usage":[50,50],"damage_taken":[{"damage":2.0,"enemies":"Jaw Worm","floor":1.0,"turns":3.0},{"damage":0.0,"enemies":"Small Slimes","floor":2.0,"turns":2.0},{"damage":1.0,"enemies":"Cultist","floor":3.0,"turns":4.0},{"damage":4.0,"enemies":"Exordium Wildlife","floor":4.0,"turns":5.0},{"damage":20.0,"enemies":"Gremlin Nob","floor":6.0,"turns":5.0},{"damage":13.0,"enemies":"Lagavulin","floor":8.0,"turns":9.0},{"damage":9.0,"enemies":"3 Sentries","floor":10.0,"turns":12.0},{"damage":0.0,"enemies":"Large Slime","floor":11.0,"turns":6.0},{"damage":1.0,"enemies":"Looter","floor":13.0,"turns":4.0},{"damage":18.0,"enemies":"Slime Boss","floor":16.0,"turns":10.0},{"damage":0.0,"enemies":"Chosen","floor":18.0,"turns":7.0},{"damage":20.0,"enemies":"2 Thieves","floor":19.0,"turns":4.0},{"damage":9.0,"enemies":"Shelled Parasite and Fungi","floor":22.0,"turns":10.0},{"damage":0.0,"enemies":"Centurion and Healer","floor":24.0,"turns":9.0},{"damage":0.0,"enemies":"Snecko","floor":27.0,"turns":6.0},{"damage":0.0,"enemies":"Slavers","floor":28.0,"turns":4.0},{"damage":55.0,"enemies":"Gremlin Leader","floor":30.0,"turns":8.0},{"damage":2,"enemies":"Sentry and Sphere","floor":31,"turns":4},{"damage":14,"enemies":"Champ","floor":33,"turns":10},{"damage":17,"enemies":"3 Darklings","floor":35,"turns":4},{"damage":0,"enemies":"3 Shapes","floor":36,"turns":2},{"damage":8,"enemies":"Writhing Mass","floor":37,"turns":6},{"damage":21,"enemies":"Reptomancer","floor":41,"turns":8},{"damage":13,"enemies":"Jaw Worm Horde","floor":46,"turns":2},{"damage":0,"enemies":"3 Darklings","floor":48,"turns":1},{"damage":47,"enemies":"Donu and Deca","floor":50,"turns":7}],"seed_played":"-2403305048029703893","potions_obtained":[{"floor":3.0,"key":"FocusPotion"},{"floor":8.0,"key":"Strength Potion"},{"floor":10.0,"key":"Block Potion"},{"floor":24.0,"key":"Energy Potion"},{"floor":33,"key":"SpeedPotion"},{"floor":37,"key":"Ancient Potion"}],"is_trial":false,"path_per_floor":["M","M","M","M","?","E","R","E","T","E","M","?","M","$","R","B",null,"M","M","?","$","M","R","M","R","T","M","E","$","E","M","R","B",null,"M","M","M","?","?","R","E","?","T","$","?","M","$","M","R","B",null],"character_chosen":"DEFECT","items_purchased":["Defragment","Cables","Undo","Vajra","Bronze Scales"],"campfire_rested":2,"item_purchase_floors":[14,21,21,44,44],"current_hp_per_floor":[66,66,65,68,68,55,55,49,49,47,54,47,53,53,53,42,67,67,54,54,54,52,52,59,59,59,73,73,73,25,30,52,45,68,58,58,57,57,75,75,68,68,68,68,68,55,55,55,75,35],"gold":33,"neow_bonus":"THREE_CARDS","is_prod":false,"is_daily":false,"chose_seed":false,"campfire_upgraded":5,"win_rate":0,"timestamp":1547912504,"path_taken":["M","M","M","M","?","E","R","E","T","E","M","?","M","$","R","BOSS","M","M","?","$","M","R","M","R","T","M","E","$","E","?","R","BOSS","M","M","M","?","?","R","E","?","T","$","?","M","?","M","R","BOSS"],"build_version":"2019-01-17v2","purchased_purges":0,"victory":true,"max_hp_per_floor":[75,75,75,75,75,75,75,75,75,75,75,75,75,75,75,75,75,75,75,75,75,75,75,75,75,75,75,75,75,75,75,75,75,75,75,75,75,75,75,75,75,75,75,75,75,75,75,75,75,75],"card_choices":[{"not_picked":["Beam Cell","Aggregate"],"picked":"Coolheaded","floor":0.0},{"not_picked":["Sweeping Beam","Fusion"],"picked":"Chill","floor":1.0},{"not_picked":["Turbo","Beam Cell"],"picked":"Hologram","floor":2.0},{"not_picked":["Compile Driver","Static Discharge"],"picked":"Self Repair","floor":3.0},{"not_picked":["Reinforced Body","Stack"],"picked":"Cold Snap","floor":4.0},{"not_picked":["Rip and Tear","Force Field"],"picked":"Conserve Battery","floor":6.0},{"not_picked":["Compile Driver","Multi-Cast"],"picked":"Auto Shields","floor":8.0},{"not_picked":["Barrage","Scrape"],"picked":"Compile Driver","floor":10.0},{"not_picked":["Leap","Chaos"],"picked":"Capacitor","floor":11.0},{"not_picked":["Cold Snap","Leap","Lockon"],"picked":"SKIP","floor":13.0},{"not_picked":["Thunder Strike","Machine Learning"],"picked":"Creative AI","floor":16.0},{"not_picked":["Turbo","Cold Snap+1","Recycle"],"picked":"SKIP","floor":18.0},{"not_picked":["Ball Lightning","Redo"],"picked":"Fusion+1","floor":19.0},{"not_picked":["Conserve Battery","FTL"],"picked":"Consume","floor":22.0},{"not_picked":["FTL","Sweeping Beam","Heatsinks+1"],"picked":"SKIP","floor":24.0},{"not_picked":["Capacitor","Heatsinks"],"picked":"Hologram+1","floor":27.0},{"not_picked":["Hyperbeam","Storm+1"],"picked":"Electrodynamics","floor":28.0},{"not_picked":["Gash","Darkness","Turbo+1"],"picked":"SKIP","floor":30.0},{"not_picked":["Static Discharge","Go for the Eyes+1"],"picked":"Blizzard+1","floor":31},{"not_picked":["Rainbow","Biased Cognition"],"picked":"Amplify","floor":33},{"not_picked":["Hologram","Rebound+1"],"picked":"Barrage+1","floor":35},{"not_picked":["Force Field+1","Conserve Battery+1"],"picked":"Double Energy+1","floor":36},{"not_picked":["Sweeping Beam+1","Capacitor+1","Sunder+1"],"picked":"SKIP","floor":37},{"not_picked":["Ball Lightning+1","Force Field","Sweeping Beam+1"],"picked":"SKIP","floor":41},{"not_picked":["Ball Lightning+1","Force Field","Sweeping Beam+1"],"picked":"SKIP","floor":41},{"not_picked":["Beam Cell+1","Cold Snap+1","Streamline+1"],"picked":"SKIP","floor":46},{"not_picked":["Gash+1","Coolheaded","Compile Driver+1"],"picked":"SKIP","floor":48}],"player_experience":105650,"relics_obtained":[{"floor":6.0,"key":"Anchor"},{"floor":8.0,"key":"Tiny Chest"},{"floor":9.0,"key":"Omamori"},{"floor":10.0,"key":"Oddly Smooth Stone"},{"floor":26.0,"key":"Letter Opener"},{"floor":28.0,"key":"Matryoshka"},{"floor":30.0,"key":"Molten Egg 2"},{"floor":41,"key":"DataDisk"},{"floor":43,"key":"Regal Pillow"},{"floor":43,"key":"Ornamental Fan"}],"event_choices":[{"cards_removed":["Strike_B"],"damage_healed":0.0,"max_hp_gain":0.0,"max_hp_loss":0.0,"gold_gain":0.0,"event_name":"The Cleric","player_choice":"Card Removal","floor":5.0,"gold_loss":50.0,"damage_taken":0.0},{"cards_removed":["Defend_B"],"damage_healed":0.0,"max_hp_gain":0.0,"max_hp_loss":0.0,"gold_gain":0.0,"event_name":"Golden Wing","player_choice":"Card Removal","floor":12.0,"gold_loss":0.0,"damage_taken":7.0},{"damage_healed":0.0,"max_hp_gain":0.0,"max_hp_loss":0.0,"gold_gain":0.0,"event_name":"Upgrade Shrine","player_choice":"Upgraded","floor":20.0,"gold_loss":0.0,"damage_taken":0.0,"cards_upgraded":["Creative AI"]},{"damage_healed":0,"gold_gain":0,"player_choice":"Ignored","damage_taken":0,"max_hp_gain":0,"max_hp_loss":0,"event_name":"Mysterious Sphere","floor":38,"gold_loss":0},{"damage_healed":19,"gold_gain":0,"player_choice":"Writhe","damage_taken":0,"max_hp_gain":0,"max_hp_loss":0,"event_name":"Winding Halls","floor":39,"gold_loss":0,"cards_obtained":["Writhe"]},{"damage_healed":0,"gold_gain":0,"player_choice":"Ignored","damage_taken":0,"max_hp_gain":0,"max_hp_loss":0,"event_name":"Tomb of Lord Red Mask","floor":42,"gold_loss":0},{"damage_healed":0,"gold_gain":0,"player_choice":"Memory 1","damage_taken":0,"max_hp_gain":0,"max_hp_loss":0,"event_name":"SensoryStone","floor":45,"gold_loss":0}],"is_beta":false,"boss_relics":[{"not_picked":["Orrery","Empty Cage"],"picked":"Nuclear Battery"},{"not_picked":["Eternal Feather","Velvet Choker"],"picked":"Astrolabe"}],"items_purged_floors":[],"is_endless":false,"potions_floor_spawned":[3,8,10,24,27,33,37,41,46,48],"ascension_level":6}