{"gold_per_floor":[110,110,126,45,60,92,92,115,115,140,150,150,150,169,169,290,290,304,304,328,351,351,385,26,26,26,60,70,70,87,103,103,200,200,217,149,199,216,236,236,253,253,278,278,296,17,17,17,17,17],"floor_reached":51,"playtime":2613,"items_purged":["Strike_B"],"score":1051,"play_id":"6b132e17-bf3d-4da6-a77b-e5a5616bb6c4","local_time":"20190128024235","is_ascension_mode":true,"campfire_choices":[{"data":"Defragment","floor":7.0,"key":"SMITH"},{"data":"Zap","floor":15,"key":"SMITH"},{"data":"Fission","floor":32,"key":"SMITH"},{"data":"Loop","floor":40,"key":"SMITH"},{"data":"Defragment","floor":42,"key":"SMITH"},{"data":"Dualcast","floor":47,"key":"SMITH"},{"data":"Double Energy","floor":49,"key":"SMITH"}],"neow_cost":"NONE","seed_source_timestamp":568969226629333,"circlet_count":0,"master_deck":["Strike_B","Defend_B","Defend_B","Zap+1","Dualcast+1","Doom and Gloom","Conserve Battery","Coolheaded+1","Defragment+1","Glacier+1","Amplify","Hologram","Fission+1","Go for the Eyes","Double Energy+1","Ball Lightning+1","White Noise","Redo+1","Darkness","Ghostly","Ghostly","Ghostly","Ghostly","Ghostly","Auto Shields+1","Defragment+1","Core Surge","Darkness+1","Loop+1","Storm+1"],"special_seed":0,"relics":["Cracked Core","Art of War","War Paint","Ornamental Fan","Centennial Puzzle","Bloody Idol","Inserter","Dream Catcher","Symbiotic Virus","Gambling Chip","Unceasing Top","Sozu","Thread and Needle","Orichalcum","Chemical X"],"potions_floor_usage":[16,16,23,23,27,31,50],"damage_taken":[{"damage":0.0,"enemies":"2 Louse","floor":1.0,"turns":3.0},{"damage":0.0,"enemies":"Cultist","floor":3.0,"turns":3.0},{"damage":5.0,"enemies":"Small Slimes","floor":5.0,"turns":4.0},{"damage":12.0,"enemies":"Lagavulin","floor":6.0,"turns":7.0},{"damage":2.0,"enemies":"3 Sentries","floor":10.0,"turns":8.0},{"damage":1.0,"enemies":"3 Louse","floor":11.0,"turns":3.0},{"damage":16,"enemies":"Lots of Slimes","floor":14,"turns":6},{"damage":0,"enemies":"Hexaghost","floor":16,"turns":10},{"damage":3,"enemies":"Shell Parasite","floor":18,"turns":7},{"damage":1,"enemies":"Chosen","floor":20,"turns":5},{"damage":2,"enemies":"Shelled Parasite and Fungi","floor":21,"turns":7},{"damage":23,"enemies":"Slavers","floor":23,"turns":5},{"damage":16,"enemies":"Gremlin Leader","floor":27,"turns":6},{"damage":19,"enemies":"Snake Plant","floor":28,"turns":3},{"damage":1,"enemies":"3 Cultists","floor":30,"turns":5},{"damage":0,"enemies":"Snecko","floor":31,"turns":6},{"damage":11,"enemies":"Champ","floor":33,"turns":12},{"damage":0,"enemies":"3 Shapes","floor":35,"turns":3},{"damage":33,"enemies":"2 Orb Walkers","floor":37,"turns":5},{"damage":0,"enemies":"3 Darklings","floor":38,"turns":5},{"damage":0,"enemies":"Jaw Worm Horde","floor":39,"turns":5},{"damage":0,"enemies":"Transient","floor":41,"turns":5},{"damage":0,"enemies":"Spire Growth","floor":45,"turns":3},{"damage":23,"enemies":"Donu and Deca","floor":50,"turns":9}],"seed_played":"9218748054714398978","potions_obtained":[{"floor":3.0,"key":"Regen Potion"},{"floor":5.0,"key":"Block Potion"},{"floor":13.0,"key":"PowerPotion"},{"floor":13.0,"key":"GamblersBrew"},{"floor":13.0,"key":"Poison Potion"},{"floor":16,"key":"Regen Potion"},{"floor":18,"key":"Fire Potion"},{"floor":30,"key":"Fruit Juice"}],"is_trial":false,"path_per_floor":["M","?","M","$","M","E","R","T","T","E","M","?","?","M","R","B",null,"M","?","M","M","?","E","$","?","T","E","M","?","M","M","R","B",null,"M","$","?","M","M","R","M","R","T","?","M","$","R","?","R","B",null],"character_chosen":"DEFECT","items_purchased":["Defragment","Symbiotic Virus","Fruit Juice","Loop","Chemical X"],"campfire_rested":0,"item_purchase_floors":[4,24,24,36,46],"current_hp_per_floor":[68,68,68,68,63,66,66,66,66,64,63,63,63,47,47,47,64,61,61,60,58,58,49,49,49,49,43,29,29,33,42,42,36,41,42,42,14,19,24,24,29,29,34,34,39,39,39,39,39,16],"gold":17,"neow_bonus":"TRANSFORM_CARD","is_prod":false,"is_daily":false,"chose_seed":false,"campfire_upgraded":7,"win_rate":0,"timestamp":1548636155,"path_taken":["M","?","M","?","?","E","R","?","T","E","M","?","?","?","R","BOSS","M","?","M","M","?","E","$","?","T","E","M","?","M","M","R","BOSS","M","$","?","M","M","R","M","R","T","?","M","$","R","?","R","BOSS"],"build_version":"2019-01-23","purchased_purges":1,"victory":true,"max_hp_per_floor":[75,75,75,75,75,75,75,75,75,75,75,69,69,69,69,69,69,69,69,69,69,69,69,69,69,69,74,74,37,37,42,42,42,42,42,42,42,42,42,42,42,42,42,42,42,42,42,42,42,42],"card_choices":[{"not_picked":["Sweeping Beam","Chaos"],"picked":"Conserve Battery","floor":1.0},{"not_picked":["Barrage","Double Energy"],"picked":"Coolheaded","floor":3.0},{"not_picked":["Beam Cell","Multi-Cast"],"picked":"Glacier","floor":5.0},{"not_picked":["Lockon","Compile Driver"],"picked":"Amplify","floor":6.0},{"not_picked":["Force Field","Barrage"],"picked":"Hologram","floor":10.0},{"not_picked":["Rebound","Beam Cell","Leap"],"picked":"SKIP","floor":11.0},{"not_picked":["Beam Cell","Hologram","Compile Driver"],"picked":"SKIP","floor":14},{"not_picked":["Amplify","All For One"],"picked":"Fission","floor":16},{"not_picked":["Skim","Hello World"],"picked":"Go for the Eyes","floor":18},{"not_picked":["BootSequence","Scrape"],"picked":"Ball Lightning+1","floor":20},{"not_picked":["Steam+1","Barrage","Go for the Eyes"],"picked":"SKIP","floor":21},{"not_picked":["Rebound","White Noise"],"picked":"Redo+1","floor":23},{"not_picked":["Ball Lightning","Multi-Cast","Streamline"],"picked":"SKIP","floor":27},{"not_picked":["Sunder","Redo"],"picked":"Darkness","floor":28},{"not_picked":["Redo","Beam Cell"],"picked":"Auto Shields+1","floor":30},{"not_picked":["White Noise","Redo"],"picked":"Defragment","floor":31},{"not_picked":["Hyperbeam","Fission"],"picked":"Core Surge","floor":33},{"not_picked":["Streamline+1","Hologram"],"picked":"Darkness+1","floor":35},{"not_picked":["Go for the Eyes","Coolheaded+1"],"picked":"Storm+1","floor":37},{"not_picked":["Streamline","Redo+1","Doom and Gloom+1"],"picked":"SKIP","floor":38},{"not_picked":["Go for the Eyes+1","Barrage+1","Leap+1"],"picked":"SKIP","floor":39},{"not_picked":["Gash","Double Energy+1","Stack+1"],"picked":"SKIP","floor":41},{"not_picked":["Compile Driver+1","BootSequence+1","Turbo"],"picked":"SKIP","floor":45}],"player_experience":125457,"relics_obtained":[{"floor":6.0,"key":"Art of War"},{"floor":8.0,"key":"War Paint"},{"floor":9.0,"key":"Ornamental Fan"},{"floor":10.0,"key":"Centennial Puzzle"},{"floor":23,"key":"Dream Catcher"},{"floor":26,"key":"Gambling Chip"},{"floor":27,"key":"Unceasing Top"},{"floor":37,"key":"Thread and Needle"},{"floor":43,"key":"Orichalcum"}],"event_choices":[{"cards_removed":["Defend_B"],"damage_healed":0.0,"max_hp_gain":0.0,"max_hp_loss":0.0,"gold_gain":0.0,"event_name":"Wheel of Change","player_choice":"Card Removal","floor":2.0,"gold_loss":0.0,"damage_taken":0.0},{"damage_healed":0.0,"max_hp_gain":0.0,"max_hp_loss":6.0,"gold_gain":0.0,"event_name":"Golden Idol","player_choice":"Lose Max HP","floor":12.0,"gold_loss":0.0,"damage_taken":0.0,"relics_obtained":["Golden Idol"]},{"damage_healed":0.0,"max_hp_gain":0.0,"max_hp_loss":0.0,"gold_gain":0.0,"event_name":"Lab","player_choice":"Got Potions","floor":13.0,"gold_loss":0.0,"damage_taken":0.0},{"damage_healed":0,"gold_gain":0,"cards_transformed":["Strike_B","Defend_B"],"player_choice":"Became Test Subject","damage_taken":0,"max_hp_gain":0,"max_hp_loss":0,"event_name":"Drug Dealer","floor":19,"gold_loss":0,"cards_obtained":["Doom and Gloom","Double Energy"]},{"damage_healed":0,"gold_gain":0,"player_choice":"Read","damage_taken":0,"max_hp_gain":0,"max_hp_loss":0,"event_name":"The Library","floor":22,"gold_loss":0,"cards_obtained":["White Noise"]},{"damage_healed":0,"gold_gain":0,"player_choice":"Gave Idol","damage_taken":0,"relics_obtained":["Bloody Idol"],"max_hp_gain":0,"max_hp_loss":0,"event_name":"Forgotten Altar","floor":25,"relics_lost":["Golden Idol"],"gold_loss":0},{"damage_healed":0,"gold_gain":0,"player_choice":"Became a Ghost","damage_taken":0,"max_hp_gain":0,"max_hp_loss":37,"event_name":"Ghosts","floor":29,"gold_loss":0,"cards_obtained":["Ghostly","Ghostly","Ghostly","Ghostly","Ghostly"]},{"damage_healed":0,"gold_gain":0,"player_choice":"Fight","damage_taken":0,"max_hp_gain":0,"max_hp_loss":0,"event_name":"Mysterious Sphere","floor":37,"gold_loss":0},{"damage_healed":0,"gold_gain":0,"player_choice":"Memory 1","damage_taken":0,"max_hp_gain":0,"max_hp_loss":0,"event_name":"SensoryStone","floor":44,"gold_loss":0},{"cards_removed":["Doom and Gloom"],"damage_healed":0,"gold_gain":0,"player_choice":"Removed Attack","damage_taken":0,"max_hp_gain":0,"max_hp_loss":0,"event_name":"Falling","floor":48,"gold_loss":0}],"is_beta":false,"boss_relics":[{"not_picked":["Nuclear Battery","Astrolabe"],"picked":"Inserter"},{"not_picked":["Runic Dome","White Beast Statue"],"picked":"Sozu"}],"items_purged_floors":[46],"is_endless":false,"potions_floor_spawned":[3,5,14,16,18,20,30,35,37,45],"ascension_level":8}