{"gold_per_floor":[117,42,42,42,52,52,2,29,29,55,55,78,78,89,89,184,184,198,198,41,54,70,103,114,114,139,157,191,191,226,226,226,330,330,344,254,265,265,282,314,314,314,341,7,37,47,62,85,85,85],"floor_reached":51,"playtime":7101,"items_purged":["Strike_B"],"score":885,"play_id":"7a02f4ae-474e-47fc-978e-70fb7d7b4a80","local_time":"20190112032604","is_ascension_mode":true,"campfire_choices":[{"floor":6,"key":"REST"},{"floor":11,"key":"REST"},{"floor":13,"key":"REST"},{"data":"Echo Form","floor":15,"key":"SMITH"},{"floor":25,"key":"REST"},{"data":"Zap","floor":29,"key":"SMITH"},{"floor":32,"key":"REST"},{"data":"Sweeping Beam","floor":42,"key":"SMITH"},{"floor":49,"key":"REST"}],"neow_cost":"PERCENT_DAMAGE","seed_source_timestamp":42098155412913,"circlet_count":0,"master_deck":["Strike_B","Strike_B","Strike_B","Defend_B","Defend_B","Zap+1","Dualcast","Echo Form+1","Cold Snap+1","Undo","Conserve Battery","Genetic Algorithm","Redo","Sweeping Beam+1","Stack+1","Cold Snap+1","Biased Cognition+1","Stack+1","Capacitor+1","Conserve Battery+1","Beam Cell+1","Reprogram+1","Machine Learning+1","Sweeping Beam+1","Leap","Genetic Algorithm+1","Magnetism+1","Apotheosis","Capacitor+1","Shame","Go for the Eyes"],"relics":["Cracked Core","Dream Catcher","FossilizedHelix","Frozen Egg 2","Mercury Hourglass","Odd Mushroom","Cursed Key","FaceOfCleric","Oddly Smooth Stone","Omamori","Lantern","Blood Vial","Anchor","White Beast Statue","Darkstone Periapt","Centennial Puzzle","Pen Nib","Whetstone","Happy Flower"],"potions_floor_usage":[16,16,23,23,28,28,30,39,45,45,45,47,50,50],"damage_taken":[{"damage":9,"enemies":"Small Slimes","floor":1,"turns":5},{"damage":0,"enemies":"2 Louse","floor":5,"turns":3},{"damage":17,"enemies":"3 Sentries","floor":8,"turns":9},{"damage":0,"enemies":"Lagavulin","floor":10,"turns":7},{"damage":12,"enemies":"The Mushroom Lair","floor":12,"turns":3},{"damage":0,"enemies":"Jaw Worm","floor":14,"turns":4},{"damage":9,"enemies":"Hexaghost","floor":16,"turns":13},{"damage":0,"enemies":"Shell Parasite","floor":18,"turns":6},{"damage":0,"enemies":"Spheric Guardian","floor":21,"turns":4},{"damage":14,"enemies":"Snake Plant","floor":22,"turns":4},{"damage":11,"enemies":"Book of Stabbing","floor":23,"turns":5},{"damage":0,"enemies":"Snecko","floor":24,"turns":6},{"damage":9,"enemies":"3 Cultists","floor":27,"turns":6},{"damage":6,"enemies":"Gremlin Leader","floor":28,"turns":5},{"damage":13,"enemies":"Slavers","floor":30,"turns":6},{"damage":50,"enemies":"Automaton","floor":33,"turns":18},{"damage":0,"enemies":"3 Darklings","floor":35,"turns":6},{"damage":0,"enemies":"Orb Walker","floor":37,"turns":5},{"damage":0,"enemies":"3 Darklings","floor":39,"turns":6},{"damage":0,"enemies":"Nemesis","floor":40,"turns":7},{"damage":38,"enemies":"Reptomancer","floor":45,"turns":8},{"damage":0,"enemies":"Spire Growth","floor":46,"turns":6},{"damage":0,"enemies":"Transient","floor":47,"turns":5},{"damage":42,"enemies":"Time Eater","floor":50,"turns":14}],"seed_played":"-5805926113472899840","potions_obtained":[{"floor":1,"key":"Swift Potion"},{"floor":8,"key":"SpeedPotion"},{"floor":14,"key":"Strength Potion"},{"floor":16,"key":"FocusPotion"},{"floor":21,"key":"AttackPotion"},{"floor":22,"key":"SkillPotion"},{"floor":27,"key":"SkillPotion"},{"floor":28,"key":"PowerPotion"},{"floor":35,"key":"GamblersBrew"},{"floor":37,"key":"LiquidBronze"},{"floor":39,"key":"GamblersBrew"},{"floor":40,"key":"LiquidBronze"},{"floor":45,"key":"Weak Potion"},{"floor":46,"key":"LiquidBronze"},{"floor":47,"key":"Fruit Juice"}],"is_trial":false,"path_per_floor":["M","$","?","?","M","R","?","E","T","E","R","?","R","M","R","B",null,"M","?","$","M","M","E","M","R","T","M","E","R","E","?","R","B",null,"M","?","M","?","M","E","?","R","T","$","E","M","M","T","R","B",null],"character_chosen":"DEFECT","items_purchased":["Oddly Smooth Stone","Pen Nib","Apotheosis"],"campfire_rested":6,"item_purchase_floors":[20,44,44],"current_hp_per_floor":[45,45,45,33,33,55,55,38,38,38,60,48,70,70,70,61,75,75,75,75,76,63,53,54,77,77,69,64,64,54,38,64,17,88,89,89,90,90,91,92,92,92,92,92,55,58,61,67,97,63],"gold":85,"neow_bonus":"THREE_RARE_CARDS","is_prod":false,"is_daily":false,"chose_seed":false,"campfire_upgraded":3,"win_rate":0,"timestamp":1547292364,"path_taken":["M","$","?","?","?","R","?","E","T","E","R","?","R","M","R","BOSS","M","?","$","?","?","E","M","R","T","?","E","R","E","?","R","BOSS","M","?","?","?","M","E","?","R","T","$","E","M","M","?","R","BOSS"],"build_version":"2019-01-10","purchased_purges":1,"victory":true,"max_hp_per_floor":[75,75,75,75,75,75,75,75,75,75,75,75,75,75,75,75,75,75,75,75,76,77,78,79,79,79,80,81,81,82,87,87,88,88,89,89,90,90,91,92,92,92,92,92,93,94,95,101,101,107],"card_choices":[{"not_picked":["Reboot","Core Surge"],"picked":"Echo Form","floor":0},{"not_picked":["Skim","Turbo"],"picked":"Cold Snap","floor":1},{"not_picked":["Double Energy","Aggregate"],"picked":"Undo","floor":5},{"not_picked":["Go for the Eyes","Coolheaded"],"picked":"Conserve Battery","floor":6},{"not_picked":["Conserve Battery","Biased Cognition"],"picked":"Genetic Algorithm","floor":8},{"not_picked":["Storm+1","Compile Driver"],"picked":"Redo","floor":10},{"not_picked":["Lockon","Hologram"],"picked":"Sweeping Beam","floor":11},{"not_picked":["Glacier","Gash"],"picked":"Stack","floor":12},{"not_picked":["Thunder Strike","Barrage"],"picked":"Cold Snap","floor":13},{"not_picked":["Coolheaded","Compile Driver","Melter"],"picked":"SKIP","floor":14},{"not_picked":["All For One","Thunder Strike"],"picked":"Biased Cognition+1","floor":16},{"not_picked":["Compile Driver+1","Chaos"],"picked":"Stack+1","floor":18},{"not_picked":["Steam+1","Turbo"],"picked":"Capacitor+1","floor":21},{"not_picked":["Gash","Redo","Rebound+1"],"picked":"SKIP","floor":22},{"not_picked":["Beam Cell","Fission"],"picked":"Conserve Battery+1","floor":23},{"not_picked":["Coolheaded","Recycle"],"picked":"Beam Cell+1","floor":24},{"not_picked":["Rebound","Compile Driver"],"picked":"Reprogram+1","floor":27},{"not_picked":["Lockon","Barrage"],"picked":"Machine Learning+1","floor":28},{"not_picked":["Undo+1","BootSequence","Rebound"],"picked":"SKIP","floor":30},{"not_picked":["Rip and Tear+1","Barrage"],"picked":"Sweeping Beam+1","floor":35},{"not_picked":["Consume+1","Cold Snap+1"],"picked":"Leap","floor":37},{"not_picked":["Darkness+1","Stack+1","Sweeping Beam"],"picked":"SKIP","floor":39},{"not_picked":["Steam","Force Field+1"],"picked":"Genetic Algorithm+1","floor":40},{"not_picked":["Sadistic Nature+1","Jack Of All Trades"],"picked":"Magnetism+1","floor":41},{"not_picked":["Hologram","Conserve Battery","Sweeping Beam"],"picked":"SKIP","floor":45},{"not_picked":["Coolheaded+1","Auto Shields","Steam"],"picked":"SKIP","floor":46},{"not_picked":["Sweeping Beam+1","Self Repair+1"],"picked":"Capacitor+1","floor":47},{"not_picked":["Sweeping Beam+1","Steam Power+1"],"picked":"Go for the Eyes","floor":49}],"player_experience":126541,"relics_obtained":[{"floor":8,"key":"FossilizedHelix"},{"floor":9,"key":"Frozen Egg 2"},{"floor":10,"key":"Mercury Hourglass"},{"floor":12,"key":"Odd Mushroom"},{"floor":23,"key":"Omamori"},{"floor":26,"key":"Lantern"},{"floor":28,"key":"Blood Vial"},{"floor":30,"key":"Anchor"},{"floor":40,"key":"Darkstone Periapt"},{"floor":43,"key":"Centennial Puzzle"},{"floor":45,"key":"Whetstone"},{"floor":48,"key":"Happy Flower"}],"event_choices":[{"damage_healed":0,"gold_gain":0,"player_choice":"Ignored","damage_taken":0,"max_hp_gain":0,"max_hp_loss":0,"event_name":"Liars Game","floor":3,"gold_loss":0},{"damage_healed":0,"gold_gain":0,"player_choice":"Success","damage_taken":12,"relics_obtained":["Dream Catcher"],"max_hp_gain":0,"max_hp_loss":0,"event_name":"Scrap Ooze","floor":4,"gold_loss":0},{"cards_removed":["Defend_B"],"damage_healed":0,"gold_gain":0,"player_choice":"Card Removal","damage_taken":0,"max_hp_gain":0,"max_hp_loss":0,"event_name":"The Cleric","floor":7,"gold_loss":50},{"damage_healed":0,"gold_gain":0,"player_choice":"Fought Mushrooms","damage_taken":0,"max_hp_gain":0,"max_hp_loss":0,"event_name":"Mushrooms","floor":12,"gold_loss":0},{"damage_healed":0,"gold_gain":0,"player_choice":"Trade","damage_taken":0,"relics_obtained":["FaceOfCleric"],"max_hp_gain":0,"max_hp_loss":0,"event_name":"FaceTrader","floor":19,"gold_loss":0},{"damage_healed":0,"gold_gain":0,"player_choice":"Shed Blood","damage_taken":21,"max_hp_gain":5,"max_hp_loss":0,"event_name":"Forgotten Altar","floor":31,"gold_loss":0},{"cards_removed":["Defend_B"],"damage_healed":0,"gold_gain":0,"player_choice":"Upgrade and Remove","damage_taken":0,"max_hp_gain":0,"max_hp_loss":0,"event_name":"Designer","floor":36,"gold_loss":90,"cards_upgraded":["Stack"]},{"damage_healed":0,"gold_gain":0,"player_choice":"Ignored","damage_taken":0,"max_hp_gain":0,"max_hp_loss":0,"event_name":"Tomb of Lord Red Mask","floor":38,"gold_loss":0},{"damage_healed":0,"gold_gain":0,"player_choice":"Memory 1","damage_taken":0,"max_hp_gain":0,"max_hp_loss":0,"event_name":"SensoryStone","floor":41,"gold_loss":0}],"is_beta":false,"boss_relics":[{"not_picked":["Astrolabe","Orrery"],"picked":"Cursed Key"},{"not_picked":["Coffee Dripper","Fusion Hammer"],"picked":"White Beast Statue"}],"items_purged_floors":[2],"is_endless":false,"potions_floor_spawned":[1,8,14,16,21,22,27,28,35,37,39,40,45,46,47],"ascension_level":1}