{"gold_per_floor":[112,37,112,123,134,134,161,118,118,135,148,148,148,159,159,260,260,271,571,586,31,31,31,48,48,48,48,59,73,86,86],"floor_reached":31,"playtime":4144,"items_purged":[],"score":287,"play_id":"4ba703f2-1598-47bb-9e4c-bfb76c9faec3","local_time":"20190222004211","is_ascension_mode":true,"campfire_choices":[{"data":"Sucker Punch","floor":6,"key":"SMITH"},{"floor":15,"key":"REST"},{"floor":23,"key":"REST"},{"data":"All Out Attack","floor":25,"key":"SMITH"},{"data":"Cloak And Dagger","floor":27,"key":"SMITH"}],"neow_cost":"NONE","seed_source_timestamp":373468704466185,"circlet_count":0,"master_deck":["Defend_G","Defend_G","Defend_G","Defend_G","Defend_G","Strike_G","Strike_G","Strike_G","Strike_G","Strike_G","Survivor","Neutralize","Quick Slash","Flying Knee","Sucker Punch+1","Endless Agony","Dagger Spray","Footwork","Cloak And Dagger+1","Blur","Blade Dance","Adrenaline","Adrenaline","Dagger Throw","Blade Dance+1","Noxious Fumes","Well Laid Plans","Catalyst","Noxious Fumes","Catalyst","All Out Attack+1","Terror","Cloak And Dagger","Underhanded Strike"],"relics":["Ring of the Snake","Ancient Tea Set","The Courier","Ornamental Fan","Snecko Eye","Old Coin","Happy Flower","Mummified Hand","Bronze Scales"],"potions_floor_usage":[16,16,30,31],"damage_taken":[{"damage":1,"enemies":"Jaw Worm","floor":1,"turns":7},{"damage":0,"enemies":"Small Slimes","floor":4,"turns":3},{"damage":1,"enemies":"Cultist","floor":5,"turns":3},{"damage":7,"enemies":"3 Sentries","floor":7,"turns":6},{"damage":7,"enemies":"Exordium Wildlife","floor":10,"turns":5},{"damage":7,"enemies":"Red Slaver","floor":11,"turns":4},{"damage":1,"enemies":"Looter","floor":14,"turns":2},{"damage":21,"enemies":"Hexaghost","floor":16,"turns":16},{"damage":6,"enemies":"Chosen","floor":18,"turns":6},{"damage":20,"enemies":"3 Byrds","floor":20,"turns":5},{"damage":3,"enemies":"Snecko","floor":24,"turns":5},{"damage":12,"enemies":"Snake Plant","floor":28,"turns":4},{"damage":40,"enemies":"Centurion and Healer","floor":29,"turns":6},{"damage":4,"enemies":"Shelled Parasite and Fungi","floor":30,"turns":3},{"damage":9,"enemies":"3 Cultists","floor":31,"turns":3}],"seed_played":"1383353682392213864","potions_obtained":[{"floor":7,"key":"Dexterity Potion"},{"floor":10,"key":"EssenceOfSteel"},{"floor":16,"key":"SpeedPotion"},{"floor":24,"key":"Poison Potion"},{"floor":30,"key":"Weak Potion"}],"is_trial":false,"path_per_floor":["M","$","?","M","M","R","E","$","T","M","M","$","?","M","R","B",null,"M","T","M","$","?","R","M","R","T","R","M","M","M","M"],"character_chosen":"THE_SILENT","items_purchased":["Flying Knee","Sucker Punch","Cloak And Dagger","Happy Flower","Noxious Fumes","Well Laid Plans","Catalyst","Noxious Fumes","Mummified Hand"],"campfire_rested":2,"item_purchase_floors":[2,2,8,21,21,21,21,21,21],"current_hp_per_floor":[69,69,58,58,57,57,50,50,50,43,36,36,29,28,49,28,70,64,64,44,44,44,65,62,62,62,62,50,10,6,0],"gold":86,"neow_bonus":"RANDOM_COMMON_RELIC","is_prod":false,"is_daily":false,"chose_seed":false,"campfire_upgraded":3,"win_rate":0,"timestamp":1550814131,"path_taken":["M","$","?","M","M","R","E","$","T","M","M","$","?","M","R","BOSS","M","?","M","$","?","R","M","R","T","R","?","M","M","M"],"build_version":"2019-01-23","purchased_purges":0,"victory":false,"max_hp_per_floor":[70,70,70,70,70,70,70,70,70,70,70,70,70,70,70,70,70,70,70,70,70,70,70,70,70,70,70,70,70,70,70],"card_choices":[{"not_picked":["Prepared","PiercingWail"],"picked":"Quick Slash","floor":1},{"not_picked":["Eviscerate","Blade Dance"],"picked":"Endless Agony","floor":4},{"not_picked":["Acrobatics","Flying Knee"],"picked":"Dagger Spray","floor":5},{"not_picked":["Dodge and Roll","Deadly Poison"],"picked":"Footwork","floor":7},{"not_picked":["Quick Slash","Tactician"],"picked":"Blur","floor":10},{"not_picked":["Predator","Flechettes"],"picked":"Blade Dance","floor":11},{"not_picked":["Riddle With Holes","Underhanded Strike"],"picked":"Adrenaline","floor":14},{"not_picked":["Envenom","Night Terror"],"picked":"Adrenaline","floor":16},{"not_picked":["Quick Slash","Deflect+1"],"picked":"Dagger Throw","floor":18},{"not_picked":["Finisher","All Out Attack"],"picked":"Blade Dance+1","floor":20},{"not_picked":["Quick Slash","Backflip"],"picked":"All Out Attack","floor":24},{"not_picked":["Dagger Throw","PiercingWail"],"picked":"Terror","floor":28},{"not_picked":["Acrobatics+1","Deflect"],"picked":"Cloak And Dagger","floor":29},{"not_picked":["Deflect","PiercingWail"],"picked":"Underhanded Strike","floor":30}],"player_experience":269082,"relics_obtained":[{"floor":7,"key":"The Courier"},{"floor":9,"key":"Ornamental Fan"},{"floor":19,"key":"Old Coin"},{"floor":26,"key":"Bronze Scales"}],"event_choices":[{"damage_healed":0,"gold_gain":75,"player_choice":"Gather Gold","damage_taken":11,"max_hp_gain":0,"max_hp_loss":0,"event_name":"World of Goop","floor":3,"gold_loss":0},{"damage_healed":0,"gold_gain":0,"player_choice":"Damaged","damage_taken":7,"max_hp_gain":0,"max_hp_loss":0,"event_name":"Wheel of Change","floor":13,"gold_loss":0},{"damage_healed":0,"gold_gain":0,"player_choice":"Copied","damage_taken":0,"max_hp_gain":0,"max_hp_loss":0,"event_name":"Duplicator","floor":22,"gold_loss":0,"cards_obtained":["Catalyst"]}],"is_beta":false,"boss_relics":[{"not_picked":["Fusion Hammer","Calling Bell"],"picked":"Snecko Eye"}],"items_purged_floors":[],"is_endless":false,"potions_floor_spawned":[7,10,16,24,30],"killed_by":"3 Cultists","ascension_level":4}