{"gold_per_floor":[118,118,118,118,141,180,180,214,239,239,264,62,83,108,108,228,228,242,260,260,109,234,277,312,367,406,418,430,442,454,510,522,659,671,707,719,754,841,380,413,413,453,453,453,453,453,487,500,500,500],"floor_reached":51,"playtime":2491,"items_purged":["Strike_R"],"score":1296,"play_id":"c23f35b3-4ccf-4d75-9c03-3b1cf7708fca","local_time":"20190208123453","is_ascension_mode":true,"campfire_choices":[{"data":"Bash","floor":7,"key":"SMITH"},{"data":"Demon Form","floor":10,"key":"SMITH"},{"data":"Heavy Blade","floor":15,"key":"SMITH"},{"data":"Seeing Red","floor":28,"key":"SMITH"},{"data":"Metallicize","floor":32,"key":"SMITH"},{"data":"Offering","floor":41,"key":"SMITH"},{"data":"Spot Weakness","floor":44,"key":"SMITH"},{"data":"Flex","floor":46,"key":"SMITH"},{"data":"Inflame","floor":49,"key":"SMITH"}],"neow_cost":"NONE","seed_source_timestamp":2332304707255213,"circlet_count":0,"master_deck":["Strike_R","Strike_R","Defend_R","Bash+1","Flex+1","Sword Boomerang","Seeing Red+1","Demon Form+1","Heavy Blade+1","Rampage","Inflame+1","Feed","Uppercut+1","Battle Trance+1","Shrug It Off+1","Iron Wave","Clothesline+1","Necronomicurse","Cleave","Rage","Metallicize+1","Offering+1","RitualDagger","Seeing Red+1","Iron Wave","Panache","Heavy Blade+1","Spot Weakness+1"],"relics":["Burning Blood","NeowsBlessing","Golden Idol","Vajra","Dead Branch","PreservedInsect","Brimstone","Astrolabe","Necronomicon","Pen Nib","Gambling Chip","Ornamental Fan","MawBank","Singing Bowl","Bag of Preparation","Pantograph","Mango","Lizard Tail","Membership Card","Juzu Bracelet","Dream Catcher","Strawberry","Red Skull","Gremlin Horn","Happy Flower"],"potions_floor_usage":[8,8,8,14,16,16,16,16,22,24,33,48,50],"damage_taken":[{"damage":0,"enemies":"Small Slimes","floor":1,"turns":1},{"damage":0,"enemies":"Jaw Worm","floor":5,"turns":1},{"damage":0,"enemies":"Lagavulin","floor":6,"turns":1},{"damage":4,"enemies":"Gremlin Nob","floor":8,"turns":3},{"damage":1,"enemies":"Cultist","floor":11,"turns":3},{"damage":19,"enemies":"Exordium Thugs","floor":13,"turns":3},{"damage":0,"enemies":"Blue Slaver","floor":14,"turns":2},{"damage":58,"enemies":"Hexaghost","floor":16,"turns":4},{"damage":6,"enemies":"Chosen","floor":18,"turns":2},{"damage":3,"enemies":"Spheric Guardian","floor":19,"turns":3},{"damage":9,"enemies":"Colosseum Slavers","floor":22,"turns":2},{"damage":3,"enemies":"Colosseum Nobs","floor":22,"turns":2},{"damage":0,"enemies":"Gremlin Leader","floor":23,"turns":3},{"damage":7,"enemies":"Shelled Parasite and Fungi","floor":24,"turns":2},{"damage":13,"enemies":"Book of Stabbing","floor":25,"turns":3},{"damage":6,"enemies":"Gremlin Leader","floor":31,"turns":1},{"damage":16,"enemies":"Champ","floor":33,"turns":4},{"damage":6,"enemies":"Orb Walker","floor":35,"turns":1},{"damage":22,"enemies":"3 Shapes","floor":37,"turns":2},{"damage":0,"enemies":"Reptomancer","floor":40,"turns":2},{"damage":7,"enemies":"Giant Head","floor":42,"turns":3},{"damage":0,"enemies":"Reptomancer","floor":47,"turns":2},{"damage":17,"enemies":"Jaw Worm Horde","floor":48,"turns":3},{"damage":53,"enemies":"Time Eater","floor":50,"turns":5}],"seed_played":"5003633351854710340","potions_obtained":[{"floor":6,"key":"EntropicBrew"},{"floor":11,"key":"Strength Potion"},{"floor":13,"key":"Strength Potion"},{"floor":16,"key":"AttackPotion"},{"floor":22,"key":"BloodPotion"},{"floor":23,"key":"SteroidPotion"},{"floor":24,"key":"Explosive Potion"},{"floor":47,"key":"Dexterity Potion"}],"is_trial":false,"path_per_floor":["M","$","?","?","M","E","R","E","T","R","M","$","M","M","R","B",null,"M","M","?","$","?","E","M","E","T","$","R","?","?","E","R","B",null,"M","?","M","?","$","E","R","E","T","R","?","R","E","M","R","B",null],"character_chosen":"IRONCLAD","items_purchased":["Brimstone","Pen Nib","Membership Card","Juzu Bracelet","Dream Catcher","Panache"],"campfire_rested":0,"item_purchase_floors":[12,21,39,39,39,39],"current_hp_per_floor":[80,80,80,60,66,72,72,74,74,74,79,79,66,72,72,20,65,68,74,58,58,58,64,71,64,64,64,64,58,58,74,74,91,101,101,101,88,78,78,91,91,90,90,90,90,90,98,89,89,67],"gold":500,"neow_bonus":"THREE_ENEMY_KILL","is_prod":false,"is_daily":false,"chose_seed":false,"campfire_upgraded":9,"win_rate":0,"timestamp":1549658093,"path_taken":["M","$","?","?","M","E","R","E","T","R","?","?","M","M","R","BOSS","M","M","?","$","?","E","M","E","T","$","R","?","?","E","R","BOSS","M","?","M","?","$","E","R","E","T","R","?","R","E","M","R","BOSS"],"build_version":"2019-01-23","purchased_purges":1,"victory":true,"max_hp_per_floor":[80,80,80,80,80,80,80,80,80,80,80,80,80,80,80,80,80,83,86,86,86,86,86,86,86,86,86,86,86,86,102,102,104,104,104,104,107,107,107,114,114,114,114,114,114,114,116,118,118,118],"card_choices":[{"not_picked":["Warcry","Feel No Pain"],"picked":"Flex","floor":1},{"not_picked":["Havoc","Intimidate"],"picked":"Sword Boomerang","floor":5},{"not_picked":["Headbutt","Combust"],"picked":"Seeing Red","floor":6},{"not_picked":["Sword Boomerang","Fire Breathing"],"picked":"Demon Form","floor":8},{"not_picked":["Rampage","Thunderclap"],"picked":"Heavy Blade","floor":11},{"not_picked":["Intimidate","True Grit"],"picked":"Rampage","floor":13},{"not_picked":["Pommel Strike","Dual Wield"],"picked":"Inflame","floor":14},{"not_picked":["Reaper","Immolate"],"picked":"Feed","floor":16},{"not_picked":["Perfected Strike","Clothesline+1"],"picked":"Iron Wave","floor":18},{"not_picked":["Iron Wave","Perfected Strike"],"picked":"Clothesline+1","floor":19},{"not_picked":["Twin Strike","Sentinel"],"picked":"Cleave","floor":22},{"not_picked":["Clothesline","Twin Strike"],"picked":"Rage","floor":23},{"not_picked":["Body Slam","Clash"],"picked":"Metallicize","floor":24},{"not_picked":["Thunderclap","Ghostly Armor"],"picked":"Offering","floor":25},{"not_picked":["Perfected Strike+1","Whirlwind","Clash"],"picked":"Singing Bowl","floor":31},{"not_picked":["Juggernaut","Dark Embrace","Brutality"],"picked":"Singing Bowl","floor":33},{"not_picked":["Whirlwind","Wild Strike+1"],"picked":"Seeing Red+1","floor":35},{"not_picked":["True Grit","Havoc"],"picked":"Iron Wave","floor":37},{"not_picked":["Twin Strike","Armaments"],"picked":"Heavy Blade+1","floor":40},{"not_picked":["Evolve","Whirlwind+1"],"picked":"Spot Weakness","floor":42},{"not_picked":["Twin Strike","Iron Wave","Rupture+1"],"picked":"Singing Bowl","floor":47},{"not_picked":["Warcry","Thunderclap","Clothesline"],"picked":"Singing Bowl","floor":48}],"player_experience":277081,"relics_obtained":[{"floor":6,"key":"Vajra"},{"floor":8,"key":"Dead Branch"},{"floor":9,"key":"PreservedInsect"},{"floor":20,"key":"Necronomicon"},{"floor":22,"key":"Gambling Chip"},{"floor":22,"key":"Ornamental Fan"},{"floor":23,"key":"MawBank"},{"floor":25,"key":"Singing Bowl"},{"floor":26,"key":"Bag of Preparation"},{"floor":31,"key":"Mango"},{"floor":40,"key":"Strawberry"},{"floor":42,"key":"Red Skull"},{"floor":43,"key":"Gremlin Horn"},{"floor":47,"key":"Happy Flower"}],"event_choices":[{"cards_removed":["Defend_R"],"damage_healed":0,"gold_gain":0,"player_choice":"Forget","damage_taken":0,"max_hp_gain":0,"max_hp_loss":0,"event_name":"Living Wall","floor":3,"gold_loss":0},{"damage_healed":0,"gold_gain":0,"player_choice":"Take Damage","damage_taken":20,"relics_obtained":["Golden Idol"],"max_hp_gain":0,"max_hp_loss":0,"event_name":"Golden Idol","floor":4,"gold_loss":0},{"damage_healed":0,"gold_gain":0,"player_choice":"Obtained Book","damage_taken":16,"max_hp_gain":0,"max_hp_loss":0,"event_name":"Cursed Tome","floor":20,"gold_loss":0},{"damage_healed":0,"gold_gain":0,"player_choice":"Fight","damage_taken":0,"max_hp_gain":0,"max_hp_loss":0,"event_name":"Colosseum","floor":22,"gold_loss":0},{"damage_healed":0,"gold_gain":0,"player_choice":"Fought Nobs","damage_taken":0,"max_hp_gain":0,"max_hp_loss":0,"event_name":"Colosseum","floor":22,"gold_loss":0},{"damage_healed":0,"gold_gain":0,"player_choice":"Joined the Cult","damage_taken":6,"max_hp_gain":0,"max_hp_loss":0,"event_name":"Nest","floor":29,"gold_loss":0,"cards_obtained":["RitualDagger"]},{"damage_healed":0,"gold_gain":0,"player_choice":"Opened","damage_taken":0,"relics_obtained":["Pantograph"],"max_hp_gain":0,"max_hp_loss":0,"event_name":"The Mausoleum","floor":30,"gold_loss":0},{"cards_removed":["Defend_R"],"damage_healed":0,"gold_gain":0,"player_choice":"Removed Skill","damage_taken":0,"max_hp_gain":0,"max_hp_loss":0,"event_name":"Falling","floor":36,"gold_loss":0},{"damage_healed":0,"gold_gain":75,"player_choice":"Touch","damage_taken":10,"max_hp_gain":0,"max_hp_loss":0,"event_name":"FaceTrader","floor":38,"gold_loss":0},{"damage_healed":0,"gold_gain":0,"player_choice":"Ignored","damage_taken":0,"max_hp_gain":0,"max_hp_loss":0,"event_name":"SecretPortal","floor":45,"gold_loss":0}],"is_beta":false,"boss_relics":[{"not_picked":["Tiny House","Runic Dome"],"picked":"Astrolabe"},{"not_picked":["Calling Bell","Velvet Choker"],"picked":"Lizard Tail"}],"items_purged_floors":[39],"is_endless":false,"potions_floor_spawned":[6,11,13,16,22,23,24,25,47],"ascension_level":5}