{"gold_per_floor":[118,133,153,82,93,119,119,149,149,199,225,237,268,311,323,335],"floor_reached":16,"playtime":1024,"items_purged":[],"score":228,"play_id":"d14264f8-a082-456b-b51a-13f440a74e94","local_time":"20190224222256","is_ascension_mode":true,"campfire_choices":[{"floor":7,"key":"REST"},{"floor":12,"key":"REST"},{"floor":15,"key":"REST"}],"neow_cost":"NONE","seed_source_timestamp":791076839322513,"circlet_count":0,"master_deck":["AscendersBane","Strike_R","Strike_R","Strike_R+1","Strike_R","Strike_R+1","Defend_R","Defend_R","Defend_R","Defend_R","Bash","Cleave","Twin Strike","Shrug It Off","Uppercut","Immolate","Thunderclap","Iron Wave","Blood for Blood","Rampage"],"relics":["Burning Blood","NeowsBlessing","Smiling Mask","Incense Burner","Darkstone Periapt","Gambling Chip","MawBank","Whetstone"],"potions_floor_usage":[6,8],"damage_taken":[{"damage":0,"enemies":"Small Slimes","floor":1,"turns":1},{"damage":0,"enemies":"Cultist","floor":2,"turns":1},{"damage":0,"enemies":"2 Louse","floor":3,"turns":1},{"damage":19,"enemies":"Lots of Slimes","floor":5,"turns":5},{"damage":24,"enemies":"Gremlin Nob","floor":6,"turns":4},{"damage":43,"enemies":"Lagavulin","floor":8,"turns":8},{"damage":25,"enemies":"3 Sentries","floor":11,"turns":4},{"damage":12,"enemies":"Blue Slaver","floor":13,"turns":4},{"damage":4,"enemies":"Gremlin Nob","floor":14,"turns":4},{"damage":41,"enemies":"The Guardian","floor":16,"turns":14}],"seed_played":"8587322703151131237","potions_obtained":[{"floor":1,"key":"SteroidPotion"},{"floor":3,"key":"Ancient Potion"},{"floor":6,"key":"PowerPotion"}],"is_trial":false,"path_per_floor":["M","M","M","?","M","E","R","E","T","?","E","R","M","E","R","B"],"character_chosen":"IRONCLAD","items_purchased":[],"campfire_rested":3,"item_purchase_floors":[],"current_hp_per_floor":[74,75,75,75,62,44,66,29,29,29,10,32,26,28,50,9],"gold":335,"neow_bonus":"THREE_ENEMY_KILL","is_prod":false,"is_daily":false,"chose_seed":false,"campfire_upgraded":0,"win_rate":0,"timestamp":1551075776,"path_taken":["M","M","M","?","?","E","R","E","T","?","E","R","?","E","R","BOSS"],"build_version":"2019-01-23","purchased_purges":0,"victory":false,"max_hp_per_floor":[75,75,75,75,75,75,75,75,75,75,75,75,75,75,75,75],"card_choices":[{"not_picked":["Fire Breathing","Wild Strike"],"picked":"Cleave","floor":1},{"not_picked":["Combust","Blood for Blood"],"picked":"Twin Strike","floor":2},{"not_picked":["Clothesline","Fiend Fire"],"picked":"Shrug It Off","floor":3},{"not_picked":["Flex","Disarm"],"picked":"Uppercut","floor":5},{"not_picked":["Armaments","Pummel"],"picked":"Immolate","floor":6},{"not_picked":["Sword Boomerang","Cleave"],"picked":"Thunderclap","floor":8},{"not_picked":["Corruption","Twin Strike"],"picked":"Iron Wave","floor":11},{"not_picked":["Corruption","Thunderclap"],"picked":"Blood for Blood","floor":13},{"not_picked":["Hemokinesis","Sword Boomerang"],"picked":"Rampage","floor":14}],"player_experience":498084,"relics_obtained":[{"floor":6,"key":"Incense Burner"},{"floor":8,"key":"Darkstone Periapt"},{"floor":9,"key":"Gambling Chip"},{"floor":11,"key":"MawBank"},{"floor":14,"key":"Whetstone"}],"event_choices":[{"damage_healed":0,"gold_gain":0,"player_choice":"Paid Gold","damage_taken":0,"relics_obtained":["Smiling Mask"],"max_hp_gain":0,"max_hp_loss":0,"event_name":"WeMeetAgain","floor":4,"gold_loss":71},{"damage_healed":0,"gold_gain":50,"player_choice":"Pray","damage_taken":0,"max_hp_gain":0,"max_hp_loss":0,"event_name":"Golden Shrine","floor":10,"gold_loss":0}],"is_beta":false,"boss_relics":[],"items_purged_floors":[],"is_endless":false,"potions_floor_spawned":[1,3,6],"killed_by":"The Guardian","ascension_level":15}