{"gold_per_floor":[119,119,132,149,149,183,183,201,201,201,221,237,237,64,64,64],"floor_reached":16,"playtime":1963,"items_purged":[],"score":102,"play_id":"13100823-d913-4afe-bafd-a2ce52f3a6a2","local_time":"20180625225836","is_ascension_mode":false,"campfire_choices":[{"data":"Blood for Blood","floor":7,"key":"SMITH"},{"floor":13,"key":"REST"},{"floor":15,"key":"REST"}],"neow_cost":"NONE","seed_source_timestamp":80692062252786,"circlet_count":0,"master_deck":["Strike_R","Strike_R","Strike_R","Strike_R","Strike_R","Defend_R","Defend_R","Defend_R","Defend_R","Bash","Thunderclap+1","Shrug It Off","Twin Strike","Blood for Blood+1","Anger","Battle Trance","Clash","Dramatic Entrance","Searing Blow"],"relics":["Burning Blood","NeowsBlessing","Golden Idol","Gremlin Horn","Unceasing Top","Bottled Flame"],"potions_floor_usage":[11,16],"damage_taken":[{"damage":0,"enemies":"Small Slimes","floor":1,"turns":1},{"damage":0,"enemies":"Cultist","floor":3,"turns":1},{"damage":0,"enemies":"2 Louse","floor":4,"turns":1},{"damage":27,"enemies":"3 Sentries","floor":6,"turns":8},{"damage":24,"enemies":"Exordium Thugs","floor":8,"turns":6},{"damage":10,"enemies":"Red Slaver","floor":11,"turns":3},{"damage":4,"enemies":"Blue Slaver","floor":12,"turns":4},{"damage":69,"enemies":"The Guardian","floor":16,"turns":10}],"seed_played":"-5427572344147973395","potions_obtained":[{"floor":6,"key":"PowerPotion"},{"floor":12,"key":"Weak Potion"}],"is_trial":false,"path_per_floor":["M","?","M","M","?","E","R","M","T","T","M","M","R","$","R"],"character_chosen":"IRONCLAD","items_purchased":["Dramatic Entrance","Searing Blow"],"campfire_rested":2,"item_purchase_floors":[14,14],"current_hp_per_floor":[80,80,80,80,60,39,39,21,21,21,17,19,43,43,67,0],"gold":64,"neow_bonus":"THREE_ENEMY_KILL","is_prod":false,"is_daily":false,"chose_seed":false,"campfire_upgraded":1,"win_rate":0.0,"timestamp":1529981916,"path_taken":["M","?","M","M","?","E","R","M","T","?","M","?","R","$","R","BOSS"],"build_version":"2018-06-21v2","purchased_purges":0,"victory":false,"max_hp_per_floor":[80,80,80,80,80,80,80,80,80,80,80,80,80,80,80,80],"card_choices":[{"not_picked":["Body Slam","True Grit"],"picked":"Thunderclap","floor":1},{"not_picked":["Iron Wave","Cleave"],"picked":"Shrug It Off","floor":3},{"not_picked":["Flex","Demon Form"],"picked":"Twin Strike","floor":4},{"not_picked":["Combust","Iron Wave"],"picked":"Blood for Blood","floor":6},{"not_picked":["Body Slam","Shockwave"],"picked":"Anger","floor":8},{"not_picked":["True Grit","Shrug It Off"],"picked":"Battle Trance","floor":11},{"not_picked":["Sword Boomerang","Iron Wave"],"picked":"Clash","floor":12}],"player_experience":0,"relics_obtained":[{"floor":6,"key":"Gremlin Horn"},{"floor":9,"key":"Unceasing Top"},{"floor":10,"key":"Bottled Flame"}],"event_choices":[{"event_name":"Upgrade Shrine","player_choice":"Upgraded","floor":2,"damage_taken":0},{"event_name":"Golden Idol","player_choice":"Take Damage","floor":5,"damage_taken":0}],"boss_relics":[],"items_purged_floors":[],"is_endless":false,"potions_floor_spawned":[6,12],"killed_by":"The Guardian","ascension_level":0}