{"gold_per_floor":[110,110,130,149,99,99,111,111,111,121,190,207,207,218,218,218],"floor_reached":16,"playtime":342,"items_purged":[],"score":94,"play_id":"af2c973c-25bb-4d66-b08e-d980a01ba397","local_time":"20190102023235","is_ascension_mode":false,"campfire_choices":[{"data":"Gash","floor":6,"key":"SMITH"},{"data":"Streamline","floor":8,"key":"SMITH"},{"data":"Go for the Eyes","floor":13,"key":"SMITH"},{"floor":15,"key":"REST"}],"neow_cost":"NONE","seed_source_timestamp":39332314967536,"circlet_count":0,"master_deck":["Strike_B","Strike_B","Defend_B","Defend_B","Defend_B","Defend_B","Zap","Dualcast","Fusion","Auto Shields","Gash+1","Streamline+1","Cold Snap","Go for the Eyes+1","Leap"],"relics":["Cracked Core","Potion Belt","Sundial"],"potions_floor_usage":[],"damage_taken":[{"damage":0,"enemies":"2 Louse","floor":1,"turns":2},{"damage":6,"enemies":"Cultist","floor":3,"turns":3},{"damage":9,"enemies":"Jaw Worm","floor":4,"turns":4},{"damage":12,"enemies":"Looter","floor":7,"turns":4},{"damage":16,"enemies":"Exordium Thugs","floor":10,"turns":5},{"damage":8,"enemies":"Red Slaver","floor":12,"turns":5},{"damage":2,"enemies":"Blue Slaver","floor":14,"turns":3},{"damage":38,"enemies":"Slime Boss","floor":16,"turns":13}],"seed_played":"4979508094347899130","potions_obtained":[{"floor":3,"key":"Energy Potion"},{"floor":10,"key":"Dexterity Potion"},{"floor":12,"key":"SkillPotion"}],"is_trial":false,"path_per_floor":["M","?","M","M","?","R","M","R","T","M","?","M","R","M","R","B"],"character_chosen":"DEFECT","items_purchased":[],"campfire_rested":1,"item_purchase_floors":[],"current_hp_per_floor":[75,75,69,60,60,60,48,48,48,32,32,24,24,22,44,6],"gold":218,"neow_bonus":"RANDOM_COMMON_RELIC","is_prod":false,"is_daily":false,"chose_seed":false,"campfire_upgraded":3,"win_rate":0,"timestamp":1546389155,"path_taken":["M","?","M","?","?","R","M","R","T","M","?","?","R","M","R","BOSS"],"build_version":"2018-12-20","purchased_purges":0,"victory":false,"max_hp_per_floor":[75,75,75,75,75,75,75,75,75,75,75,75,75,75,75,75],"card_choices":[{"not_picked":["Conserve Battery","Rebound"],"picked":"Fusion","floor":1},{"not_picked":["Cold Snap","Compile Driver"],"picked":"Auto Shields","floor":3},{"not_picked":["Scrape","Barrage"],"picked":"Gash","floor":4},{"not_picked":["Steam","Hologram"],"picked":"Streamline","floor":7},{"not_picked":["Conserve Battery","Genetic Algorithm"],"picked":"Cold Snap","floor":10},{"not_picked":["Double Energy","Hologram"],"picked":"Go for the Eyes","floor":12},{"not_picked":["Compile Driver","Conserve Battery"],"picked":"Leap","floor":14}],"player_experience":66678,"relics_obtained":[{"floor":9,"key":"Sundial"}],"event_choices":[{"cards_removed":["Strike_B"],"damage_healed":0,"gold_gain":0,"player_choice":"Purged","damage_taken":0,"max_hp_gain":0,"max_hp_loss":0,"event_name":"Purifier","floor":2,"gold_loss":0},{"cards_removed":["Strike_B"],"damage_healed":0,"gold_gain":0,"player_choice":"Card Removal","damage_taken":0,"max_hp_gain":0,"max_hp_loss":0,"event_name":"The Cleric","floor":5,"gold_loss":50},{"damage_healed":0,"gold_gain":69,"player_choice":"Gained Gold","damage_taken":0,"max_hp_gain":0,"max_hp_loss":0,"event_name":"Golden Wing","floor":11,"gold_loss":0}],"is_beta":false,"boss_relics":[],"items_purged_floors":[],"is_endless":false,"potions_floor_spawned":[3,10,12],"killed_by":"Slime Boss","ascension_level":0}