{"gold_per_floor":[109,127,53,63,63,89,109,58,58,58,93,93],"floor_reached":12,"playtime":590,"items_purged":[],"score":114,"play_id":"a514f5d3-6e6b-4fc7-9d21-416daf1f0a89","local_time":"20190209094748","is_ascension_mode":true,"campfire_choices":[{"floor":10,"key":"REST"}],"neow_cost":"TEN_PERCENT_HP_LOSS","seed_source_timestamp":2410600167358710,"circlet_count":0,"master_deck":["Strike_B","Strike_B","Strike_B","Defend_B","Defend_B","Defend_B","Defend_B","Zap","Dualcast","White Noise","Loop","Capacitor","Defragment","Reboot","White Noise","Conserve Battery","Ball Lightning"],"relics":["Cracked Core","Peace Pipe","Ornamental Fan","Dodecahedron","Cables"],"potions_floor_usage":[11,11],"damage_taken":[{"damage":1,"enemies":"Cultist","floor":1,"turns":4},{"damage":2,"enemies":"2 Louse","floor":2,"turns":3},{"damage":8,"enemies":"Jaw Worm","floor":4,"turns":4},{"damage":37,"enemies":"Lagavulin","floor":6,"turns":7},{"damage":16,"enemies":"Blue Slaver","floor":7,"turns":3},{"damage":16,"enemies":"Gremlin Nob","floor":11,"turns":3},{"damage":9,"enemies":"Red Slaver","floor":12,"turns":1}],"seed_played":"-325952258282340","potions_obtained":[{"floor":2,"key":"FearPotion"},{"floor":6,"key":"Fire Potion"},{"floor":7,"key":"Ancient Potion"}],"is_trial":false,"path_per_floor":["M","M","$","M","?","E","M","$","T","R","E","M"],"character_chosen":"DEFECT","items_purchased":["Capacitor","Conserve Battery"],"campfire_rested":1,"item_purchase_floors":[3,8],"current_hp_per_floor":[67,65,65,57,57,20,4,4,4,24,8,0],"gold":93,"neow_bonus":"ONE_RARE_RELIC","is_prod":false,"is_daily":false,"chose_seed":false,"campfire_upgraded":0,"win_rate":0,"timestamp":1549734468,"path_taken":["M","M","?","M","?","E","M","$","T","R","E","?"],"build_version":"2019-01-23","purchased_purges":0,"victory":false,"max_hp_per_floor":[68,68,68,68,68,68,68,68,68,68,68,68],"card_choices":[{"not_picked":["Cold Snap","Skim"],"picked":"White Noise","floor":1},{"not_picked":["Glacier","BootSequence"],"picked":"Loop","floor":2},{"not_picked":["Hologram","Beam Cell"],"picked":"Defragment","floor":4},{"not_picked":["Barrage","Doom and Gloom"],"picked":"Reboot","floor":6},{"not_picked":["Rip and Tear","Reinforced Body"],"picked":"White Noise","floor":7},{"not_picked":["Turbo","Compile Driver"],"picked":"Ball Lightning","floor":11}],"player_experience":302612,"relics_obtained":[{"floor":6,"key":"Ornamental Fan"},{"floor":9,"key":"Dodecahedron"},{"floor":11,"key":"Cables"}],"event_choices":[{"cards_removed":["Strike_B"],"damage_healed":0,"gold_gain":0,"player_choice":"Offered Basic","damage_taken":0,"max_hp_gain":0,"max_hp_loss":0,"event_name":"Bonfire Elementals","floor":5,"gold_loss":0}],"is_beta":false,"boss_relics":[],"items_purged_floors":[],"is_endless":false,"potions_floor_spawned":[2,6,7],"killed_by":"Red Slaver","ascension_level":6}