{"gold_per_floor":[117,117,78,97,175,175,175,175,175,189,189,189,189,204,204,276,276,256,273,49,49,49,49],"floor_reached":23,"playtime":520,"items_purged":["Normality"],"score":301,"play_id":"78573bca-b4e3-4aaa-8166-cd14413c8706","local_time":"20190131225756","is_ascension_mode":true,"campfire_choices":[{"data":"Zap","floor":6,"key":"SMITH"},{"data":"Dualcast","floor":8,"key":"SMITH"},{"data":"Loop","floor":11,"key":"SMITH"},{"floor":15,"key":"REST"}],"neow_cost":"CURSE","seed_source_timestamp":903224108613743,"circlet_count":0,"master_deck":["AscendersBane","Strike_B","Strike_B","Strike_B","Defend_B","Defend_B","Defend_B","Zap+1","Dualcast+1","Consume","Loop+1","Cold Snap","Conserve Battery","Buffer","Doom and Gloom","Go for the Eyes","Go for the Eyes","Rip and Tear"],"relics":["Cracked Core","Dead Branch","Ornamental Fan","Letter Opener","Incense Burner","Gremlin Horn","Fusion Hammer","PreservedInsect"],"potions_floor_usage":[16,23],"damage_taken":[{"damage":0,"enemies":"2 Louse","floor":1,"turns":2},{"damage":12,"enemies":"Jaw Worm","floor":4,"turns":3},{"damage":8,"enemies":"Small Slimes","floor":10,"turns":3},{"damage":4,"enemies":"Blue Slaver","floor":14,"turns":3},{"damage":2,"enemies":"Slime Boss","floor":16,"turns":11},{"damage":16,"enemies":"2 Thieves","floor":18,"turns":4},{"damage":16,"enemies":"3 Byrds","floor":19,"turns":4},{"damage":33,"enemies":"Book of Stabbing","floor":23,"turns":4}],"seed_played":"-2788178307776225626","potions_obtained":[{"floor":10,"key":"PowerPotion"},{"floor":18,"key":"Swift Potion"}],"is_trial":false,"path_per_floor":["M","?","$","M","T","R","T","R","T","M","R","?","?","M","R","B",null,"M","M","$","?","$","E"],"character_chosen":"DEFECT","items_purchased":["Loop","PreservedInsect"],"campfire_rested":1,"item_purchase_floors":[3,20],"current_hp_per_floor":[64,64,64,52,52,52,52,52,52,44,44,19,19,15,36,34,62,46,30,30,30,30,0],"gold":49,"neow_bonus":"ONE_RARE_RELIC","is_prod":false,"is_daily":false,"chose_seed":false,"campfire_upgraded":3,"win_rate":0,"timestamp":1548968276,"path_taken":["M","?","$","M","?","R","?","R","T","M","R","?","?","M","R","BOSS","M","M","$","?","$","E"],"build_version":"2019-01-23","purchased_purges":1,"victory":false,"max_hp_per_floor":[71,71,71,71,71,71,71,71,71,71,71,71,71,71,71,71,71,71,71,71,71,71,71],"card_choices":[{"not_picked":["Turbo","Redo"],"picked":"Consume","floor":1},{"not_picked":["Sweeping Beam","Conserve Battery"],"picked":"Cold Snap","floor":4},{"not_picked":["Gash","Compile Driver"],"picked":"Conserve Battery","floor":10},{"not_picked":["Steam Power","Chaos","Force Field"],"picked":"SKIP","floor":14},{"not_picked":["Hyperbeam","Thunder Strike"],"picked":"Buffer","floor":16},{"not_picked":["Hologram","Rebound"],"picked":"Doom and Gloom","floor":18},{"not_picked":["Stack","Gash+1"],"picked":"Go for the Eyes","floor":19}],"player_experience":161074,"relics_obtained":[{"floor":5,"key":"Ornamental Fan"},{"floor":7,"key":"Letter Opener"},{"floor":9,"key":"Incense Burner"}],"event_choices":[{"damage_healed":0,"gold_gain":0,"player_choice":"Leave","damage_taken":0,"max_hp_gain":0,"max_hp_loss":0,"event_name":"The Cleric","floor":2,"gold_loss":0},{"damage_healed":0,"gold_gain":0,"player_choice":"Success","damage_taken":25,"relics_obtained":["Gremlin Horn"],"max_hp_gain":0,"max_hp_loss":0,"event_name":"Scrap Ooze","floor":12,"gold_loss":0},{"damage_healed":0,"gold_gain":0,"player_choice":"Ignored","damage_taken":0,"max_hp_gain":0,"max_hp_loss":0,"event_name":"Golden Wing","floor":13,"gold_loss":0},{"damage_healed":0,"gold_gain":0,"cards_transformed":["Strike_B","Defend_B"],"player_choice":"Became Test Subject","damage_taken":0,"max_hp_gain":0,"max_hp_loss":0,"event_name":"Drug Dealer","floor":21,"gold_loss":0,"cards_obtained":["Go for the Eyes","Rip and Tear"]}],"is_beta":false,"boss_relics":[{"not_picked":["Runic Pyramid","Eternal Feather"],"picked":"Fusion Hammer"}],"items_purged_floors":[20],"is_endless":false,"potions_floor_spawned":[10,18],"killed_by":"Book of Stabbing","ascension_level":14}