{"gold_per_floor":[18,18,30,30,44,44,219,219,219,63,86,86,101,101],"floor_reached":14,"playtime":602,"items_purged":[],"score":123,"play_id":"c51996a5-5b31-4c5a-9dc5-6975b8ca0be8","local_time":"20190208005120","is_ascension_mode":true,"campfire_choices":[{"data":"Sentinel","floor":6,"key":"SMITH"},{"data":"Burning Pact","floor":8,"key":"SMITH"}],"neow_cost":"NO_GOLD","seed_source_timestamp":2291995179853123,"circlet_count":0,"master_deck":["Strike_R","Strike_R","Strike_R","Strike_R","Defend_R","Defend_R","Defend_R","Bash","Sentinel+1","Burning Pact+1","Heavy Blade","Doubt","Infernal Blade"],"relics":["Burning Blood","Mango","Bottled Flame","Blood Vial","Odd Mushroom"],"potions_floor_usage":[14],"damage_taken":[{"damage":4,"enemies":"Jaw Worm","floor":1,"turns":4},{"damage":3,"enemies":"2 Louse","floor":3,"turns":2},{"damage":10,"enemies":"Small Slimes","floor":5,"turns":3},{"damage":49,"enemies":"The Mushroom Lair","floor":11,"turns":6},{"damage":14,"enemies":"Blue Slaver","floor":13,"turns":4},{"damage":17,"enemies":"3 Sentries","floor":14,"turns":4}],"seed_played":"2490510654363987573","potions_obtained":[{"floor":1,"key":"PowerPotion"},{"floor":11,"key":"Ancient Potion"}],"is_trial":false,"path_per_floor":["M","?","M","?","M","R","?","R","T","$","?","?","M","E"],"character_chosen":"IRONCLAD","items_purchased":["Blood Vial"],"campfire_rested":0,"item_purchase_floors":[10],"current_hp_per_floor":[94,94,94,87,83,83,83,83,83,83,42,47,41,26],"gold":101,"neow_bonus":"ONE_RARE_RELIC","is_prod":false,"is_daily":false,"chose_seed":false,"campfire_upgraded":2,"win_rate":0,"timestamp":1549615880,"path_taken":["M","?","M","?","M","R","?","R","T","?","?","?","M","E"],"build_version":"2019-01-23","purchased_purges":0,"victory":false,"max_hp_per_floor":[94,94,94,94,94,94,94,94,94,94,94,99,99,99],"card_choices":[{"not_picked":["Sword Boomerang","Twin Strike"],"picked":"Sentinel","floor":1},{"not_picked":["Pummel","Anger"],"picked":"Burning Pact","floor":3},{"not_picked":["Sword Boomerang","Clothesline"],"picked":"Heavy Blade","floor":5},{"not_picked":["Clash","Clothesline"],"picked":"Infernal Blade","floor":11},{"not_picked":["Reckless Charge","Body Slam","Power Through"],"picked":"SKIP","floor":13}],"player_experience":268045,"relics_obtained":[{"floor":9,"key":"Bottled Flame"},{"floor":11,"key":"Odd Mushroom"}],"event_choices":[{"cards_removed":["Defend_R"],"damage_healed":0,"gold_gain":0,"player_choice":"Forget","damage_taken":0,"max_hp_gain":0,"max_hp_loss":0,"event_name":"Living Wall","floor":2,"gold_loss":0},{"cards_removed":["Strike_R"],"damage_healed":0,"gold_gain":0,"player_choice":"Card Removal","damage_taken":7,"max_hp_gain":0,"max_hp_loss":0,"event_name":"Golden Wing","floor":4,"gold_loss":0},{"damage_healed":0,"gold_gain":175,"player_choice":"AGREE","damage_taken":0,"max_hp_gain":0,"max_hp_loss":0,"event_name":"Liars Game","floor":7,"gold_loss":0,"cards_obtained":["Doubt"]},{"damage_healed":0,"gold_gain":0,"player_choice":"Fought Mushrooms","damage_taken":0,"max_hp_gain":0,"max_hp_loss":0,"event_name":"Mushrooms","floor":11,"gold_loss":0},{"damage_healed":0,"gold_gain":0,"player_choice":"Donut","damage_taken":0,"max_hp_gain":5,"max_hp_loss":0,"event_name":"Big Fish","floor":12,"gold_loss":0}],"is_beta":false,"boss_relics":[],"items_purged_floors":[],"is_endless":false,"potions_floor_spawned":[1,11],"killed_by":"3 Sentries","ascension_level":5}