{"gold_per_floor":[109,384,398,35,50,76,76,76,130,156,172,189,189,22,22,115,115,130,130,130,180,173,173,197,197,223,223,237,237,261,277,277,370,370,390,47,172,187,187,187,211,40,64,64,79,79,79,98,98,98],"floor_reached":51,"playtime":1537,"items_purged":["Regret"],"score":1220,"play_id":"afddc4e9-ad18-4f74-82b5-249040de4ac6","local_time":"20190202023728","is_ascension_mode":true,"campfire_choices":[{"data":"Zap","floor":8,"key":"SMITH"},{"floor":15,"key":"REST"},{"data":"Defragment","floor":23,"key":"SMITH"},{"data":"Hologram","floor":29,"key":"SMITH"},{"floor":32,"key":"REST"},{"data":"1","floor":40,"key":"LIFT"},{"floor":44,"key":"REST"},{"data":"2","floor":46,"key":"LIFT"},{"data":"Buffer","floor":49,"key":"SMITH"}],"neow_cost":"NONE","seed_source_timestamp":1001770556978871,"circlet_count":0,"master_deck":["AscendersBane","Strike_B","Strike_B","Strike_B","Defend_B","Defend_B","Zap+1","Dualcast","Leap","Streamline","Ball Lightning","Biased Cognition","Auto Shields","Undo","Defragment+1","Echo Form","Cold Snap","Hologram+1","Echo Form","Cold Snap","White Noise","Buffer+1","Coolheaded","Conserve Battery+1","Coolheaded+1"],"relics":["Cracked Core","NeowsBlessing","Symbiotic Virus","Ancient Tea Set","Orichalcum","Odd Mushroom","Golden Idol","Snecko Eye","PreservedInsect","Eternal Feather","Emotion Chip","Girya","Happy Flower","Strawberry"],"potions_floor_usage":[6,10,16,16,33,33,48],"damage_taken":[{"damage":0,"enemies":"Small Slimes","floor":1,"turns":1},{"damage":0,"enemies":"Cultist","floor":3,"turns":1},{"damage":0,"enemies":"2 Louse","floor":5,"turns":1},{"damage":0,"enemies":"Lagavulin","floor":6,"turns":4},{"damage":50,"enemies":"The Mushroom Lair","floor":10,"turns":4},{"damage":0,"enemies":"Blue Slaver","floor":11,"turns":3},{"damage":0,"enemies":"Exordium Thugs","floor":12,"turns":4},{"damage":32,"enemies":"The Guardian","floor":16,"turns":9},{"damage":0,"enemies":"Chosen","floor":18,"turns":3},{"damage":14,"enemies":"2 Thieves","floor":22,"turns":4},{"damage":0,"enemies":"3 Cultists","floor":24,"turns":4},{"damage":8,"enemies":"Snecko","floor":28,"turns":3},{"damage":0,"enemies":"Cultist and Chosen","floor":30,"turns":4},{"damage":0,"enemies":"Sentry and Sphere","floor":31,"turns":3},{"damage":13,"enemies":"Collector","floor":33,"turns":5},{"damage":10,"enemies":"3 Darklings","floor":35,"turns":4},{"damage":0,"enemies":"Mind Bloom Boss Battle","floor":37,"turns":5},{"damage":7,"enemies":"3 Shapes","floor":38,"turns":4},{"damage":33,"enemies":"Jaw Worm Horde","floor":41,"turns":7},{"damage":0,"enemies":"3 Darklings","floor":45,"turns":5},{"damage":11,"enemies":"Spire Growth","floor":48,"turns":4},{"damage":19,"enemies":"Donu and Deca","floor":50,"turns":8}],"seed_played":"-7122580716691391259","potions_obtained":[{"floor":1,"key":"LiquidBronze"},{"floor":5,"key":"AttackPotion"},{"floor":11,"key":"SkillPotion"},{"floor":18,"key":"FocusPotion"},{"floor":28,"key":"SkillPotion"},{"floor":33,"key":"SpeedPotion"},{"floor":38,"key":"FearPotion"},{"floor":45,"key":"SkillPotion"}],"is_trial":false,"path_per_floor":["M","?","M","$","M","E","?","R","T","?","M","M","?","$","R","B",null,"M","?","?","?","M","R","M","$","T","?","M","R","M","M","R","B",null,"M","$","?","M","?","R","M","$","T","R","M","R","$","M","R","B",null],"character_chosen":"DEFECT","items_purchased":["Symbiotic Virus","Defragment","Regen Potion","Emotion Chip","Happy Flower"],"campfire_rested":3,"item_purchase_floors":[4,14,14,36,42],"current_hp_per_floor":[64,64,64,64,64,64,64,64,64,14,14,14,14,14,33,16,52,52,52,52,52,38,38,38,38,38,38,30,30,30,30,49,36,57,47,47,47,40,40,52,19,19,26,62,62,71,71,60,71,52],"gold":98,"neow_bonus":"THREE_ENEMY_KILL","is_prod":false,"is_daily":false,"chose_seed":false,"campfire_upgraded":4,"win_rate":0,"timestamp":1549067848,"path_taken":["M","?","?","$","M","E","?","R","T","?","M","?","?","$","R","BOSS","M","?","?","?","M","R","M","?","T","?","?","R","M","M","R","BOSS","M","?","?","M","?","R","M","$","T","R","M","R","$","M","R","BOSS"],"build_version":"2019-01-23","purchased_purges":1,"victory":true,"max_hp_per_floor":[71,71,71,71,71,71,71,71,71,71,71,71,64,64,64,64,64,64,64,64,64,64,64,64,64,64,64,64,64,64,64,64,64,64,64,64,64,64,64,64,64,64,71,71,71,71,71,71,71,71],"card_choices":[{"not_picked":["Double Energy","Redo"],"picked":"Leap","floor":1},{"not_picked":["Steam","Melter"],"picked":"Streamline","floor":3},{"not_picked":["Beam Cell","Chaos"],"picked":"Ball Lightning","floor":5},{"not_picked":["Go for the Eyes","Barrage"],"picked":"Biased Cognition","floor":6},{"not_picked":["Sweeping Beam","Turbo"],"picked":"Auto Shields","floor":10},{"not_picked":["Steam","Turbo"],"picked":"Undo","floor":11},{"not_picked":["Rebound","Streamline","Melter"],"picked":"SKIP","floor":12},{"not_picked":["Multi-Cast","Thunder Strike"],"picked":"Echo Form","floor":16},{"not_picked":["Force Field","Go for the Eyes"],"picked":"Cold Snap","floor":18},{"not_picked":["Streamline","Gash"],"picked":"Cold Snap","floor":22},{"not_picked":["Leap+1","Lockon"],"picked":"White Noise","floor":24},{"not_picked":["Sweeping Beam","Hologram","Go for the Eyes"],"picked":"SKIP","floor":28},{"not_picked":["Barrage","Double Energy","FTL"],"picked":"SKIP","floor":30},{"not_picked":["Compile Driver","Reinforced Body+1","Chill"],"picked":"SKIP","floor":31},{"not_picked":["Machine Learning","Biased Cognition"],"picked":"Buffer","floor":33},{"not_picked":["Sweeping Beam","Barrage"],"picked":"Coolheaded","floor":35},{"not_picked":["Barrage","Hello World"],"picked":"Conserve Battery+1","floor":37},{"not_picked":["Fusion+1","Static Discharge","Rebound"],"picked":"SKIP","floor":38},{"not_picked":["Darkness","Doom and Gloom"],"picked":"Coolheaded+1","floor":41},{"not_picked":["Steam Power","Stack","White Noise"],"picked":"SKIP","floor":45},{"not_picked":["Double Energy","Barrage","Melter"],"picked":"SKIP","floor":48}],"player_experience":168447,"relics_obtained":[{"floor":6,"key":"Ancient Tea Set"},{"floor":9,"key":"Orichalcum"},{"floor":10,"key":"Odd Mushroom"},{"floor":26,"key":"PreservedInsect"},{"floor":37,"key":"Girya"},{"floor":43,"key":"Strawberry"}],"event_choices":[{"damage_healed":0,"gold_gain":275,"player_choice":"Desecrate","damage_taken":0,"max_hp_gain":0,"max_hp_loss":0,"event_name":"Golden Shrine","floor":2,"gold_loss":0,"cards_obtained":["Regret"]},{"damage_healed":0,"gold_gain":0,"player_choice":"Leave","damage_taken":0,"max_hp_gain":0,"max_hp_loss":0,"event_name":"The Cleric","floor":7,"gold_loss":0},{"damage_healed":0,"gold_gain":0,"player_choice":"Fought Mushrooms","damage_taken":0,"max_hp_gain":0,"max_hp_loss":0,"event_name":"Mushrooms","floor":10,"gold_loss":0},{"damage_healed":0,"gold_gain":0,"player_choice":"Lose Max HP","damage_taken":0,"relics_obtained":["Golden Idol"],"max_hp_gain":0,"max_hp_loss":7,"event_name":"Golden Idol","floor":13,"gold_loss":0},{"damage_healed":0,"gold_gain":0,"cards_transformed":["Strike_B","Defend_B"],"player_choice":"Became Test Subject","damage_taken":0,"max_hp_gain":0,"max_hp_loss":0,"event_name":"Drug Dealer","floor":19,"gold_loss":0,"cards_obtained":["Hologram","Echo Form"]},{"damage_healed":0,"gold_gain":0,"player_choice":"Ignored","damage_taken":0,"max_hp_gain":0,"max_hp_loss":0,"event_name":"Vampires","floor":20,"gold_loss":0},{"damage_healed":0,"gold_gain":50,"player_choice":"Stole From Cult","damage_taken":0,"max_hp_gain":0,"max_hp_loss":0,"event_name":"Nest","floor":21,"gold_loss":0},{"cards_removed":["Defend_B"],"damage_healed":0,"gold_gain":0,"player_choice":"Offered Basic","damage_taken":0,"max_hp_gain":0,"max_hp_loss":0,"event_name":"Bonfire Elementals","floor":27,"gold_loss":0},{"damage_healed":0,"gold_gain":0,"player_choice":"Fight","damage_taken":0,"max_hp_gain":0,"max_hp_loss":0,"event_name":"MindBloom","floor":37,"gold_loss":0},{"damage_healed":0,"gold_gain":0,"player_choice":"Ignored","damage_taken":0,"max_hp_gain":0,"max_hp_loss":0,"event_name":"Mysterious Sphere","floor":39,"gold_loss":0}],"is_beta":false,"boss_relics":[{"not_picked":["Coffee Dripper","Runic Dome"],"picked":"Snecko Eye"},{"not_picked":["Runic Pyramid","Empty Cage"],"picked":"Eternal Feather"}],"items_purged_floors":[4],"is_endless":false,"potions_floor_spawned":[1,5,11,18,28,33,38,45],"ascension_level":16}