{"gold_per_floor":[109,109,109,127,142,142,142,142,142,142,142,67,78,107,107,211,211,227,240,256,256,355,355,372,372,441,441,441,452,67,81,81,81],"floor_reached":33,"playtime":1530,"items_purged":["Regret"],"score":270,"play_id":"dc273458-3732-475c-86dc-838e40874e92","local_time":"20181105024336","is_ascension_mode":true,"campfire_choices":[{"floor":6,"key":"REST"},{"data":"Rampage","floor":8,"key":"SMITH"},{"data":"Infernal Blade","floor":10,"key":"SMITH"},{"data":"Shrug It Off","floor":15,"key":"SMITH"},{"floor":23,"key":"REST"},{"data":"Flex","floor":25,"key":"SMITH"},{"data":"Uppercut","floor":27,"key":"SMITH"},{"floor":32,"key":"REST"}],"neow_cost":"NONE","seed_source_timestamp":8390389788670,"circlet_count":0,"master_deck":["Strike_R","Strike_R","Strike_R","Strike_R","Defend_R","Defend_R","Defend_R","Defend_R","Bash","Rampage+1","Inflame+1","Infernal Blade+1","Sword Boomerang","Shrug It Off+1","Cleave","Ghostly Armor","Juggernaut","Uppercut+1","Necronomicurse","Flex+1","Parasite","Immolate","Armaments","Perfected Strike"],"relics":["Burning Blood","Ginger","Torii","Mummified Hand","Cursed Key","Necronomicon","Bottled Tornado","Frozen Egg 2","Mercury Hourglass"],"potions_floor_usage":[16,33,33,33],"damage_taken":[{"damage":15,"enemies":"Cultist","floor":1,"turns":5},{"damage":2,"enemies":"Small Slimes","floor":4,"turns":4},{"damage":16,"enemies":"Jaw Worm","floor":5,"turns":4},{"damage":8,"enemies":"Blue Slaver","floor":13,"turns":3},{"damage":21,"enemies":"Lagavulin","floor":14,"turns":5},{"damage":16,"enemies":"Hexaghost","floor":16,"turns":11},{"damage":8,"enemies":"Chosen","floor":18,"turns":4},{"damage":12,"enemies":"Shell Parasite","floor":19,"turns":5},{"damage":25,"enemies":"Centurion and Healer","floor":20,"turns":6},{"damage":8,"enemies":"Chosen and Byrds","floor":24,"turns":5},{"damage":29,"enemies":"3 Cultists","floor":29,"turns":4},{"damage":1,"enemies":"Centurion and Healer","floor":31,"turns":4},{"damage":79,"enemies":"Champ","floor":33,"turns":7}],"seed_played":"5473436148699872739","potions_obtained":[{"floor":1,"key":"Ancient Potion"},{"floor":5,"key":"Fire Potion"},{"floor":14,"key":"SkillPotion"},{"floor":18,"key":"Weak Potion"}],"is_trial":false,"path_per_floor":["M","?","?","M","M","R","?","R","T","R","?","$","M","E","R","B",null,"M","M","M","?","?","R","M","R","T","R","T","M","$","M","R","B"],"character_chosen":"IRONCLAD","items_purchased":["Shrug It Off","Cleave","Mercury Hourglass","Armaments"],"campfire_rested":3,"item_purchase_floors":[12,12,30,30],"current_hp_per_floor":[71,71,64,68,58,80,80,80,80,80,80,80,78,63,63,53,80,78,72,53,37,37,61,59,59,59,59,59,36,36,41,65,0],"gold":81,"neow_bonus":"TRANSFORM_CARD","is_prod":false,"is_daily":false,"chose_seed":false,"campfire_upgraded":5,"win_rate":0,"timestamp":1541403816,"path_taken":["M","?","?","M","M","R","?","R","T","R","?","$","M","E","R","BOSS","M","M","M","?","?","R","M","R","T","R","?","M","$","M","R","BOSS"],"build_version":"2018-11-01","purchased_purges":1,"victory":false,"max_hp_per_floor":[80,80,80,80,80,80,80,80,80,80,80,80,80,80,80,80,80,80,80,80,80,80,80,80,80,80,80,80,80,80,80,80,80],"card_choices":[{"not_picked":["True Grit","Iron Wave"],"picked":"Rampage","floor":1},{"not_picked":["Thunderclap","Cleave"],"picked":"Inflame","floor":4},{"not_picked":["Sword Boomerang","Intimidate"],"picked":"Infernal Blade","floor":5},{"not_picked":["Dropkick","Havoc"],"picked":"Ghostly Armor","floor":13},{"not_picked":["Havoc","Bloodletting","Wild Strike"],"picked":"SKIP","floor":14},{"not_picked":["Brutality","Exhume"],"picked":"Juggernaut","floor":16},{"not_picked":["Feel No Pain+1","Heavy Blade"],"picked":"Uppercut","floor":18},{"not_picked":["Searing Blow","True Grit","Body Slam+1"],"picked":"SKIP","floor":19},{"not_picked":["Whirlwind","Burning Pact","Heavy Blade"],"picked":"SKIP","floor":20},{"not_picked":["Ghostly Armor","Blood for Blood"],"picked":"Flex","floor":24},{"not_picked":["Evolve+1","Ghostly Armor"],"picked":"Immolate","floor":29},{"not_picked":["Havoc","True Grit+1"],"picked":"Perfected Strike","floor":31}],"player_experience":166011,"relics_obtained":[{"floor":9,"key":"Torii"},{"floor":14,"key":"Mummified Hand"},{"floor":21,"key":"Necronomicon"},{"floor":26,"key":"Bottled Tornado"},{"floor":28,"key":"Frozen Egg 2"}],"event_choices":[{"damage_healed":0,"gold_gain":0,"player_choice":"Ignored","damage_taken":0,"max_hp_gain":0,"max_hp_loss":0,"event_name":"Liars Game","floor":2,"gold_loss":0},{"damage_healed":0,"gold_gain":0,"player_choice":"Success","damage_taken":7,"relics_obtained":["Ginger"],"max_hp_gain":0,"max_hp_loss":0,"event_name":"Scrap Ooze","floor":3,"gold_loss":0},{"damage_healed":0,"gold_gain":0,"cards_transformed":["Dual Wield"],"player_choice":"Change","damage_taken":0,"max_hp_gain":0,"max_hp_loss":0,"event_name":"Living Wall","floor":7,"gold_loss":0,"cards_obtained":["Sword Boomerang"]},{"damage_healed":0,"gold_gain":0,"player_choice":"Upgraded","damage_taken":0,"max_hp_gain":0,"max_hp_loss":0,"event_name":"Upgrade Shrine","floor":11,"gold_loss":0,"cards_upgraded":["Inflame"]},{"damage_healed":0,"gold_gain":0,"player_choice":"Obtained Book","damage_taken":16,"max_hp_gain":0,"max_hp_loss":0,"event_name":"Cursed Tome","floor":21,"gold_loss":0},{"damage_healed":0,"gold_gain":99,"player_choice":"Stole From Cult","damage_taken":0,"max_hp_gain":0,"max_hp_loss":0,"event_name":"Nest","floor":22,"gold_loss":0}],"is_beta":false,"boss_relics":[{"not_picked":["Runic Cube","Orrery"],"picked":"Cursed Key"}],"items_purged_floors":[30],"is_endless":false,"potions_floor_spawned":[1,5,14,18,20,24,31],"killed_by":"Champ","ascension_level":2}