{"gold_per_floor":[10,29,47,59,74,103,116,116,167,167,184,184,184,27,27,27],"floor_reached":16,"playtime":639,"items_purged":[],"score":104,"play_id":"31aa6736-92bf-46a3-8f1c-8b602c3cd67d","local_time":"20190212024635","is_ascension_mode":false,"campfire_choices":[{"floor":8,"key":"REST"},{"floor":10,"key":"REST"},{"floor":13,"key":"REST"},{"floor":15,"key":"RECALL"}],"neow_cost":"NO_GOLD","seed_source_timestamp":571660572068680,"circlet_count":0,"master_deck":["Strike_B","Strike_B","Strike_B","Strike_B","Defend_B","Defend_B","Defend_B","Defend_B","Zap","Dualcast","Gash","Turbo","Conserve Battery","Go for the Eyes","Seek","Fission","Chaos","Beam Cell"],"relics":["Cracked Core","Dead Branch","PreservedInsect","Happy Flower"],"potions_floor_usage":[16],"damage_taken":[{"damage":0,"enemies":"2 Louse","floor":1,"turns":2},{"damage":1,"enemies":"Cultist","floor":2,"turns":3},{"damage":0,"enemies":"Small Slimes","floor":3,"turns":2},{"damage":1,"enemies":"Exordium Wildlife","floor":4,"turns":4},{"damage":4,"enemies":"2 Fungi Beasts","floor":5,"turns":4},{"damage":57,"enemies":"Gremlin Nob","floor":6,"turns":7},{"damage":2,"enemies":"Blue Slaver","floor":7,"turns":4},{"damage":6,"enemies":"3 Louse","floor":11,"turns":5},{"damage":71,"enemies":"Hexaghost","floor":16,"turns":14}],"seed_played":"8549588683322790715","potions_obtained":[{"floor":4,"key":"Ancient Potion"},{"floor":6,"key":"Weak Potion"}],"is_trial":false,"path_per_floor":["M","M","M","M","M","E","M","R","T","R","M","?","R","$","R","B"],"character_chosen":"DEFECT","items_purchased":["Happy Flower"],"campfire_rested":3,"item_purchase_floors":[14],"current_hp_per_floor":[75,74,74,73,69,12,10,32,32,54,48,48,70,70,70,0],"gold":27,"neow_bonus":"ONE_RARE_RELIC","is_prod":false,"is_daily":false,"chose_seed":false,"campfire_upgraded":0,"win_rate":0,"timestamp":1549957595,"path_taken":["M","M","M","M","M","E","M","R","T","R","M","?","R","$","R","BOSS"],"build_version":"2019-01-23","purchased_purges":0,"victory":false,"max_hp_per_floor":[75,75,75,75,75,75,75,75,75,75,75,75,75,75,75,75],"card_choices":[{"not_picked":["Compile Driver","Rebound"],"picked":"Gash","floor":1},{"not_picked":["Leap","Fusion"],"picked":"Turbo","floor":2},{"not_picked":["Leap","Barrage"],"picked":"Conserve Battery","floor":3},{"not_picked":["Genetic Algorithm","Coolheaded"],"picked":"Go for the Eyes","floor":4},{"not_picked":["Static Discharge","Turbo"],"picked":"Seek","floor":5},{"not_picked":["Reboot","Glacier"],"picked":"Fission","floor":6},{"not_picked":["Streamline","Scrape"],"picked":"Chaos","floor":7},{"not_picked":["Leap","Cold Snap"],"picked":"Beam Cell","floor":11}],"player_experience":140150,"relics_obtained":[{"floor":6,"key":"PreservedInsect"}],"event_choices":[{"damage_healed":0,"gold_gain":0,"player_choice":"Bought 0 Potions","damage_taken":0,"max_hp_gain":0,"max_hp_loss":0,"event_name":"The Woman in Blue","floor":12,"gold_loss":0}],"is_beta":false,"boss_relics":[],"items_purged_floors":[],"is_endless":false,"potions_floor_spawned":[4,6],"killed_by":"Hexaghost","ascension_level":0}