{"gold_per_floor":[110,110,185,135,154,154,184,260,308,323,323,342,371,371,371,474,474,486,486,498,69,69,69,104,122,145,145,171,171,186,201,201,306,306,318,318,618,127,142,142,177,77,158,193,204,204,238,16,16,16],"floor_reached":51,"playtime":3943,"items_purged":["Defend_B","Strike_B","Defend_B"],"score":1106,"play_id":"e22fddae-816a-4e05-a070-4cb11b1a12c7","local_time":"20190215031806","is_ascension_mode":true,"campfire_choices":[{"floor":6,"key":"REST"},{"floor":11,"key":"REST"},{"floor":15,"key":"REST"},{"floor":23,"key":"REST"},{"floor":27,"key":"REST"},{"floor":32,"key":"REST"},{"data":"Apotheosis","floor":40,"key":"SMITH"},{"floor":46,"key":"REST"},{"data":"Electrodynamics","floor":49,"key":"SMITH"}],"neow_cost":"NONE","seed_source_timestamp":93406149815712,"circlet_count":0,"master_deck":["Strike_B","Strike_B","Zap","Dualcast","Conserve Battery","Conserve Battery","Sweeping Beam","Go for the Eyes","Compile Driver","Cold Snap","Electrodynamics+1","Redo+1","Cold Snap","Apotheosis+1","Ghostly","Ghostly","Ghostly","Ghostly","Ghostly","Rebound","FTL","Reboot","White Noise+1","Ball Lightning","Deep Breath","Capacitor+1","Consume+1","Conserve Battery+1","Gash"],"relics":["Cracked Core","Orichalcum","Boot","Cables","Centennial Puzzle","Pear","Pen Nib","Philosopher\u0027s Stone","Matryoshka","StoneCalendar","Singing Bowl","Blood Vial","Unceasing Top","Eternal Feather","Bag of Marbles","Letter Opener","Art of War","Bottled Lightning","Shuriken","Happy Flower","Strawberry"],"potions_floor_usage":[24,24,24,31,47,50,50],"damage_taken":[{"damage":5,"enemies":"Small Slimes","floor":1,"turns":3},{"damage":2,"enemies":"Jaw Worm","floor":5,"turns":3},{"damage":36,"enemies":"3 Sentries","floor":7,"turns":10},{"damage":0,"enemies":"Cultist","floor":10,"turns":3},{"damage":0,"enemies":"2 Fungi Beasts","floor":12,"turns":3},{"damage":16,"enemies":"Gremlin Nob","floor":13,"turns":4},{"damage":25,"enemies":"The Guardian","floor":16,"turns":13},{"damage":28,"enemies":"2 Thieves","floor":18,"turns":4},{"damage":9,"enemies":"Chosen","floor":20,"turns":3},{"damage":26,"enemies":"Slavers","floor":24,"turns":4},{"damage":0,"enemies":"Shelled Parasite and Fungi","floor":25,"turns":5},{"damage":22,"enemies":"Gremlin Leader","floor":28,"turns":6},{"damage":0,"enemies":"3 Cultists","floor":30,"turns":4},{"damage":0,"enemies":"Centurion and Healer","floor":31,"turns":6},{"damage":17,"enemies":"Champ","floor":33,"turns":9},{"damage":15,"enemies":"3 Darklings","floor":35,"turns":3},{"damage":0,"enemies":"Orb Walker","floor":39,"turns":4},{"damage":22,"enemies":"Nemesis","floor":41,"turns":7},{"damage":2,"enemies":"Giant Head","floor":44,"turns":8},{"damage":0,"enemies":"4 Shapes","floor":45,"turns":2},{"damage":0,"enemies":"Reptomancer","floor":47,"turns":5},{"damage":25,"enemies":"Time Eater","floor":50,"turns":12}],"seed_played":"-2103637258596892021","potions_obtained":[{"floor":7,"key":"Ancient Potion"},{"floor":10,"key":"Ancient Potion"},{"floor":12,"key":"Energy Potion"},{"floor":16,"key":"PowerPotion"},{"floor":28,"key":"GamblersBrew"},{"floor":39,"key":"AttackPotion"},{"floor":44,"key":"GamblersBrew"},{"floor":45,"key":"EssenceOfSteel"}],"is_trial":false,"path_per_floor":["M","$","?","?","M","R","E","T","T","M","R","M","E","?","R","B",null,"M","?","M","$","?","R","E","M","T","R","E","?","M","M","R","B",null,"M","?","?","$","M","R","E","$","T","E","M","R","E","$","R","B",null],"character_chosen":"DEFECT","items_purchased":["Apotheosis","Matryoshka","Bag of Marbles","Letter Opener","Fire Potion","Gash"],"campfire_rested":7,"item_purchase_floors":[21,21,38,38,48,48],"current_hp_per_floor":[63,63,52,52,50,72,36,36,36,36,58,58,52,49,74,49,76,48,32,23,23,23,36,10,10,10,23,5,5,7,9,23,10,39,28,28,28,28,32,47,27,27,27,29,31,55,62,62,62,37],"gold":16,"neow_bonus":"RANDOM_COMMON_RELIC","is_prod":false,"is_daily":false,"chose_seed":false,"campfire_upgraded":2,"win_rate":0,"timestamp":1550229486,"path_taken":["M","$","?","?","M","R","E","?","T","?","R","M","E","?","R","BOSS","M","?","M","$","?","R","E","M","T","R","E","?","M","M","R","BOSS","M","?","?","$","M","R","E","$","T","E","?","R","E","$","R","BOSS"],"build_version":"2019-01-23","purchased_purges":3,"victory":true,"max_hp_per_floor":[75,75,75,75,75,75,75,75,75,75,75,75,85,85,85,85,85,85,90,90,90,45,45,45,45,45,45,47,47,47,47,47,49,49,51,51,51,51,53,53,53,53,53,55,55,55,62,62,62,62],"card_choices":[{"not_picked":["Hologram","Storm"],"picked":"Conserve Battery","floor":1},{"not_picked":["Darkness","Rebound"],"picked":"Conserve Battery","floor":5},{"not_picked":["Cold Snap","Fusion"],"picked":"Sweeping Beam","floor":7},{"not_picked":["Rebound","Fusion"],"picked":"Go for the Eyes","floor":10},{"not_picked":["Melter","Hyperbeam"],"picked":"Compile Driver","floor":12},{"not_picked":["Conserve Battery","Tempest"],"picked":"Cold Snap","floor":13},{"not_picked":["Amplify","Meteor Strike"],"picked":"Electrodynamics","floor":16},{"not_picked":["Leap","Go for the Eyes"],"picked":"Redo+1","floor":18},{"not_picked":["Coolheaded","Recycle"],"picked":"Cold Snap","floor":20},{"not_picked":["Hologram","Storm"],"picked":"Rebound","floor":24},{"not_picked":["Scrape","Cold Snap","Streamline+1"],"picked":"SKIP","floor":25},{"not_picked":["Redo","Scrape","Sweeping Beam+1"],"picked":"Singing Bowl","floor":28},{"not_picked":["Gash+1","FTL+1"],"picked":"White Noise+1","floor":30},{"not_picked":["Doom and Gloom","Streamline+1"],"picked":"Ball Lightning","floor":31},{"not_picked":["Reboot","Buffer","Fission"],"picked":"Singing Bowl","floor":33},{"not_picked":["Hologram","Compile Driver+1","Turbo+1"],"picked":"Singing Bowl","floor":35},{"not_picked":["Enlightenment","Finesse"],"picked":"Deep Breath","floor":36},{"not_picked":["Barrage","Scrape","Go for the Eyes+1"],"picked":"Singing Bowl","floor":39},{"not_picked":["Stack+1","Sweeping Beam"],"picked":"Capacitor+1","floor":41},{"not_picked":["FTL","Streamline","Seek"],"picked":"Singing Bowl","floor":44},{"not_picked":["Sweeping Beam","Redo+1"],"picked":"Consume+1","floor":45},{"not_picked":["Compile Driver","Redo+1"],"picked":"Conserve Battery+1","floor":47}],"player_experience":408266,"relics_obtained":[{"floor":7,"key":"Boot"},{"floor":8,"key":"Cables"},{"floor":9,"key":"Centennial Puzzle"},{"floor":13,"key":"Pear"},{"floor":24,"key":"StoneCalendar"},{"floor":26,"key":"Singing Bowl"},{"floor":26,"key":"Blood Vial"},{"floor":28,"key":"Unceasing Top"},{"floor":41,"key":"Art of War"},{"floor":43,"key":"Bottled Lightning"},{"floor":43,"key":"Shuriken"},{"floor":44,"key":"Happy Flower"},{"floor":47,"key":"Strawberry"}],"event_choices":[{"damage_healed":0,"gold_gain":75,"player_choice":"Gather Gold","damage_taken":11,"max_hp_gain":0,"max_hp_loss":0,"event_name":"World of Goop","floor":3,"gold_loss":0},{"cards_removed":["Defend_B"],"damage_healed":0,"gold_gain":0,"player_choice":"Card Removal","damage_taken":0,"max_hp_gain":0,"max_hp_loss":0,"event_name":"The Cleric","floor":4,"gold_loss":50},{"damage_healed":0,"gold_gain":0,"player_choice":"Success","damage_taken":3,"relics_obtained":["Pen Nib"],"max_hp_gain":0,"max_hp_loss":0,"event_name":"Scrap Ooze","floor":14,"gold_loss":0},{"damage_healed":0,"gold_gain":0,"player_choice":"Shed Blood","damage_taken":21,"max_hp_gain":5,"max_hp_loss":0,"event_name":"Forgotten Altar","floor":19,"gold_loss":0},{"damage_healed":0,"gold_gain":0,"player_choice":"Became a Ghost","damage_taken":0,"max_hp_gain":0,"max_hp_loss":45,"event_name":"Ghosts","floor":22,"gold_loss":0,"cards_obtained":["Ghostly","Ghostly","Ghostly","Ghostly","Ghostly"]},{"damage_healed":0,"gold_gain":0,"cards_transformed":["Strike_B","Defend_B"],"player_choice":"Became Test Subject","damage_taken":0,"max_hp_gain":0,"max_hp_loss":0,"event_name":"Drug Dealer","floor":29,"gold_loss":0,"cards_obtained":["FTL","Reboot"]},{"damage_healed":0,"gold_gain":0,"player_choice":"Memory 1","damage_taken":0,"max_hp_gain":0,"max_hp_loss":0,"event_name":"SensoryStone","floor":36,"gold_loss":0},{"damage_healed":0,"gold_gain":300,"player_choice":"Gold","damage_taken":0,"max_hp_gain":0,"max_hp_loss":0,"event_name":"Wheel of Change","floor":37,"gold_loss":0}],"is_beta":false,"boss_relics":[{"not_picked":["Coffee Dripper","Astrolabe"],"picked":"Philosopher\u0027s Stone"},{"not_picked":["Busted Crown","Orrery"],"picked":"Eternal Feather"}],"items_purged_floors":[38,42,48],"is_endless":false,"potions_floor_spawned":[7,10,12,16,20,28,39,44,45],"ascension_level":8}