{"gold_per_floor":[115,130,149,99,112,140,155,155,155,175,250,267,267,285,285,381,381,392,392,392,84,96,123,123,123,123,138,138,138,15,15,15,15],"floor_reached":33,"playtime":1536,"items_purged":[],"score":315,"play_id":"7441f109-8842-436f-9e67-d9e9c7ef8f2f","local_time":"20190217224549","is_ascension_mode":false,"campfire_choices":[{"floor":8,"key":"RECALL"},{"floor":13,"key":"REST"},{"floor":15,"key":"REST"},{"data":"Flechettes","floor":24,"key":"SMITH"},{"data":"Acrobatics","floor":29,"key":"SMITH"},{"floor":32,"key":"REST"}],"neow_cost":"NONE","seed_source_timestamp":21743625129692,"circlet_count":0,"master_deck":["Defend_G","Defend_G","Defend_G","Defend_G","Defend_G","Survivor","Neutralize","Terror","Backstab","Caltrops","Backstab","Prepared","Escape Plan","Well Laid Plans","After Image","Flechettes+1","Ghostly","Ghostly","Ghostly","Ghostly","Ghostly","Bite","Bite","Bite","Bite","Bite","Acrobatics+1","Shame","Backstab","Necronomicurse","Prepared","Well Laid Plans"],"relics":["Ring of the Snake","Question Card","Bottled Tornado","Odd Mushroom","Cursed Key","Dodecahedron","Art of War","Necronomicon"],"potions_floor_usage":[12],"damage_taken":[{"damage":0,"enemies":"Small Slimes","floor":1,"turns":4},{"damage":1,"enemies":"2 Louse","floor":2,"turns":3},{"damage":1,"enemies":"Jaw Worm","floor":3,"turns":3},{"damage":0,"enemies":"3 Louse","floor":5,"turns":4},{"damage":36,"enemies":"Gremlin Nob","floor":6,"turns":4},{"damage":0,"enemies":"2 Fungi Beasts","floor":7,"turns":2},{"damage":12,"enemies":"The Mushroom Lair","floor":10,"turns":5},{"damage":0,"enemies":"Looter","floor":12,"turns":1},{"damage":2,"enemies":"Large Slime","floor":14,"turns":6},{"damage":50,"enemies":"The Guardian","floor":16,"turns":16},{"damage":16,"enemies":"Spheric Guardian","floor":18,"turns":8},{"damage":1,"enemies":"Chosen","floor":22,"turns":6},{"damage":3,"enemies":"Slavers","floor":23,"turns":9},{"damage":4,"enemies":"Centurion and Healer","floor":27,"turns":13},{"damage":24,"enemies":"Collector","floor":33,"turns":2}],"seed_played":"6819318219736199809","potions_obtained":[{"floor":1,"key":"LiquidBronze"},{"floor":2,"key":"SteroidPotion"},{"floor":10,"key":"Ancient Potion"},{"floor":12,"key":"Strength Potion"},{"floor":27,"key":"SteroidPotion"}],"is_trial":false,"path_per_floor":["M","M","M","?","M","E","M","R","T","?","?","M","R","M","R","B",null,"M","?","?","$","M","E","R","?","T","M","?","R","$","$","R","B"],"character_chosen":"THE_SILENT","items_purchased":["Dodecahedron","Acrobatics","Prepared","Well Laid Plans"],"campfire_rested":3,"item_purchase_floors":[21,21,30,30],"current_hp_per_floor":[77,76,75,75,75,39,39,39,39,27,16,16,39,37,60,10,77,61,38,26,26,26,26,26,26,26,26,10,10,10,10,17,0],"gold":15,"neow_bonus":"TEN_PERCENT_HP_BONUS","is_prod":false,"is_daily":false,"chose_seed":false,"campfire_upgraded":2,"win_rate":0,"timestamp":1550461549,"path_taken":["M","M","M","?","M","E","M","R","T","?","?","M","R","M","R","BOSS","M","?","?","$","M","E","R","?","T","M","?","R","?","$","R","BOSS"],"build_version":"2019-01-23","purchased_purges":0,"victory":false,"max_hp_per_floor":[77,77,77,77,77,77,77,77,77,77,77,77,77,77,77,77,77,77,38,26,26,26,26,26,26,26,26,26,26,26,26,26,26],"card_choices":[{"not_picked":["Tactician","Masterful Stab"],"picked":"Terror","floor":1},{"not_picked":["Outmaneuver","Acrobatics"],"picked":"Backstab","floor":2},{"not_picked":["Tactician","Deadly Poison"],"picked":"Caltrops","floor":3},{"not_picked":["Riddle With Holes","Deadly Poison","Endless Agony"],"picked":"SKIP","floor":5},{"not_picked":["Poisoned Stab","Sucker Punch"],"picked":"Backstab","floor":6},{"not_picked":["Poisoned Stab","Bouncing Flask","Outmaneuver"],"picked":"Prepared","floor":7},{"not_picked":["Finisher","Terror","Deflect"],"picked":"Escape Plan","floor":10},{"not_picked":["Blade Dance","Outmaneuver","Infinite Blades"],"picked":"Well Laid Plans","floor":12},{"not_picked":["Poisoned Stab","Cloak And Dagger","Reflex","Dodge and Roll"],"picked":"SKIP","floor":14},{"not_picked":["Unload","Phantasmal Killer","Wraith Form v2"],"picked":"After Image","floor":16},{"not_picked":["Underhanded Strike+1","Dagger Throw","Blade Dance"],"picked":"Flechettes","floor":18},{"not_picked":["Quick Slash","Dagger Throw","Infinite Blades","Footwork"],"picked":"SKIP","floor":22},{"not_picked":["Noxious Fumes","Finisher","Phantasmal Killer","Deflect"],"picked":"SKIP","floor":23},{"not_picked":["Underhanded Strike","Calculated Gamble","Noxious Fumes"],"picked":"Backstab","floor":27}],"player_experience":185838,"relics_obtained":[{"floor":6,"key":"Question Card"},{"floor":9,"key":"Bottled Tornado"},{"floor":10,"key":"Odd Mushroom"},{"floor":23,"key":"Art of War"},{"floor":28,"key":"Necronomicon"}],"event_choices":[{"cards_removed":["Strike_G"],"damage_healed":0,"gold_gain":0,"player_choice":"Card Removal","damage_taken":0,"max_hp_gain":0,"max_hp_loss":0,"event_name":"The Cleric","floor":4,"gold_loss":50},{"damage_healed":0,"gold_gain":0,"player_choice":"Fought Mushrooms","damage_taken":0,"max_hp_gain":0,"max_hp_loss":0,"event_name":"Mushrooms","floor":10,"gold_loss":0},{"damage_healed":0,"gold_gain":75,"player_choice":"Gather Gold","damage_taken":11,"max_hp_gain":0,"max_hp_loss":0,"event_name":"World of Goop","floor":11,"gold_loss":0},{"damage_healed":0,"gold_gain":0,"player_choice":"Became a Ghost","damage_taken":0,"max_hp_gain":0,"max_hp_loss":39,"event_name":"Ghosts","floor":19,"gold_loss":0,"cards_obtained":["Ghostly","Ghostly","Ghostly","Ghostly","Ghostly"]},{"damage_healed":0,"gold_gain":0,"player_choice":"Became a vampire","damage_taken":0,"max_hp_gain":0,"max_hp_loss":12,"event_name":"Vampires","floor":20,"gold_loss":0,"cards_obtained":["Bite","Bite","Bite","Bite","Bite"]},{"damage_healed":0,"gold_gain":0,"player_choice":"Ignored","damage_taken":0,"max_hp_gain":0,"max_hp_loss":0,"event_name":"The Mausoleum","floor":25,"gold_loss":0},{"damage_healed":0,"gold_gain":0,"player_choice":"Obtained Book","damage_taken":16,"max_hp_gain":0,"max_hp_loss":0,"event_name":"Cursed Tome","floor":28,"gold_loss":0}],"is_beta":false,"boss_relics":[{"not_picked":["Eternal Feather","Fusion Hammer"],"picked":"Cursed Key"}],"items_purged_floors":[],"is_endless":false,"potions_floor_spawned":[1,2,10,12,14,22,27],"killed_by":"Collector","ascension_level":0}