{"gold_per_floor":[112,131,206,206,219,219,50,64,64,94,151,151,168,188,188,284,284,294,294,294,50,66,101,101,111,136,136,59,59,59,72,72,72],"floor_reached":33,"playtime":4973,"items_purged":["Strike_R"],"score":290,"play_id":"30f1ef9c-10e1-4e84-8341-3c1fd4029d19","local_time":"20190106231200","is_ascension_mode":false,"campfire_choices":[{"data":"Anger","floor":6,"key":"SMITH"},{"floor":12,"key":"REST"},{"data":"Armaments","floor":15,"key":"SMITH"},{"data":"Offering","floor":24,"key":"SMITH"},{"floor":27,"key":"REST"},{"data":"Pommel Strike","floor":32,"key":"SMITH"}],"neow_cost":"NONE","seed_source_timestamp":612600735657182,"circlet_count":0,"master_deck":["Strike_R","Strike_R","Defend_R","Defend_R","Defend_R","Defend_R","Bash","Anger+1","Iron Wave","Headbutt","Armaments+1","Pommel Strike+1","Ghostly Armor","Impervious","Armaments","Pommel Strike","Clothesline","Offering+1","Armaments+1","Headbutt","Feed","Iron Wave","Twin Strike+1","Metallicize","RitualDagger","Whirlwind+1"],"relics":["Burning Blood","Calipers","Bottled Flame","Bird Faced Urn","Mark of Pain","Nilry\u0027s Codex","MutagenicStrength","Paper Frog","Anchor","Dream Catcher"],"potions_floor_usage":[16,31,33,33,33],"damage_taken":[{"damage":1,"enemies":"Jaw Worm","floor":1,"turns":3},{"damage":0,"enemies":"Small Slimes","floor":2,"turns":2},{"damage":0,"enemies":"Cultist","floor":5,"turns":3},{"damage":7,"enemies":"3 Louse","floor":8,"turns":4},{"damage":17,"enemies":"Lagavulin","floor":10,"turns":6},{"damage":18,"enemies":"Gremlin Nob","floor":11,"turns":5},{"damage":0,"enemies":"2 Fungi Beasts","floor":13,"turns":4},{"damage":1,"enemies":"Exordium Thugs","floor":14,"turns":6},{"damage":63,"enemies":"Hexaghost","floor":16,"turns":16},{"damage":6,"enemies":"Shell Parasite","floor":18,"turns":4},{"damage":11,"enemies":"Spheric Guardian","floor":22,"turns":4},{"damage":6,"enemies":"Gremlin Leader","floor":23,"turns":5},{"damage":24,"enemies":"Snake Plant","floor":25,"turns":4},{"damage":0,"enemies":"3 Cultists","floor":31,"turns":5},{"damage":118,"enemies":"Automaton","floor":33,"turns":12}],"seed_played":"-7571803936785042083","potions_obtained":[{"floor":2,"key":"PowerPotion"},{"floor":11,"key":"Swift Potion"},{"floor":13,"key":"BloodPotion"},{"floor":14,"key":"FearPotion"},{"floor":18,"key":"SteroidPotion"},{"floor":22,"key":"SkillPotion"},{"floor":31,"key":"Energy Potion"}],"is_trial":false,"path_per_floor":["M","M","?","?","M","R","$","M","T","E","?","R","M","M","R","B",null,"M","?","?","$","M","E","R","M","T","R","$","?","?","M","R","B"],"character_chosen":"IRONCLAD","items_purchased":["Armaments","Pommel Strike","Paper Frog","Metallicize"],"campfire_rested":2,"item_purchase_floors":[7,7,21,28],"current_hp_per_floor":[88,88,77,70,76,76,76,75,75,64,52,78,84,88,88,31,88,88,72,72,72,69,69,69,53,53,79,79,73,73,87,87,0],"gold":72,"neow_bonus":"TEN_PERCENT_HP_BONUS","is_prod":false,"is_daily":false,"chose_seed":false,"campfire_upgraded":4,"win_rate":0.0,"timestamp":1546845120,"path_taken":["M","M","?","?","M","R","$","M","T","E","?","R","M","M","R","BOSS","M","?","?","$","M","E","R","M","T","R","$","?","?","M","R","BOSS"],"build_version":"2019-01-03v4","purchased_purges":1,"victory":false,"max_hp_per_floor":[88,88,88,88,88,88,88,88,88,88,88,88,88,88,88,88,88,88,88,88,88,88,88,88,88,88,88,88,88,88,92,92,92],"card_choices":[{"not_picked":["Entrench","Clash"],"picked":"Anger","floor":1},{"not_picked":["Uppercut","Headbutt"],"picked":"Iron Wave","floor":2},{"not_picked":["Power Through","Anger"],"picked":"Headbutt","floor":5},{"not_picked":["Thunderclap","Sword Boomerang"],"picked":"Ghostly Armor","floor":8},{"not_picked":["Dual Wield","Infernal Blade"],"picked":"Impervious","floor":10},{"not_picked":["Flame Barrier","Ghostly Armor"],"picked":"Armaments","floor":11},{"not_picked":["Body Slam","Armaments"],"picked":"Pommel Strike","floor":13},{"not_picked":["Anger","Sword Boomerang"],"picked":"Clothesline","floor":14},{"not_picked":["Dark Embrace","Impervious"],"picked":"Offering","floor":16},{"not_picked":["Thunderclap","Feel No Pain"],"picked":"Armaments+1","floor":18},{"not_picked":["Carnage+1","True Grit"],"picked":"Headbutt","floor":22},{"not_picked":["Combust+1","Pommel Strike"],"picked":"Feed","floor":23},{"not_picked":["Sword Boomerang+1","Thunderclap"],"picked":"Iron Wave","floor":25},{"not_picked":["Headbutt","Body Slam"],"picked":"Twin Strike+1","floor":27},{"not_picked":["Metallicize","Combust"],"picked":"Whirlwind+1","floor":31}],"player_experience":6178,"relics_obtained":[{"floor":9,"key":"Calipers"},{"floor":10,"key":"Bottled Flame"},{"floor":11,"key":"Bird Faced Urn"},{"floor":19,"key":"Nilry\u0027s Codex"},{"floor":23,"key":"Anchor"},{"floor":26,"key":"Dream Catcher"}],"event_choices":[{"damage_healed":0,"gold_gain":75,"player_choice":"Gather Gold","damage_taken":11,"max_hp_gain":0,"max_hp_loss":0,"event_name":"World of Goop","floor":3,"gold_loss":0},{"cards_removed":["Strike_R"],"damage_healed":0,"gold_gain":0,"player_choice":"Card Removal","damage_taken":7,"max_hp_gain":0,"max_hp_loss":0,"event_name":"Golden Wing","floor":4,"gold_loss":0},{"damage_healed":0,"gold_gain":0,"player_choice":"Searched \u00272\u0027 times","damage_taken":0,"max_hp_gain":0,"max_hp_loss":0,"event_name":"Dead Adventurer","floor":11,"gold_loss":0},{"damage_healed":0,"gold_gain":0,"player_choice":"Obtained Book","damage_taken":16,"max_hp_gain":0,"max_hp_loss":0,"event_name":"Cursed Tome","floor":19,"gold_loss":0},{"damage_healed":0,"gold_gain":0,"player_choice":"Inject Mutagens","damage_taken":0,"relics_obtained":["MutagenicStrength"],"max_hp_gain":0,"max_hp_loss":0,"event_name":"Drug Dealer","floor":20,"gold_loss":0},{"damage_healed":0,"gold_gain":0,"player_choice":"Joined the Cult","damage_taken":6,"max_hp_gain":0,"max_hp_loss":0,"event_name":"Nest","floor":29,"gold_loss":0,"cards_obtained":["RitualDagger"]},{"cards_removed":["Strike_R"],"damage_healed":0,"gold_gain":0,"player_choice":"Card Removal","damage_taken":0,"max_hp_gain":0,"max_hp_loss":0,"event_name":"Wheel of Change","floor":30,"gold_loss":0}],"is_beta":false,"boss_relics":[{"not_picked":["Empty Cage","Runic Pyramid"],"picked":"Mark of Pain"}],"items_purged_floors":[7],"is_endless":false,"potions_floor_spawned":[2,11,13,14,18,22,25,31],"killed_by":"Automaton","ascension_level":0}