{"gold_per_floor":[218,228,247,247,100,100,100,100,123,21,64,85,103,117,117,241,241,254,24,47,47,62,62,77,120,198,0,0,0,0,14,14,14],"floor_reached":33,"playtime":3713,"items_purged":["Injury","Strike_R"],"score":428,"play_id":"56cb8397-0847-4a96-947b-a4daf629db9e","local_time":"20190222222843","is_ascension_mode":true,"campfire_choices":[{"data":"Flame Barrier","floor":6,"key":"SMITH"},{"data":"Offering","floor":8,"key":"SMITH"},{"data":"Hemokinesis","floor":15,"key":"SMITH"},{"floor":23,"key":"REST"},{"data":"Brutality","floor":28,"key":"SMITH"},{"data":"Barricade","floor":30,"key":"SMITH"},{"data":"Rupture","floor":32,"key":"SMITH"}],"neow_cost":"NONE","seed_source_timestamp":452294133904685,"circlet_count":0,"master_deck":["Strike_R+1","Strike_R","Strike_R","Strike_R","Defend_R","Defend_R","Defend_R","Defend_R+1","Bash","Iron Wave","Headbutt","Flame Barrier+1","Offering+1","Armaments","Hemokinesis+1","Rupture+1","Clothesline","Brutality+1","Wild Strike+1","Shrug It Off","True Grit","Shrug It Off","Barricade+1","Impervious","RitualDagger"],"relics":["Black Blood","Golden Idol","Vajra","The Courier","Bottled Tornado","Calipers","Pear"],"potions_floor_usage":[11,11,16,16,18,25,25,33,33],"damage_taken":[{"damage":2,"enemies":"Jaw Worm","floor":1,"turns":3},{"damage":7,"enemies":"Small Slimes","floor":2,"turns":3},{"damage":1,"enemies":"Cultist","floor":3,"turns":4},{"damage":10,"enemies":"Lagavulin","floor":11,"turns":6},{"damage":9,"enemies":"2 Fungi Beasts","floor":12,"turns":4},{"damage":3,"enemies":"Exordium Wildlife","floor":13,"turns":4},{"damage":4,"enemies":"Red Slaver","floor":14,"turns":4},{"damage":10,"enemies":"Slime Boss","floor":16,"turns":5},{"damage":20,"enemies":"Spheric Guardian","floor":18,"turns":4},{"damage":13,"enemies":"Shell Parasite","floor":20,"turns":4},{"damage":29,"enemies":"Sentry and Sphere","floor":22,"turns":5},{"damage":14,"enemies":"Centurion and Healer","floor":24,"turns":6},{"damage":16,"enemies":"Gremlin Leader","floor":25,"turns":7},{"damage":6,"enemies":"Snecko","floor":31,"turns":3},{"damage":73,"enemies":"Champ","floor":33,"turns":12}],"seed_played":"5142826419228457216","potions_obtained":[{"floor":2,"key":"EntropicBrew"},{"floor":11,"key":"SkillPotion"},{"floor":14,"key":"Explosive Potion"},{"floor":18,"key":"Dexterity Potion"},{"floor":22,"key":"Block Potion"},{"floor":24,"key":"LiquidBronze"},{"floor":25,"key":"Block Potion"}],"is_trial":false,"path_per_floor":["M","M","M","?","$","R","?","R","T","$","E","M","M","M","R","B",null,"M","$","M","?","M","R","M","E","T","$","R","?","R","M","R","B"],"character_chosen":"IRONCLAD","items_purchased":["Offering","Armaments","Bottled Tornado","Shrug It Off","Impervious"],"campfire_rested":1,"item_purchase_floors":[5,10,19,19,27],"current_hp_per_floor":[80,79,80,64,64,64,64,64,64,64,60,57,60,62,62,58,75,65,65,62,62,43,67,63,57,67,67,67,61,61,65,65,0],"gold":14,"neow_bonus":"HUNDRED_GOLD","is_prod":false,"is_daily":false,"chose_seed":false,"campfire_upgraded":6,"win_rate":0,"timestamp":1550892523,"path_taken":["M","M","M","?","$","R","?","R","T","$","E","M","M","M","R","BOSS","M","$","M","?","M","R","M","E","T","$","R","?","R","M","R","BOSS"],"build_version":"2019-01-23","purchased_purges":2,"victory":false,"max_hp_per_floor":[80,80,80,80,80,80,80,80,80,80,80,80,80,80,80,80,80,80,80,80,80,80,80,80,80,90,90,90,90,90,90,90,90],"card_choices":[{"not_picked":["Flex","Blood for Blood"],"picked":"Iron Wave","floor":1},{"not_picked":["Iron Wave","Havoc"],"picked":"Headbutt","floor":2},{"not_picked":["Warcry","Sword Boomerang"],"picked":"Flame Barrier","floor":3},{"not_picked":["Perfected Strike","Flame Barrier"],"picked":"Hemokinesis","floor":11},{"not_picked":["Flex","Pommel Strike"],"picked":"Rupture","floor":12},{"not_picked":["Heavy Blade","Clash","Double Tap"],"picked":"SKIP","floor":13},{"not_picked":["Pommel Strike","Havoc"],"picked":"Clothesline","floor":14},{"not_picked":["Fiend Fire","Reaper"],"picked":"Brutality","floor":16},{"not_picked":["Perfected Strike+1","Sentinel+1"],"picked":"Wild Strike+1","floor":18},{"not_picked":["Headbutt","Iron Wave"],"picked":"True Grit","floor":20},{"not_picked":["Twin Strike","Thunderclap","Pommel Strike+1"],"picked":"SKIP","floor":22},{"not_picked":["Feel No Pain","Dropkick"],"picked":"Shrug It Off","floor":24},{"not_picked":["Clothesline","True Grit"],"picked":"Barricade","floor":25},{"not_picked":["Second Wind","True Grit+1","Thunderclap"],"picked":"SKIP","floor":31}],"player_experience":277053,"relics_obtained":[{"floor":9,"key":"Vajra"},{"floor":11,"key":"The Courier"},{"floor":25,"key":"Calipers"},{"floor":26,"key":"Pear"}],"event_choices":[{"damage_healed":0,"gold_gain":0,"player_choice":"Entered Light","damage_taken":16,"max_hp_gain":0,"max_hp_loss":0,"event_name":"Shining Light","floor":4,"gold_loss":0,"cards_upgraded":["Defend_R","Strike_R"]},{"damage_healed":0,"gold_gain":0,"player_choice":"Take Wound","damage_taken":0,"relics_obtained":["Golden Idol"],"max_hp_gain":0,"max_hp_loss":0,"event_name":"Golden Idol","floor":7,"gold_loss":0,"cards_obtained":["Injury"]},{"damage_healed":0,"gold_gain":0,"player_choice":"Ignored","damage_taken":0,"max_hp_gain":0,"max_hp_loss":0,"event_name":"Ghosts","floor":21,"gold_loss":0},{"damage_healed":0,"gold_gain":0,"player_choice":"Joined the Cult","damage_taken":6,"max_hp_gain":0,"max_hp_loss":0,"event_name":"Nest","floor":29,"gold_loss":0,"cards_obtained":["RitualDagger"]}],"is_beta":false,"boss_relics":[{"not_picked":["Runic Cube","White Beast Statue"],"picked":"Black Blood"}],"items_purged_floors":[10,27],"is_endless":false,"potions_floor_spawned":[2,11,14,18,22,24,25],"killed_by":"Champ","ascension_level":5}