{"gold_per_floor":[110,185,185,204,214,214,227,227,253,253,283,283,299,317,317,389,389,400,156,175,194,214,246,246,246,272,272,51,51,78,96,96,170,170,189,189,205,3,14,14,30,30,110,125,125,125,125,52,52,52],"floor_reached":51,"playtime":1908,"items_purged":["Strike_B"],"score":1260,"play_id":"af1d490b-571f-48f0-a186-bd7970690f4a","local_time":"20190131235056","is_ascension_mode":true,"campfire_choices":[{"data":"Zap","floor":6,"key":"SMITH"},{"data":"Dualcast","floor":10,"key":"SMITH"},{"floor":12,"key":"REST"},{"data":"Zap","floor":15,"key":"SMITH"},{"data":"Glacier","floor":24,"key":"SMITH"},{"floor":27,"key":"REST"},{"data":"Coolheaded","floor":29,"key":"SMITH"},{"data":"Capacitor","floor":32,"key":"SMITH"},{"floor":40,"key":"REST"},{"data":"Biased Cognition","floor":42,"key":"SMITH"},{"data":"Discovery","floor":45,"key":"SMITH"},{"data":"Barrage","floor":47,"key":"SMITH"},{"floor":49,"key":"REST"}],"neow_cost":"TEN_PERCENT_HP_LOSS","seed_source_timestamp":905010132643282,"circlet_count":0,"master_deck":["AscendersBane","Strike_B+1","Strike_B+1","Strike_B","Defend_B","Defend_B","Defend_B","Defend_B","Zap+1","Dualcast+1","Rebound","Genetic Algorithm","Glacier+1","Conserve Battery","Barrage+1","Discovery+1","Self Repair","Zap+1","Coolheaded+1","Core Surge","Electrodynamics","Glacier+1","Multi-Cast+1","Stack+1","Biased Cognition+1","Coolheaded+1","Capacitor+1","Thunder Strike","Conserve Battery+1","Leap+1","Redo+1"],"relics":["Cracked Core","Emotion Chip","Whetstone","Anchor","Philosopher\u0027s Stone","Toxic Egg 2","Calipers","Vajra","Ancient Tea Set","Busted Crown","ClockworkSouvenir","Singing Bowl"],"potions_floor_usage":[23,33,35,44,50,50],"damage_taken":[{"damage":4,"enemies":"Small Slimes","floor":1,"turns":3},{"damage":0,"enemies":"Cultist","floor":4,"turns":2},{"damage":5,"enemies":"2 Louse","floor":5,"turns":3},{"damage":9,"enemies":"Large Slime","floor":7,"turns":8},{"damage":21,"enemies":"Gremlin Nob","floor":11,"turns":5},{"damage":0,"enemies":"Lots of Slimes","floor":13,"turns":4},{"damage":0,"enemies":"Blue Slaver","floor":14,"turns":2},{"damage":7,"enemies":"The Guardian","floor":16,"turns":13},{"damage":0,"enemies":"Spheric Guardian","floor":18,"turns":3},{"damage":10,"enemies":"Shell Parasite","floor":20,"turns":6},{"damage":5,"enemies":"Sentry and Sphere","floor":21,"turns":3},{"damage":2,"enemies":"Chosen and Byrds","floor":22,"turns":5},{"damage":18,"enemies":"Slavers","floor":23,"turns":6},{"damage":0,"enemies":"Gremlin Leader","floor":30,"turns":5},{"damage":0,"enemies":"Cultist and Chosen","floor":31,"turns":4},{"damage":0,"enemies":"Automaton","floor":33,"turns":11},{"damage":12,"enemies":"3 Shapes","floor":35,"turns":3},{"damage":5,"enemies":"3 Darklings","floor":37,"turns":3},{"damage":38,"enemies":"Transient","floor":39,"turns":5},{"damage":0,"enemies":"4 Shapes","floor":41,"turns":4},{"damage":15,"enemies":"Jaw Worm Horde","floor":44,"turns":5},{"damage":2,"enemies":"Donu and Deca","floor":50,"turns":13}],"seed_played":"3422514090326148387","potions_obtained":[{"floor":11,"key":"Strength Potion"},{"floor":13,"key":"Energy Potion"},{"floor":23,"key":"FearPotion"},{"floor":31,"key":"EssenceOfSteel"},{"floor":37,"key":"LiquidBronze"},{"floor":39,"key":"Block Potion"}],"is_trial":false,"path_per_floor":["M","?","?","M","M","R","M","?","T","R","E","R","M","M","R","B",null,"M","$","M","M","M","E","R","?","T","R","$","R","E","M","R","B",null,"M","?","M","$","M","R","M","R","T","M","R","?","R","$","R","B",null],"character_chosen":"DEFECT","items_purchased":["Toxic Egg 2","Biased Cognition","ClockworkSouvenir","Redo+1","Block Potion"],"campfire_rested":4,"item_purchase_floors":[19,28,38,48,48],"current_hp_per_floor":[60,49,49,49,44,44,35,35,35,35,21,40,40,40,40,40,58,58,58,55,50,55,44,44,38,38,57,57,57,64,64,64,64,64,59,59,61,61,30,49,56,56,56,50,50,52,52,52,68,68],"gold":52,"neow_bonus":"ONE_RARE_RELIC","is_prod":false,"is_daily":false,"chose_seed":false,"campfire_upgraded":9,"win_rate":0,"timestamp":1548971456,"path_taken":["M","?","?","M","M","R","M","?","T","R","E","R","M","M","R","BOSS","M","$","M","?","M","E","R","?","T","R","$","R","E","M","R","BOSS","M","?","M","$","M","R","M","R","T","M","R","?","R","$","R","BOSS"],"build_version":"2019-01-23","purchased_purges":1,"victory":true,"max_hp_per_floor":[64,64,64,64,64,64,64,64,64,64,64,64,64,64,64,64,64,64,64,64,64,64,64,64,64,64,64,64,64,64,64,64,64,64,64,64,64,64,64,64,64,64,64,66,66,68,68,68,68,68],"card_choices":[{"not_picked":["Steam","Heatsinks"],"picked":"Rebound","floor":1},{"not_picked":["Barrage","Rip and Tear"],"picked":"Genetic Algorithm","floor":4},{"not_picked":["Melter","Stack"],"picked":"Glacier","floor":5},{"not_picked":["Go for the Eyes","Gash"],"picked":"Conserve Battery","floor":7},{"not_picked":["Rip and Tear","Steam"],"picked":"Coolheaded","floor":11},{"not_picked":["Cold Snap","Hologram"],"picked":"Core Surge","floor":13},{"not_picked":["Reprogram","Genetic Algorithm"],"picked":"Cold Snap","floor":14},{"not_picked":["Rainbow","Seek"],"picked":"Electrodynamics","floor":16},{"not_picked":["Beam Cell+1","Streamline","Chill"],"picked":"SKIP","floor":18},{"not_picked":["BootSequence+1","Steam+1"],"picked":"Glacier+1","floor":20},{"not_picked":["Barrage","Lockon","Beam Cell"],"picked":"SKIP","floor":21},{"not_picked":["Streamline","Aggregate+1"],"picked":"Multi-Cast+1","floor":22},{"not_picked":["Redo+1","Recycle+1"],"picked":"Stack+1","floor":23},{"not_picked":["Hello World","Heatsinks"],"picked":"Coolheaded+1","floor":30},{"not_picked":["Rebound","Chill+1"],"picked":"Capacitor","floor":31},{"not_picked":["Electrodynamics","Rainbow+1"],"picked":"Thunder Strike","floor":33},{"not_picked":["Double Energy+1"],"picked":"SKIP","floor":35},{"not_picked":[],"picked":"Conserve Battery+1","floor":37},{"not_picked":[],"picked":"Leap+1","floor":39},{"not_picked":["Hello World"],"picked":"SKIP","floor":41},{"not_picked":["Static Discharge+1"],"picked":"Singing Bowl","floor":44},{"not_picked":["Swift Strike"],"picked":"Singing Bowl","floor":46}],"player_experience":162839,"relics_obtained":[{"floor":9,"key":"Whetstone"},{"floor":11,"key":"Anchor"},{"floor":23,"key":"Calipers"},{"floor":26,"key":"Vajra"},{"floor":30,"key":"Ancient Tea Set"},{"floor":43,"key":"Singing Bowl"}],"event_choices":[{"damage_healed":0,"gold_gain":75,"player_choice":"Gather Gold","damage_taken":11,"max_hp_gain":0,"max_hp_loss":0,"event_name":"World of Goop","floor":2,"gold_loss":0},{"damage_healed":0,"gold_gain":0,"player_choice":"Ignored","damage_taken":0,"max_hp_gain":0,"max_hp_loss":0,"event_name":"Golden Wing","floor":3,"gold_loss":0},{"damage_healed":0,"gold_gain":0,"player_choice":"4 cards matched","damage_taken":0,"max_hp_gain":0,"max_hp_loss":0,"event_name":"Match and Keep!","floor":8,"gold_loss":0,"cards_obtained":["Barrage","Discovery","Self Repair","Zap"]},{"damage_healed":0,"gold_gain":0,"player_choice":"","damage_taken":6,"max_hp_gain":0,"max_hp_loss":0,"event_name":"Knowing Skull","floor":25,"potions_obtained":[],"gold_loss":0,"cards_obtained":[]},{"cards_removed":["Cold Snap"],"damage_healed":0,"gold_gain":0,"player_choice":"Removed Attack","damage_taken":0,"max_hp_gain":0,"max_hp_loss":0,"event_name":"Falling","floor":36,"gold_loss":0},{"damage_healed":0,"gold_gain":0,"player_choice":"Memory 1","damage_taken":0,"max_hp_gain":0,"max_hp_loss":0,"event_name":"SensoryStone","floor":46,"gold_loss":0}],"is_beta":false,"boss_relics":[{"not_picked":["Tiny House","White Beast Statue"],"picked":"Philosopher\u0027s Stone"},{"not_picked":["Runic Pyramid","Cursed Key"],"picked":"Busted Crown"}],"items_purged_floors":[28],"is_endless":false,"potions_floor_spawned":[11,13,14,16,18,22,23,31,37,39,41],"ascension_level":14}