{"gold_per_floor":[117,130,145,161,78,139,314,314,314,349,349,362,362,374,374,478,478,491,510,142,142,154,154,188,188,257,282,295,295,259,272,272,371,421,435,435,435,435,454,482,482,482,482,502,502,103,103,116,116,116],"floor_reached":50,"playtime":4081,"items_purged":["Doubt"],"score":873,"play_id":"84b4388f-b586-4721-84a1-f35ab5fbbe9c","local_time":"20190223023053","is_ascension_mode":true,"campfire_choices":[{"floor":8.0,"key":"REST"},{"data":"Footwork","floor":11.0,"key":"SMITH"},{"floor":13.0,"key":"REST"},{"data":"Cloak And Dagger","floor":15.0,"key":"SMITH"},{"data":"Cloak And Dagger","floor":23.0,"key":"SMITH"},{"floor":25.0,"key":"REST"},{"floor":29.0,"key":"REST"},{"data":"Cloak And Dagger","floor":32.0,"key":"SMITH"},{"floor":41.0,"key":"REST"},{"floor":45,"key":"REST"},{"floor":49,"key":"RECALL"}],"neow_cost":"NONE","seed_source_timestamp":660652617836500,"circlet_count":0,"master_deck":["Defend_G","Defend_G+1","Defend_G","Defend_G","Defend_G","Strike_G","Strike_G","Strike_G","Strike_G","Survivor","Neutralize+1","PiercingWail","Cloak And Dagger+1","Well Laid Plans","Caltrops","Footwork+1","Cloak And Dagger+1","Cloak And Dagger+1","Poisoned Stab","Dagger Spray","Dagger Spray","Die Die Die","Leg Sweep","Crippling Poison","Infinite Blades","Footwork+1","PiercingWail","Acrobatics+1","Footwork","Well Laid Plans+1","Footwork","Corpse Explosion","Envenom","Infinite Blades+1","Slice+1","Backstab","Envenom","Deadly Poison+1","Footwork+1","Backflip"],"special_seed":0,"relics":["Ring of the Snake","Tiny Chest","Bag of Marbles","Pantograph","WristBlade","Omamori","Centennial Puzzle","Bottled Tornado","Shuriken","Tiny House","Question Card","DollysMirror","War Paint","Pear"],"potions_floor_usage":[50],"damage_taken":[{"damage":0.0,"enemies":"Cultist","floor":1.0,"turns":5.0},{"damage":0.0,"enemies":"Jaw Worm","floor":2.0,"turns":8.0},{"damage":2.0,"enemies":"Small Slimes","floor":3.0,"turns":5.0},{"damage":8.0,"enemies":"Red Slaver","floor":4.0,"turns":6.0},{"damage":45.0,"enemies":"Gremlin Nob","floor":6.0,"turns":6.0},{"damage":16.0,"enemies":"Lagavulin","floor":10.0,"turns":13.0},{"damage":6.0,"enemies":"3 Louse","floor":12.0,"turns":5.0},{"damage":0.0,"enemies":"2 Fungi Beasts","floor":14.0,"turns":4.0},{"damage":26.0,"enemies":"Slime Boss","floor":16.0,"turns":16.0},{"damage":18.0,"enemies":"Chosen","floor":18.0,"turns":8.0},{"damage":0.0,"enemies":"3 Byrds","floor":19.0,"turns":3.0},{"damage":0.0,"enemies":"Centurion and Healer","floor":22.0,"turns":9.0},{"damage":26.0,"enemies":"Book of Stabbing","floor":24.0,"turns":8.0},{"damage":29.0,"enemies":"Gremlin Leader","floor":27.0,"turns":7.0},{"damage":3.0,"enemies":"Snecko","floor":28.0,"turns":4.0},{"damage":1.0,"enemies":"Cultist and Chosen","floor":31.0,"turns":8.0},{"damage":12.0,"enemies":"Champ","floor":33.0,"turns":14.0},{"damage":24.0,"enemies":"Orb Walker","floor":35.0,"turns":7.0},{"damage":3.0,"enemies":"3 Shapes","floor":39.0,"turns":3.0},{"damage":28.0,"enemies":"Nemesis","floor":40.0,"turns":9.0},{"damage":17.0,"enemies":"Giant Head","floor":42.0,"turns":6.0},{"damage":5,"enemies":"Maw","floor":44,"turns":8},{"damage":36,"enemies":"3 Darklings","floor":48,"turns":5},{"damage":46,"enemies":"Time Eater","floor":50,"turns":7}],"seed_played":"7364523133529015774","potions_obtained":[{"floor":3.0,"key":"Block Potion"},{"floor":6.0,"key":"Block Potion"},{"floor":12.0,"key":"Weak Potion"},{"floor":16.0,"key":"Block Potion"},{"floor":18.0,"key":"Weak Potion"},{"floor":28.0,"key":"SpeedPotion"},{"floor":31.0,"key":"Strength Potion"},{"floor":34.0,"key":"SmokeBomb"},{"floor":48,"key":"Energy Potion"}],"is_trial":false,"path_per_floor":["M","M","M","M","$","E","?","R","T","E","R","M","R","M","R","B",null,"M","M","$","?","M","R","E","R","T","E","M","R","$","M","R","B",null,"M","?","?","?","M","E","R","E","T","M","R","$","T","M","R","B"],"character_chosen":"THE_SILENT","items_purchased":["Footwork","Cloak And Dagger","Infinite Blades","Omamori","GhostInAJar","Footwork","Deadly Poison","DollysMirror","War Paint"],"campfire_rested":6,"item_purchase_floors":[5,5,20,20,20,30,46,46,46],"current_hp_per_floor":[63,63,61,53,53,8,8,29,29,13,13,7,28,28,28,27,59,41,41,41,41,41,41,15,36,36,7,4,25,25,24,24,37,67,43,43,43,43,40,12,34,17,17,12,34,34,44,8,8,0],"gold":116,"neow_bonus":"UPGRADE_CARD","is_prod":false,"is_daily":false,"chose_seed":false,"campfire_upgraded":4,"win_rate":0,"timestamp":1550885453,"path_taken":["M","M","M","?","?","E","?","R","T","E","R","M","R","M","R","BOSS","M","M","$","?","?","R","E","R","T","E","M","R","$","M","R","BOSS","M","?","?","?","M","E","R","E","T","M","R","?","?","M","R","BOSS"],"build_version":"2019-01-23","purchased_purges":1,"victory":false,"max_hp_per_floor":[70,70,70,70,70,70,70,70,70,70,70,70,70,70,70,70,70,70,70,70,70,70,70,70,70,70,70,70,70,70,70,70,70,75,75,75,75,75,75,75,75,75,75,75,75,75,85,85,85,85],"card_choices":[{"not_picked":["Outmaneuver","Flying Knee"],"picked":"PiercingWail","floor":1.0},{"not_picked":["Escape Plan","Bane"],"picked":"Cloak And Dagger","floor":2.0},{"not_picked":["Prepared","Reflex"],"picked":"Well Laid Plans","floor":3.0},{"not_picked":["Choke","Quick Slash"],"picked":"Caltrops","floor":4.0},{"not_picked":["Tactician","Poisoned Stab"],"picked":"Cloak And Dagger","floor":6.0},{"not_picked":["Endless Agony","Flying Knee"],"picked":"Poisoned Stab","floor":10.0},{"not_picked":["Masterful Stab","Acrobatics"],"picked":"Dagger Spray","floor":12.0},{"not_picked":["Acrobatics","Escape Plan"],"picked":"Dagger Spray","floor":14.0},{"not_picked":["Night Terror","Wraith Form v2"],"picked":"Die Die Die","floor":16.0},{"not_picked":["Backflip","Cloak And Dagger"],"picked":"Leg Sweep","floor":18.0},{"not_picked":["Bane","Predator"],"picked":"Crippling Poison","floor":19.0},{"not_picked":["Escape Plan+1","Calculated Gamble"],"picked":"PiercingWail","floor":22.0},{"not_picked":["Reflex","Prepared"],"picked":"Acrobatics","floor":24.0},{"not_picked":["Sucker Punch","Tactician+1"],"picked":"Footwork","floor":27.0},{"not_picked":["Acrobatics","Poisoned Stab"],"picked":"Well Laid Plans+1","floor":28.0},{"not_picked":["Blade Dance","All Out Attack+1"],"picked":"Corpse Explosion","floor":31.0},{"not_picked":["Burst","Night Terror"],"picked":"Envenom","floor":33.0},{"not_picked":["Bouncing Flask+1","Blur"],"picked":"Infinite Blades+1","floor":35.0},{"not_picked":["PiercingWail+1","Underhanded Strike+1"],"picked":"Slice+1","floor":39.0},{"not_picked":["Eviscerate+1","Predator"],"picked":"Backstab","floor":40.0},{"not_picked":["Quick Slash+1","Cloak And Dagger","Prepared+1"],"picked":"Envenom","floor":44},{"not_picked":["All Out Attack+1","Underhanded Strike+1","Flying Knee+1"],"picked":"Backflip","floor":48}],"player_experience":250614,"relics_obtained":[{"floor":6.0,"key":"Tiny Chest"},{"floor":9.0,"key":"Bag of Marbles"},{"floor":10.0,"key":"Pantograph"},{"floor":24.0,"key":"Centennial Puzzle"},{"floor":26.0,"key":"Bottled Tornado"},{"floor":27.0,"key":"Shuriken"},{"floor":40.0,"key":"Question Card"},{"floor":47,"key":"Pear"}],"event_choices":[{"damage_healed":0.0,"max_hp_gain":0.0,"max_hp_loss":0.0,"gold_gain":175.0,"event_name":"Liars Game","player_choice":"AGREE","floor":7.0,"gold_loss":0.0,"damage_taken":0.0,"cards_obtained":["Doubt"]},{"damage_healed":0.0,"max_hp_gain":0.0,"max_hp_loss":0.0,"gold_gain":0.0,"event_name":"Duplicator","player_choice":"Copied","floor":21.0,"gold_loss":0.0,"damage_taken":0.0,"cards_obtained":["Footwork"]},{"damage_healed":0.0,"max_hp_gain":0.0,"max_hp_loss":0.0,"gold_gain":0.0,"event_name":"Mysterious Sphere","player_choice":"Ignored","floor":36.0,"gold_loss":0.0,"damage_taken":0.0},{"cards_removed":["Strike_G"],"damage_healed":0.0,"max_hp_gain":0.0,"max_hp_loss":0.0,"gold_gain":0.0,"event_name":"Falling","player_choice":"Removed Attack","floor":37.0,"gold_loss":0.0,"damage_taken":0.0},{"damage_healed":0.0,"max_hp_gain":0.0,"max_hp_loss":0.0,"gold_gain":0.0,"event_name":"Tomb of Lord Red Mask","player_choice":"Ignored","floor":38.0,"gold_loss":0.0,"damage_taken":0.0}],"is_beta":false,"boss_relics":[{"not_picked":["Velvet Choker","Orrery"],"picked":"WristBlade"},{"not_picked":["Eternal Feather","Snecko Eye"],"picked":"Tiny House"}],"items_purged_floors":[20],"is_endless":false,"potions_floor_spawned":[3,6,12,16,18,28,31,40,48],"killed_by":"Time Eater","ascension_level":9}