{"gold_per_floor":[110,110,110,110,285,320,320,383,383,383,396,412,337,337,337,438,438,454,472,472,77,77,77,91,122,197,215,225,225,225,241,241,341,341,359,459,474,205,205,205,232,259,259,259,259,273,286,305,305,305],"floor_reached":51,"playtime":5199,"items_purged":["Doubt","Defend_G"],"score":804,"play_id":"f6bf72a9-3566-48ac-a983-6dd7918b24de","local_time":"20190128215022","is_ascension_mode":true,"campfire_choices":[{"floor":7.0,"key":"REST"},{"floor":10,"key":"REST"},{"floor":15,"key":"REST"},{"floor":23,"key":"REST"},{"floor":29,"key":"REST"},{"data":"Cloak And Dagger","floor":32,"key":"SMITH"},{"data":"Apotheosis","floor":40,"key":"SMITH"},{"floor":44,"key":"REST"},{"floor":49,"key":"REST"}],"neow_cost":"NONE","seed_source_timestamp":0,"circlet_count":0,"master_deck":["Defend_G","Defend_G","Defend_G","Strike_G","Strike_G","Strike_G+1","Strike_G+1","Survivor+1","Neutralize","Poisoned Stab+1","Adrenaline","Poisoned Stab","Dash","Cloak And Dagger","Cloak And Dagger+1","After Image+1","Well Laid Plans","Dagger Spray","Dagger Spray+1","Acrobatics","Prepared","Skewer+1","Sucker Punch+1","Envenom","Dodge and Roll","Deadly Poison+1","Crippling Poison+1","Footwork","Flash of Steel+1","Apotheosis+1","Cloak And Dagger","Caltrops"],"special_seed":0,"relics":["Ring of the Snake","Whetstone","Meat on the Bone","Pantograph","WristBlade","Thread and Needle","Molten Egg 2","Oddly Smooth Stone","Dodecahedron","Eternal Feather","StoneCalendar","Snake Skull","Question Card","Bag of Marbles","PreservedInsect"],"potions_floor_usage":[16,16,33,33,33,41,50,50,50],"damage_taken":[{"damage":5.0,"enemies":"2 Louse","floor":1.0,"turns":5.0},{"damage":54.0,"enemies":"Lagavulin","floor":6.0,"turns":10.0},{"damage":24.0,"enemies":"3 Sentries","floor":8.0,"turns":10.0},{"damage":0,"enemies":"Jaw Worm","floor":11,"turns":2},{"damage":0,"enemies":"Small Slimes","floor":12,"turns":2},{"damage":69,"enemies":"Slime Boss","floor":16,"turns":15},{"damage":5,"enemies":"Spheric Guardian","floor":18,"turns":4},{"damage":10,"enemies":"3 Byrds","floor":19,"turns":7},{"damage":7,"enemies":"Snecko","floor":24,"turns":6},{"damage":35,"enemies":"Slavers","floor":25,"turns":5},{"damage":6,"enemies":"Centurion and Healer","floor":27,"turns":7},{"damage":7,"enemies":"Shelled Parasite and Fungi","floor":28,"turns":5},{"damage":12,"enemies":"Sentry and Sphere","floor":31,"turns":6},{"damage":37,"enemies":"Champ","floor":33,"turns":15},{"damage":7,"enemies":"Orb Walker","floor":35,"turns":4},{"damage":14,"enemies":"Mind Bloom Boss Battle","floor":36,"turns":8},{"damage":39,"enemies":"3 Darklings","floor":37,"turns":7},{"damage":46,"enemies":"Reptomancer","floor":41,"turns":6},{"damage":0,"enemies":"Spire Growth","floor":46,"turns":6},{"damage":41,"enemies":"Jaw Worm Horde","floor":47,"turns":6},{"damage":19,"enemies":"Sphere and 2 Shapes","floor":48,"turns":6},{"damage":64,"enemies":"Awakened One","floor":50,"turns":13}],"seed_played":"2713899304339477715","potions_obtained":[{"floor":1.0,"key":"SpeedPotion"},{"floor":12,"key":"Fire Potion"},{"floor":16,"key":"SpeedPotion"},{"floor":27,"key":"EssenceOfSteel"},{"floor":28,"key":"Strength Potion"},{"floor":31,"key":"AttackPotion"},{"floor":33,"key":"Fire Potion"},{"floor":36,"key":"Block Potion"},{"floor":46,"key":"SpeedPotion"},{"floor":48,"key":"SteroidPotion"}],"is_trial":false,"path_per_floor":["M","?","?","$","?","E","R","?","T","R","M","M","$","?","R","B",null,"M","M","?","$","T","R","M","E","T","M","M","R","$","M","R","B",null,"M","?","M","$","?","R","E","T","T","R","?","M","M","M","R","B",null],"character_chosen":"THE_SILENT","items_purchased":["Thread and Needle","Snake Skull","Footwork","Flash of Steel+1"],"campfire_rested":7,"item_purchase_floors":[21,38,38,38],"current_hp_per_floor":[72,57,57,57,57,3,26,2,2,25,37,49,49,42,65,20,63,58,48,48,48,48,71,64,41,41,47,40,63,63,51,51,39,68,61,63,36,36,36,54,20,20,20,61,61,61,32,25,66,25],"gold":305,"neow_bonus":"TEN_PERCENT_HP_BONUS","is_prod":false,"is_daily":false,"chose_seed":false,"campfire_upgraded":2,"win_rate":0,"timestamp":1548741022,"path_taken":["M","?","?","?","?","E","R","?","T","R","M","M","?","?","R","BOSS","M","M","?","$","?","R","M","E","T","M","M","R","?","M","R","BOSS","M","?","M","$","?","R","E","?","T","R","?","M","M","M","R","BOSS"],"build_version":"2019-01-23","purchased_purges":2,"victory":true,"max_hp_per_floor":[77,77,77,77,77,77,77,77,77,77,77,77,77,77,77,77,77,77,77,77,77,77,77,77,77,77,77,77,77,77,77,77,77,77,77,77,77,77,77,77,77,77,77,77,77,77,77,77,77,77],"card_choices":[{"not_picked":["Predator","PiercingWail"],"picked":"Poisoned Stab","floor":1.0},{"not_picked":["Skewer","Endless Agony"],"picked":"Poisoned Stab","floor":6.0},{"not_picked":["Blur","Dagger Spray"],"picked":"Dash","floor":8},{"not_picked":["Tactician","Riddle With Holes"],"picked":"Cloak And Dagger","floor":11},{"not_picked":["Endless Agony","Dagger Spray"],"picked":"Cloak And Dagger","floor":12},{"not_picked":["Grand Finale","Doppelganger"],"picked":"After Image","floor":16},{"not_picked":["PiercingWail","Concentrate"],"picked":"Well Laid Plans","floor":18},{"not_picked":["Underhanded Strike","Poisoned Stab+1"],"picked":"Dagger Spray","floor":19},{"not_picked":["Outmaneuver+1","Underhanded Strike+1"],"picked":"Dagger Spray+1","floor":24},{"not_picked":["Tactician+1","Glass Knife+1"],"picked":"Acrobatics","floor":25},{"not_picked":["Deadly Poison","All Out Attack+1"],"picked":"Prepared","floor":27},{"not_picked":["Underhanded Strike+1","Flying Knee+1"],"picked":"Skewer+1","floor":28},{"not_picked":["Bullet Time","PiercingWail"],"picked":"Sucker Punch+1","floor":31},{"not_picked":["Storm of Steel","Tools of the Trade"],"picked":"Envenom","floor":33},{"not_picked":["Heel Hook+1","Backstab+1"],"picked":"Dodge and Roll","floor":35},{"not_picked":["Underhanded Strike+1","Cloak And Dagger"],"picked":"Deadly Poison+1","floor":36},{"not_picked":["Heel Hook+1","Poisoned Stab+1"],"picked":"Crippling Poison+1","floor":37},{"not_picked":["Bandage Up","PanicButton"],"picked":"Apotheosis","floor":39},{"not_picked":["Skewer+1","Expertise+1"],"picked":"Cloak And Dagger","floor":41},{"not_picked":["Dodge and Roll","Sucker Punch+1","Outmaneuver","Tactician"],"picked":"SKIP","floor":46},{"not_picked":["Acrobatics","Dagger Spray+1","Deadly Poison"],"picked":"Caltrops","floor":47},{"not_picked":["Dagger Spray+1","Finisher+1","Prepared","Glass Knife+1"],"picked":"SKIP","floor":48}],"player_experience":223996,"relics_obtained":[{"floor":6.0,"key":"Whetstone"},{"floor":8,"key":"Meat on the Bone"},{"floor":9,"key":"Pantograph"},{"floor":22,"key":"Molten Egg 2"},{"floor":25,"key":"Oddly Smooth Stone"},{"floor":26,"key":"Dodecahedron"},{"floor":36,"key":"StoneCalendar"},{"floor":41,"key":"Question Card"},{"floor":42,"key":"Bag of Marbles"},{"floor":43,"key":"PreservedInsect"}],"event_choices":[{"damage_healed":0.0,"max_hp_gain":0.0,"max_hp_loss":0.0,"gold_gain":0.0,"event_name":"Shining Light","player_choice":"Entered Light","floor":2.0,"gold_loss":0.0,"damage_taken":15.0,"cards_upgraded":["Survivor","Strike_G"]},{"damage_healed":0.0,"max_hp_gain":0.0,"max_hp_loss":0.0,"gold_gain":0.0,"cards_transformed":["Defend_G"],"event_name":"Living Wall","player_choice":"Change","floor":3.0,"gold_loss":0.0,"damage_taken":0.0,"cards_obtained":["Adrenaline"]},{"damage_healed":0.0,"max_hp_gain":0.0,"max_hp_loss":0.0,"gold_gain":175.0,"event_name":"Liars Game","player_choice":"AGREE","floor":5.0,"gold_loss":0.0,"damage_taken":0.0,"cards_obtained":["Doubt"]},{"damage_healed":0.0,"max_hp_gain":0.0,"max_hp_loss":0.0,"gold_gain":0.0,"event_name":"Dead Adventurer","player_choice":"Searched \u00271\u0027 times","floor":8.0,"gold_loss":0.0,"damage_taken":0.0},{"cards_removed":["Strike_G"],"damage_healed":0,"gold_gain":0,"player_choice":"Card Removal","damage_taken":7,"max_hp_gain":0,"max_hp_loss":0,"event_name":"Golden Wing","floor":14,"gold_loss":0},{"damage_healed":0,"gold_gain":0,"player_choice":"Forge","damage_taken":0,"max_hp_gain":0,"max_hp_loss":0,"event_name":"Accursed Blacksmith","floor":20,"gold_loss":0,"cards_upgraded":["After Image"]},{"damage_healed":0,"gold_gain":0,"player_choice":"Fight","damage_taken":0,"max_hp_gain":0,"max_hp_loss":0,"event_name":"MindBloom","floor":36,"gold_loss":0},{"damage_healed":0,"gold_gain":0,"player_choice":"Memory 1","damage_taken":0,"max_hp_gain":0,"max_hp_loss":0,"event_name":"SensoryStone","floor":39,"gold_loss":0},{"damage_healed":0,"gold_gain":0,"player_choice":"Ignored","damage_taken":0,"max_hp_gain":0,"max_hp_loss":0,"event_name":"Tomb of Lord Red Mask","floor":45,"gold_loss":0}],"is_beta":false,"boss_relics":[{"not_picked":["Fusion Hammer","Coffee Dripper"],"picked":"WristBlade"},{"not_picked":["Orrery","Snecko Eye"],"picked":"Eternal Feather"}],"items_purged_floors":[13,21],"is_endless":false,"potions_floor_spawned":[1,12,16,27,28,31,33,36,46,48],"ascension_level":5}