{"gold_per_floor":[17,30,105,105,116,142,161,161,207,54,66,94,94,111,111,210,210,228,228,155,175,101,101,1,34,88,88,88,288,306,341,341,441,441,459,478,119,119,50,50,66,166,237,237,237,0,14,14,14,14],"floor_reached":51,"playtime":2530,"items_purged":["Strike_B","Strike_B"],"score":1062,"play_id":"71b42b0c-b323-43ae-9284-f948742e61a0","local_time":"20190129192832","is_ascension_mode":true,"campfire_choices":[{"floor":8,"key":"REST"},{"floor":15,"key":"REST"},{"data":"Defragment","floor":23,"key":"SMITH"},{"data":"Buffer","floor":27,"key":"SMITH"},{"data":"Defragment","floor":32,"key":"SMITH"},{"data":"Coolheaded","floor":40,"key":"SMITH"},{"data":"Coolheaded","floor":49,"key":"SMITH"}],"neow_cost":"NO_GOLD","seed_source_timestamp":715839453658256,"circlet_count":0,"master_deck":["AscendersBane","Strike_B","Strike_B","Defend_B","Defend_B","Defend_B","Defend_B","Zap+1","Dualcast+1","Hyperbeam","Auto Shields","Leap","Cold Snap","Core Surge","Coolheaded+1","Defragment+1","Cold Snap","Coolheaded+1","Machine Learning","Self Repair","Defragment+1","Self Repair+1","Buffer+1","Biased Cognition+1","Loop+1","Redo+1"],"relics":["Cracked Core","Ornamental Fan","War Paint","Omamori","Boot","Sozu","Nilry\u0027s Codex","Matryoshka","Juzu Bracelet","Centennial Puzzle","Tiny Chest","Frozen Egg 2","Runic Dome","ClockworkSouvenir","Bag of Preparation","Gambling Chip","Ancient Tea Set","Symbiotic Virus","Blue Candle","Red Mask"],"potions_floor_usage":[16,16,50],"damage_taken":[{"damage":4,"enemies":"Small Slimes","floor":1,"turns":3},{"damage":7,"enemies":"Jaw Worm","floor":2,"turns":4},{"damage":0,"enemies":"Cultist","floor":5,"turns":3},{"damage":33,"enemies":"Lagavulin","floor":6,"turns":9},{"damage":7,"enemies":"3 Louse","floor":7,"turns":3},{"damage":4,"enemies":"Looter","floor":11,"turns":3},{"damage":15,"enemies":"Gremlin Nob","floor":12,"turns":4},{"damage":0,"enemies":"Red Slaver","floor":14,"turns":3},{"damage":10,"enemies":"Hexaghost","floor":16,"turns":13},{"damage":0,"enemies":"Shell Parasite","floor":18,"turns":7},{"damage":1,"enemies":"Chosen","floor":21,"turns":7},{"damage":10,"enemies":"Book of Stabbing","floor":25,"turns":8},{"damage":5,"enemies":"Snecko","floor":30,"turns":6},{"damage":25,"enemies":"Gremlin Leader","floor":31,"turns":8},{"damage":38,"enemies":"Collector","floor":33,"turns":27},{"damage":4,"enemies":"Orb Walker","floor":35,"turns":5},{"damage":13,"enemies":"3 Darklings","floor":36,"turns":5},{"damage":0,"enemies":"Jaw Worm Horde","floor":41,"turns":7},{"damage":21,"enemies":"Mind Bloom Boss Battle","floor":42,"turns":8},{"damage":0,"enemies":"Writhing Mass","floor":47,"turns":9},{"damage":13,"enemies":"Awakened One","floor":50,"turns":18}],"seed_played":"1779394830148974570","potions_obtained":[{"floor":2,"key":"LiquidBronze"},{"floor":5,"key":"SteroidPotion"},{"floor":7,"key":"Ancient Potion"},{"floor":12,"key":"Weak Potion"}],"is_trial":false,"path_per_floor":["M","M","?","T","M","E","M","R","T","$","M","E","?","M","R","B",null,"M","?","$","M","?","R","$","E","T","R","?","?","M","E","R","B",null,"M","M","$","?","$","R","M","?","T","T","?","?","M","?","R","B",null],"character_chosen":"DEFECT","items_purchased":["Defragment","Defragment","ClockworkSouvenir","Bag of Preparation","Loop+1"],"campfire_rested":2,"item_purchase_floors":[10,20,37,37,39],"current_hp_per_floor":[64,57,46,46,46,13,6,28,28,28,24,9,9,9,31,21,62,62,46,46,52,52,52,52,59,59,59,59,59,71,66,66,45,68,75,75,75,75,75,75,75,71,71,71,71,71,75,75,75,75],"gold":14,"neow_bonus":"THREE_RARE_CARDS","is_prod":false,"is_daily":false,"chose_seed":false,"campfire_upgraded":5,"win_rate":0,"timestamp":1548782912,"path_taken":["M","M","?","?","M","E","M","R","T","?","?","E","?","M","R","BOSS","M","?","$","M","?","R","$","E","T","R","?","?","M","E","R","BOSS","M","M","?","?","$","R","M","?","T","?","?","?","M","?","R","BOSS"],"build_version":"2019-01-23","purchased_purges":2,"victory":true,"max_hp_per_floor":[75,75,75,75,75,75,75,75,75,75,75,75,75,75,75,75,75,75,75,75,75,75,75,75,75,75,75,75,75,75,75,75,75,75,75,75,75,75,75,75,75,75,75,75,75,75,75,75,75,75],"card_choices":[{"not_picked":["Reboot","Amplify"],"picked":"Hyperbeam","floor":0},{"not_picked":["Cold Snap","Gash"],"picked":"Auto Shields","floor":1},{"not_picked":["Steam","Recycle"],"picked":"Leap","floor":2},{"not_picked":["Streamline","Gash"],"picked":"Cold Snap","floor":5},{"not_picked":["Steam Power","Steam"],"picked":"Core Surge","floor":6},{"not_picked":["Chaos","Steam"],"picked":"Coolheaded","floor":7},{"not_picked":["Scrape","Beam Cell"],"picked":"Cold Snap","floor":11},{"not_picked":["Gash","Streamline"],"picked":"Coolheaded","floor":12},{"not_picked":["Lockon","Steam","Stack"],"picked":"SKIP","floor":14},{"not_picked":["All For One","Reboot"],"picked":"Machine Learning","floor":16},{"not_picked":["Darkness","Conserve Battery"],"picked":"Self Repair","floor":18},{"not_picked":["Barrage","Force Field"],"picked":"Self Repair+1","floor":21},{"not_picked":["Reboot","Reinforced Body+1"],"picked":"Buffer","floor":25},{"not_picked":["Blizzard","Streamline","Barrage"],"picked":"SKIP","floor":30},{"not_picked":["Leap","Rebound","Cold Snap"],"picked":"SKIP","floor":31},{"not_picked":["Rainbow","Amplify"],"picked":"Biased Cognition+1","floor":33},{"not_picked":["Cold Snap+1","White Noise+1","Coolheaded"],"picked":"SKIP","floor":35},{"not_picked":["Rebound+1","Stack","Compile Driver+1"],"picked":"SKIP","floor":36},{"not_picked":["Recycle","Force Field"],"picked":"Redo+1","floor":41},{"not_picked":["Sunder","Chill","Self Repair+1"],"picked":"SKIP","floor":47}],"player_experience":144948,"relics_obtained":[{"floor":4,"key":"Ornamental Fan"},{"floor":6,"key":"War Paint"},{"floor":9,"key":"Omamori"},{"floor":12,"key":"Boot"},{"floor":19,"key":"Nilry\u0027s Codex"},{"floor":25,"key":"Juzu Bracelet"},{"floor":26,"key":"Centennial Puzzle"},{"floor":26,"key":"Tiny Chest"},{"floor":31,"key":"Frozen Egg 2"},{"floor":42,"key":"Gambling Chip"},{"floor":43,"key":"Ancient Tea Set"},{"floor":43,"key":"Symbiotic Virus"},{"floor":44,"key":"Blue Candle"}],"event_choices":[{"damage_healed":0,"gold_gain":75,"player_choice":"Gather Gold","damage_taken":11,"max_hp_gain":0,"max_hp_loss":0,"event_name":"World of Goop","floor":3,"gold_loss":0},{"damage_healed":0,"gold_gain":0,"player_choice":"Fled","damage_taken":0,"max_hp_gain":0,"max_hp_loss":0,"event_name":"Scrap Ooze","floor":13,"gold_loss":0},{"damage_healed":0,"gold_gain":0,"player_choice":"Obtained Book","damage_taken":16,"max_hp_gain":0,"max_hp_loss":0,"event_name":"Cursed Tome","floor":19,"gold_loss":0},{"damage_healed":0,"gold_gain":0,"player_choice":"Paid Gold","damage_taken":0,"relics_obtained":["Matryoshka"],"max_hp_gain":0,"max_hp_loss":0,"event_name":"WeMeetAgain","floor":22,"gold_loss":74},{"damage_healed":0,"gold_gain":0,"player_choice":"Ignored","damage_taken":0,"max_hp_gain":0,"max_hp_loss":0,"event_name":"Beggar","floor":28,"gold_loss":0},{"damage_healed":0,"gold_gain":200,"player_choice":"Gold","damage_taken":0,"max_hp_gain":0,"max_hp_loss":0,"event_name":"Wheel of Change","floor":29,"gold_loss":0},{"damage_healed":19,"gold_gain":0,"player_choice":"Writhe","damage_taken":0,"max_hp_gain":0,"max_hp_loss":0,"event_name":"Winding Halls","floor":38,"gold_loss":0,"cards_obtained":["Writhe"]},{"damage_healed":0,"gold_gain":0,"player_choice":"Fight","damage_taken":0,"max_hp_gain":0,"max_hp_loss":0,"event_name":"MindBloom","floor":42,"gold_loss":0},{"damage_healed":0,"gold_gain":0,"player_choice":"Memory 1","damage_taken":0,"max_hp_gain":0,"max_hp_loss":0,"event_name":"SensoryStone","floor":45,"gold_loss":0},{"damage_healed":0,"gold_gain":0,"player_choice":"Paid","damage_taken":0,"relics_obtained":["Red Mask"],"max_hp_gain":0,"max_hp_loss":0,"event_name":"Tomb of Lord Red Mask","floor":46,"gold_loss":237},{"damage_healed":0,"gold_gain":0,"player_choice":"Ignored","damage_taken":0,"max_hp_gain":0,"max_hp_loss":0,"event_name":"Mysterious Sphere","floor":48,"gold_loss":0}],"is_beta":false,"boss_relics":[{"not_picked":["FrozenCore","Orrery"],"picked":"Sozu"},{"not_picked":["White Beast Statue","Snecko Eye"],"picked":"Runic Dome"}],"items_purged_floors":[10,24],"is_endless":false,"potions_floor_spawned":[2,5,7,12,21,25,36,42],"ascension_level":10}