{"gold_per_floor":[115,190,190,205,219,246,246,265,265,297,297,297,313,74,74,74],"floor_reached":16,"playtime":1431,"items_purged":["Defend_R"],"score":116,"play_id":"f0aa05cd-8866-4b1a-af81-6580730e9d81","local_time":"20190108013128","is_ascension_mode":true,"campfire_choices":[{"floor":7,"key":"REST"},{"floor":12,"key":"REST"},{"floor":15,"key":"REST"}],"neow_cost":"NONE","seed_source_timestamp":710910796252357,"circlet_count":0,"master_deck":["Strike_R","Strike_R","Strike_R","Defend_R","Defend_R","Defend_R","Bash","Burning Pact","Twin Strike","Cleave","Shrug It Off","Bloodletting","Battle Trance","Immolate"],"relics":["Burning Blood","Gremlin Horn","Champion Belt","StoneCalendar"],"potions_floor_usage":[4,16],"damage_taken":[{"damage":0,"enemies":"Small Slimes","floor":1,"turns":3},{"damage":8,"enemies":"Cultist","floor":4,"turns":7},{"damage":12,"enemies":"2 Louse","floor":5,"turns":2},{"damage":35,"enemies":"Gremlin Nob","floor":6,"turns":5},{"damage":7,"enemies":"Exordium Wildlife","floor":8,"turns":4},{"damage":40,"enemies":"3 Sentries","floor":10,"turns":8},{"damage":2,"enemies":"Blue Slaver","floor":13,"turns":5},{"damage":68,"enemies":"Hexaghost","floor":16,"turns":11}],"seed_played":"-2270069306877876453","potions_obtained":[{"floor":1,"key":"Block Potion"},{"floor":13,"key":"SpeedPotion"}],"is_trial":false,"path_per_floor":["M","?","?","M","M","E","R","M","T","E","?","R","M","$","R","B"],"character_chosen":"IRONCLAD","items_purchased":["Immolate"],"campfire_rested":3,"item_purchase_floors":[14],"current_hp_per_floor":[80,69,69,67,61,32,56,55,55,21,14,38,42,42,66,0],"gold":74,"neow_bonus":"REMOVE_CARD","is_prod":false,"is_daily":false,"chose_seed":false,"campfire_upgraded":0,"win_rate":0,"timestamp":1546939888,"path_taken":["M","?","?","M","M","E","R","?","T","E","?","R","M","?","R","BOSS"],"build_version":"2019-01-03v4","purchased_purges":1,"victory":false,"max_hp_per_floor":[80,80,80,80,80,80,80,80,80,80,80,80,80,80,80,80],"card_choices":[{"not_picked":["Second Wind","Havoc"],"picked":"Burning Pact","floor":1},{"not_picked":["Sever Soul","Dual Wield"],"picked":"Twin Strike","floor":4},{"not_picked":["Clothesline","Flex"],"picked":"Cleave","floor":5},{"not_picked":["Sever Soul","Wild Strike"],"picked":"Shrug It Off","floor":6},{"not_picked":["Anger","Impervious"],"picked":"Bloodletting","floor":8},{"not_picked":["Sentinel","Blood for Blood"],"picked":"Battle Trance","floor":10},{"not_picked":["Disarm","Wild Strike","Havoc"],"picked":"SKIP","floor":13}],"player_experience":42485,"relics_obtained":[{"floor":6,"key":"Gremlin Horn"},{"floor":9,"key":"Champion Belt"},{"floor":10,"key":"StoneCalendar"}],"event_choices":[{"damage_healed":0,"gold_gain":75,"player_choice":"Gather Gold","damage_taken":11,"max_hp_gain":0,"max_hp_loss":0,"event_name":"World of Goop","floor":2,"gold_loss":0},{"damage_healed":0,"gold_gain":0,"player_choice":"Bought 0 Potions","damage_taken":0,"max_hp_gain":0,"max_hp_loss":0,"event_name":"The Woman in Blue","floor":3,"gold_loss":0},{"cards_removed":["Strike_R"],"damage_healed":0,"gold_gain":0,"player_choice":"Card Removal","damage_taken":7,"max_hp_gain":0,"max_hp_loss":0,"event_name":"Golden Wing","floor":11,"gold_loss":0}],"is_beta":false,"boss_relics":[],"items_purged_floors":[14],"is_endless":false,"potions_floor_spawned":[1,13],"killed_by":"Hexaghost","ascension_level":1}