{"gold_per_floor":[109,184,200,200,213,100,100,113,113,146,146,175,175,200,200,298,298,313,328,33,52,52,52,52,72,97,97,117,117,135,149,149,149],"floor_reached":33,"playtime":2734,"items_purged":["Defend_R"],"score":359,"play_id":"a5bac1ee-8d60-4b66-988d-79f3508ca399","local_time":"20190208112105","is_ascension_mode":true,"campfire_choices":[{"floor":7,"key":"REST"},{"floor":13,"key":"REST"},{"data":"Spot Weakness","floor":15,"key":"SMITH"},{"floor":23,"key":"REST"},{"floor":29,"key":"REST"},{"floor":32,"key":"REST"}],"neow_cost":"NONE","seed_source_timestamp":2327648164202917,"circlet_count":0,"master_deck":["Defend_R","Defend_R+1","Bash","Shrug It Off","Shrug It Off+1","Shrug It Off","Spot Weakness+1","Flex","Double Tap","Evolve+1","Demon Form+1","Heavy Blade","Iron Wave","Twin Strike+1","Thunderclap+1","Bite","Bite","Bite","Bite","Bite","Whirlwind","Armaments","Dual Wield+1"],"relics":["Burning Blood","Ornamental Fan","Frozen Egg 2","Sundial","Boot","Black Star","FossilizedHelix","Pen Nib"],"potions_floor_usage":[12,12,16,25,33,33],"damage_taken":[{"damage":15,"enemies":"Small Slimes","floor":1,"turns":3},{"damage":9,"enemies":"2 Louse","floor":3,"turns":3},{"damage":0,"enemies":"Cultist","floor":5,"turns":4},{"damage":6,"enemies":"3 Louse","floor":8,"turns":4},{"damage":24,"enemies":"3 Sentries","floor":10,"turns":11},{"damage":8,"enemies":"Gremlin Nob","floor":12,"turns":3},{"damage":16,"enemies":"3 Sentries","floor":14,"turns":7},{"damage":54,"enemies":"Slime Boss","floor":16,"turns":10},{"damage":38,"enemies":"Spheric Guardian","floor":18,"turns":6},{"damage":16,"enemies":"Chosen","floor":19,"turns":7},{"damage":20,"enemies":"Snake Plant","floor":21,"turns":6},{"damage":0,"enemies":"Snecko","floor":25,"turns":5},{"damage":61,"enemies":"Centurion and Healer","floor":28,"turns":9},{"damage":31,"enemies":"Chosen and Byrds","floor":30,"turns":6},{"damage":20,"enemies":"3 Cultists","floor":31,"turns":4},{"damage":32,"enemies":"Automaton","floor":33,"turns":6}],"seed_played":"-8254214821996037553","potions_obtained":[{"floor":1,"key":"SteroidPotion"},{"floor":8,"key":"Swift Potion"},{"floor":10,"key":"FearPotion"},{"floor":14,"key":"PowerPotion"},{"floor":21,"key":"PowerPotion"},{"floor":24,"key":"Strength Potion"},{"floor":24,"key":"AttackPotion"},{"floor":28,"key":"FearPotion"}],"is_trial":false,"path_per_floor":["M","?","M","?","M","$","R","M","T","E","?","E","R","E","R","B",null,"M","M","$","M","$","R","?","M","T","?","M","R","M","M","R","B"],"character_chosen":"IRONCLAD","items_purchased":["Spot Weakness","FossilizedHelix"],"campfire_rested":5,"item_purchase_floors":[6,20],"current_hp_per_floor":[79,68,65,47,53,53,79,79,79,61,61,59,85,75,75,27,73,41,31,31,17,17,43,43,49,49,49,14,32,15,7,25,7],"gold":149,"neow_bonus":"TEN_PERCENT_HP_BONUS","is_prod":false,"is_daily":false,"chose_seed":false,"campfire_upgraded":1,"win_rate":0,"timestamp":1549653665,"path_taken":["M","?","M","?","M","$","R","M","T","E","?","E","R","E","R","BOSS","M","M","?","M","$","R","?","?","T","?","M","R","M","M","R","BOSS"],"build_version":"2019-01-23","purchased_purges":1,"victory":false,"max_hp_per_floor":[88,88,88,88,88,88,88,88,88,88,88,88,88,88,88,88,88,88,88,88,88,88,88,88,88,88,61,61,61,61,61,61,61],"card_choices":[{"not_picked":["Second Wind","Cleave"],"picked":"Shrug It Off","floor":1},{"not_picked":["Cleave","Sever Soul"],"picked":"Shrug It Off","floor":3},{"not_picked":["Dual Wield","Feel No Pain"],"picked":"Shrug It Off","floor":5},{"not_picked":["Anger","Body Slam","Reckless Charge"],"picked":"SKIP","floor":8},{"not_picked":["Hemokinesis","Warcry"],"picked":"Flex","floor":10},{"not_picked":["Burning Pact","Wild Strike"],"picked":"Double Tap","floor":12},{"not_picked":["Perfected Strike","Clash"],"picked":"Evolve+1","floor":14},{"not_picked":["Offering","Impervious"],"picked":"Demon Form+1","floor":16},{"not_picked":["Havoc+1","Spot Weakness"],"picked":"Heavy Blade","floor":18},{"not_picked":["Power Through+1","Body Slam"],"picked":"Iron Wave","floor":19},{"not_picked":["Burning Pact","Anger"],"picked":"Twin Strike+1","floor":21},{"not_picked":["Anger","Disarm"],"picked":"Thunderclap+1","floor":25},{"not_picked":["Flex+1","Anger+1"],"picked":"Whirlwind","floor":28},{"not_picked":["Anger+1","Reckless Charge"],"picked":"Armaments","floor":30},{"not_picked":["Twin Strike","Intimidate+1"],"picked":"Dual Wield+1","floor":31}],"player_experience":272454,"relics_obtained":[{"floor":9,"key":"Ornamental Fan"},{"floor":10,"key":"Frozen Egg 2"},{"floor":12,"key":"Sundial"},{"floor":14,"key":"Boot"},{"floor":26,"key":"Pen Nib"}],"event_choices":[{"damage_healed":0,"gold_gain":75,"player_choice":"Gather Gold","damage_taken":11,"max_hp_gain":0,"max_hp_loss":0,"event_name":"World of Goop","floor":2,"gold_loss":0},{"damage_healed":0,"gold_gain":0,"player_choice":"Entered Light","damage_taken":18,"max_hp_gain":0,"max_hp_loss":0,"event_name":"Shining Light","floor":4,"gold_loss":0,"cards_upgraded":["Defend_R","Shrug It Off"]},{"cards_removed":["Defend_R"],"damage_healed":0,"gold_gain":0,"player_choice":"Offered Basic","damage_taken":0,"max_hp_gain":0,"max_hp_loss":0,"event_name":"Bonfire Elementals","floor":11,"gold_loss":0},{"damage_healed":0,"gold_gain":0,"player_choice":"Got Potions","damage_taken":0,"max_hp_gain":0,"max_hp_loss":0,"event_name":"Lab","floor":24,"gold_loss":0},{"damage_healed":0,"gold_gain":0,"player_choice":"Became a vampire","damage_taken":0,"max_hp_gain":0,"max_hp_loss":27,"event_name":"Vampires","floor":27,"gold_loss":0,"cards_obtained":["Bite","Bite","Bite","Bite","Bite"]}],"is_beta":false,"boss_relics":[{"not_picked":["Orrery","Runic Cube"],"picked":"Black Star"}],"items_purged_floors":[6],"is_endless":false,"potions_floor_spawned":[1,8,10,14,21,28,30],"killed_by":"Automaton","ascension_level":5}