{"gold_per_floor":[19,35,35,35,35,35,61,61,84,109,120,120,130,145,145,217,217,235,235,285,285,166,166,166],"floor_reached":24,"playtime":538,"items_purged":[],"score":364,"play_id":"541b942e-5391-44a1-afc3-9eda41f56118","local_time":"20190202020708","is_ascension_mode":true,"campfire_choices":[{"data":"Zap","floor":6,"key":"SMITH"},{"floor":8,"key":"REST"},{"floor":15,"key":"REST"},{"floor":23,"key":"REST"}],"neow_cost":"NO_GOLD","seed_source_timestamp":1000957431248000,"circlet_count":0,"master_deck":["AscendersBane","Strike_B","Strike_B","Strike_B","Strike_B","Defend_B","Defend_B","Defend_B","Defend_B","Zap+1","Dualcast+1","Ball Lightning","Leap","Capacitor","Electrodynamics","Conserve Battery","White Noise","Skim","Creative AI","Ball Lightning","Self Repair","Undo"],"relics":["Cracked Core","Ice Cream","Nunchaku","Strawberry","Pantograph","Inserter","Cables"],"potions_floor_usage":[10,16],"damage_taken":[{"damage":3,"enemies":"Jaw Worm","floor":1,"turns":4},{"damage":0,"enemies":"Small Slimes","floor":2,"turns":2},{"damage":29,"enemies":"Gremlin Nob","floor":7,"turns":4},{"damage":30,"enemies":"Lagavulin","floor":10,"turns":6},{"damage":1,"enemies":"Cultist","floor":11,"turns":3},{"damage":7,"enemies":"3 Louse","floor":13,"turns":2},{"damage":9,"enemies":"Blue Slaver","floor":14,"turns":3},{"damage":18,"enemies":"Hexaghost","floor":16,"turns":8},{"damage":35,"enemies":"Shell Parasite","floor":18,"turns":8},{"damage":58,"enemies":"Gremlin Leader","floor":24,"turns":4}],"seed_played":"8878665432001030852","potions_obtained":[{"floor":2,"key":"Explosive Potion"},{"floor":13,"key":"Ancient Potion"},{"floor":14,"key":"Weak Potion"}],"is_trial":false,"path_per_floor":["M","M","?","?","?","R","E","R","T","E","M","?","M","M","R","B",null,"M","?","?","T","$","R","E"],"character_chosen":"DEFECT","items_purchased":["Self Repair","Undo"],"campfire_rested":3,"item_purchase_floors":[22,22],"current_hp_per_floor":[61,61,61,61,61,61,32,53,60,30,29,29,22,13,36,43,69,34,34,34,34,34,57,0],"gold":166,"neow_bonus":"ONE_RARE_RELIC","is_prod":false,"is_daily":false,"chose_seed":false,"campfire_upgraded":1,"win_rate":0,"timestamp":1549066028,"path_taken":["M","M","?","?","?","R","E","R","T","E","?","?","M","?","R","BOSS","M","?","?","?","$","R","E"],"build_version":"2019-01-23","purchased_purges":0,"victory":false,"max_hp_per_floor":[71,71,71,71,71,71,71,71,78,78,78,78,78,78,78,78,78,78,78,78,78,78,78,78],"card_choices":[{"not_picked":["Redo","FTL"],"picked":"Ball Lightning","floor":1},{"not_picked":["Blizzard","Undo"],"picked":"Leap","floor":2},{"not_picked":["Cold Snap","Hologram"],"picked":"Capacitor","floor":7},{"not_picked":["Coolheaded","FTL"],"picked":"Electrodynamics","floor":10},{"not_picked":["Cold Snap","Rebound"],"picked":"Conserve Battery","floor":11},{"not_picked":["Conserve Battery","Steam"],"picked":"Skim","floor":13},{"not_picked":["Beam Cell","Stack","Streamline"],"picked":"SKIP","floor":14},{"not_picked":["Buffer","Reboot"],"picked":"Creative AI","floor":16},{"not_picked":["Rebound","Sweeping Beam"],"picked":"Ball Lightning","floor":18}],"player_experience":167654,"relics_obtained":[{"floor":7,"key":"Nunchaku"},{"floor":9,"key":"Strawberry"},{"floor":10,"key":"Pantograph"},{"floor":21,"key":"Cables"}],"event_choices":[{"damage_healed":0,"gold_gain":0,"player_choice":"Ignored","damage_taken":0,"max_hp_gain":0,"max_hp_loss":0,"event_name":"Golden Wing","floor":3,"gold_loss":0},{"damage_healed":0,"gold_gain":0,"player_choice":"Grow","damage_taken":0,"max_hp_gain":0,"max_hp_loss":0,"event_name":"Living Wall","floor":4,"gold_loss":0,"cards_upgraded":["Dualcast"]},{"damage_healed":0,"gold_gain":0,"player_choice":"Leave","damage_taken":0,"max_hp_gain":0,"max_hp_loss":0,"event_name":"The Cleric","floor":5,"gold_loss":0},{"damage_healed":0,"gold_gain":0,"player_choice":"1 cards matched","damage_taken":0,"max_hp_gain":0,"max_hp_loss":0,"event_name":"Match and Keep!","floor":12,"gold_loss":0,"cards_obtained":["White Noise"]},{"damage_healed":0,"gold_gain":0,"player_choice":"Ignored","damage_taken":0,"max_hp_gain":0,"max_hp_loss":0,"event_name":"Beggar","floor":19,"gold_loss":0},{"damage_healed":0,"gold_gain":50,"player_choice":"Stole From Cult","damage_taken":0,"max_hp_gain":0,"max_hp_loss":0,"event_name":"Nest","floor":20,"gold_loss":0}],"is_beta":false,"boss_relics":[{"not_picked":["Calling Bell","Runic Dome"],"picked":"Inserter"}],"items_purged_floors":[],"is_endless":false,"potions_floor_spawned":[2,13,14],"killed_by":"Gremlin Leader","ascension_level":16}