{"gold_per_floor":[216,491,501,88,103,103,132,152,152,152,179,142,142,153,153,254,254,265,278,378,338,356,356],"floor_reached":23,"playtime":1494,"items_purged":["Regret"],"score":251,"play_id":"0584f30c-81e6-4cee-8a8a-4f88bb178f21","local_time":"20190215202729","is_ascension_mode":true,"campfire_choices":[{"data":"Hyperbeam","floor":6.0,"key":"SMITH"},{"data":"Sunder","floor":10.0,"key":"SMITH"},{"data":"Beam Cell","floor":13.0,"key":"SMITH"},{"data":"White Noise","floor":15,"key":"SMITH"}],"neow_cost":"NONE","seed_source_timestamp":37674762689300,"circlet_count":0,"master_deck":["Strike_B","Strike_B","Strike_B","Strike_B","Defend_B","Defend_B","Defend_B","Defend_B","Zap","Dualcast","Redo","Hyperbeam+1","Self Repair+1","Hologram","Conserve Battery","Sunder+1","White Noise+1","Beam Cell+1","Defragment","Echo Form","Cold Snap+1","Auto Shields+1","Go for the Eyes"],"special_seed":0,"relics":["Cracked Core","Orichalcum","Girya","Question Card","Ornamental Fan","Busted Crown","Incense Burner","Sundial"],"potions_floor_usage":[23],"damage_taken":[{"damage":2.0,"enemies":"Jaw Worm","floor":1.0,"turns":4.0},{"damage":3.0,"enemies":"Cultist","floor":3.0,"turns":3.0},{"damage":0.0,"enemies":"Small Slimes","floor":5.0,"turns":2.0},{"damage":8.0,"enemies":"3 Sentries","floor":7.0,"turns":3.0},{"damage":5.0,"enemies":"Looter","floor":8.0,"turns":3.0},{"damage":8.0,"enemies":"Gremlin Nob","floor":11.0,"turns":4.0},{"damage":5,"enemies":"Exordium Thugs","floor":14,"turns":2},{"damage":45,"enemies":"The Guardian","floor":16,"turns":12},{"damage":6,"enemies":"3 Byrds","floor":18,"turns":2},{"damage":21,"enemies":"2 Thieves","floor":19,"turns":4},{"damage":21,"enemies":"Colosseum Slavers","floor":20,"turns":2},{"damage":27,"enemies":"Colosseum Nobs","floor":20,"turns":4},{"damage":0,"enemies":"3 Cultists","floor":22,"turns":3},{"damage":5,"enemies":"Slavers","floor":23,"turns":1}],"seed_played":"1537792093599100946","potions_obtained":[{"floor":3.0,"key":"LiquidBronze"},{"floor":5.0,"key":"Ancient Potion"},{"floor":7.0,"key":"AttackPotion"},{"floor":19,"key":"Block Potion"}],"is_trial":false,"path_per_floor":["M","?","M","$","M","R","E","M","T","R","E","$","R","M","R","B",null,"M","M","?","?","M","E"],"character_chosen":"DEFECT","items_purchased":["Hyperbeam","Orichalcum","Self Repair","Hologram","Defragment"],"campfire_rested":0,"item_purchase_floors":[4,4,4,4,12],"current_hp_per_floor":[73,73,70,70,70,70,69,71,71,71,70,70,70,72,72,34,65,66,52,4,4,4,0],"gold":356,"neow_bonus":"HUNDRED_GOLD","is_prod":false,"is_daily":false,"chose_seed":false,"campfire_upgraded":4,"win_rate":0,"timestamp":1550258849,"path_taken":["M","?","?","$","M","R","E","M","T","R","E","?","R","?","R","BOSS","M","?","?","?","M","E"],"build_version":"2019-01-23","purchased_purges":1,"victory":false,"max_hp_per_floor":[75,75,75,75,75,75,75,75,75,75,75,75,75,75,75,75,75,75,75,75,75,75,75],"card_choices":[{"not_picked":["Rebound","Turbo","Double Energy"],"picked":"SKIP","floor":1.0},{"not_picked":["Gash","Steam Power"],"picked":"Redo","floor":3.0},{"not_picked":["Stack","Lockon"],"picked":"Conserve Battery","floor":5.0},{"not_picked":["Chaos","Blizzard"],"picked":"Sunder","floor":7.0},{"not_picked":["Barrage","Streamline"],"picked":"White Noise","floor":8.0},{"not_picked":["Turbo","Conserve Battery","Auto Shields"],"picked":"Beam Cell","floor":11.0},{"not_picked":["Stack","Conserve Battery","Redo","Steam Power"],"picked":"SKIP","floor":14},{"not_picked":["Amplify","Meteor Strike","Creative AI"],"picked":"Echo Form","floor":16},{"not_picked":["Barrage+1"],"picked":"Cold Snap+1","floor":18},{"not_picked":["Gash","Darkness"],"picked":"SKIP","floor":19},{"not_picked":["Barrage+1"],"picked":"Auto Shields+1","floor":20},{"not_picked":["Darkness+1"],"picked":"Go for the Eyes","floor":22}],"player_experience":191914,"relics_obtained":[{"floor":7.0,"key":"Girya"},{"floor":9.0,"key":"Question Card"},{"floor":11.0,"key":"Ornamental Fan"},{"floor":20,"key":"Incense Burner"},{"floor":20,"key":"Sundial"}],"event_choices":[{"damage_healed":0.0,"max_hp_gain":0.0,"max_hp_loss":0.0,"gold_gain":275.0,"event_name":"Golden Shrine","player_choice":"Desecrate","floor":2.0,"gold_loss":0.0,"damage_taken":0.0,"cards_obtained":["Regret"]},{"damage_healed":0,"gold_gain":0,"player_choice":"Fight","damage_taken":0,"max_hp_gain":0,"max_hp_loss":0,"event_name":"Colosseum","floor":20,"gold_loss":0},{"damage_healed":0,"gold_gain":0,"player_choice":"Fought Nobs","damage_taken":0,"max_hp_gain":0,"max_hp_loss":0,"event_name":"Colosseum","floor":20,"gold_loss":0},{"damage_healed":0,"gold_gain":0,"player_choice":"Upgrade","damage_taken":0,"max_hp_gain":0,"max_hp_loss":0,"event_name":"Designer","floor":21,"gold_loss":40,"cards_upgraded":["Self Repair"]}],"is_beta":false,"boss_relics":[{"not_picked":["Fusion Hammer","Nuclear Battery"],"picked":"Busted Crown"}],"items_purged_floors":[4],"is_endless":false,"potions_floor_spawned":[3,5,7,8,16,19,20,20],"killed_by":"Slavers","ascension_level":5}