{"gold_per_floor":[112,287,212,212,212,246,265,265,292,349,367,367,114,114,114,114],"floor_reached":16,"playtime":626,"items_purged":["Doubt"],"score":163,"play_id":"e3f7702c-cbd7-43c9-8d13-ad26e4471883","local_time":"20190210161214","is_ascension_mode":true,"campfire_choices":[{"data":"Neutralize","floor":8,"key":"SMITH"},{"data":"Footwork","floor":12,"key":"SMITH"},{"floor":15,"key":"REST"}],"neow_cost":"NONE","seed_source_timestamp":2520031145929674,"circlet_count":0,"master_deck":["Defend_G","Defend_G","Defend_G","Defend_G","Strike_G","Strike_G","Strike_G","Strike_G","Survivor","Neutralize+1","Dagger Spray","Acrobatics","Quick Slash","Deadly Poison","Footwork+1"],"relics":["Ring of the Snake","NeowsBlessing","Question Card","Regal Pillow","Meat on the Bone","Letter Opener"],"potions_floor_usage":[10,16],"damage_taken":[{"damage":0,"enemies":"Small Slimes","floor":1,"turns":1},{"damage":0,"enemies":"3 Sentries","floor":6,"turns":1},{"damage":0,"enemies":"Jaw Worm","floor":7,"turns":1},{"damage":6,"enemies":"Gremlin Nob","floor":10,"turns":3},{"damage":2,"enemies":"2 Louse","floor":11,"turns":2},{"damage":91,"enemies":"Hexaghost","floor":16,"turns":16}],"seed_played":"-3687463776844371395","potions_obtained":[{"floor":1,"key":"FearPotion"},{"floor":11,"key":"Regen Potion"}],"is_trial":false,"path_per_floor":["M","?","$","?","?","E","M","R","T","?","M","R","$","?","R","B"],"character_chosen":"THE_SILENT","items_purchased":["Letter Opener"],"campfire_rested":1,"item_purchase_floors":[13],"current_hp_per_floor":[63,63,63,68,61,61,61,61,61,55,53,53,53,53,75,0],"gold":114,"neow_bonus":"THREE_ENEMY_KILL","is_prod":false,"is_daily":false,"chose_seed":false,"campfire_upgraded":2,"win_rate":0,"timestamp":1549843934,"path_taken":["M","?","$","?","?","E","M","R","T","?","M","R","?","?","R","BOSS"],"build_version":"2019-01-23","purchased_purges":1,"victory":false,"max_hp_per_floor":[70,70,70,75,75,75,75,75,75,75,75,75,75,75,75,75],"card_choices":[{"not_picked":["Reflex","Prepared"],"picked":"Dagger Spray","floor":1},{"not_picked":["Outmaneuver","Terror"],"picked":"Acrobatics","floor":6},{"not_picked":["Finisher","Acrobatics","Reflex"],"picked":"Quick Slash","floor":7},{"not_picked":["Night Terror","Endless Agony","Eviscerate"],"picked":"Deadly Poison","floor":10},{"not_picked":["Dagger Throw","Blade Dance","Underhanded Strike"],"picked":"Footwork","floor":11}],"player_experience":334293,"relics_obtained":[{"floor":6,"key":"Question Card"},{"floor":9,"key":"Regal Pillow"},{"floor":10,"key":"Meat on the Bone"}],"event_choices":[{"damage_healed":0,"gold_gain":175,"player_choice":"AGREE","damage_taken":0,"max_hp_gain":0,"max_hp_loss":0,"event_name":"Liars Game","floor":2,"gold_loss":0,"cards_obtained":["Doubt"]},{"damage_healed":0,"gold_gain":0,"player_choice":"Donut","damage_taken":0,"max_hp_gain":5,"max_hp_loss":0,"event_name":"Big Fish","floor":4,"gold_loss":0},{"cards_removed":["Strike_G"],"damage_healed":0,"gold_gain":0,"player_choice":"Card Removal","damage_taken":7,"max_hp_gain":0,"max_hp_loss":0,"event_name":"Golden Wing","floor":5,"gold_loss":0},{"damage_healed":0,"gold_gain":0,"player_choice":"Searched \u00271\u0027 times","damage_taken":0,"max_hp_gain":0,"max_hp_loss":0,"event_name":"Dead Adventurer","floor":10,"gold_loss":0},{"cards_removed":["Defend_G"],"damage_healed":0,"gold_gain":0,"player_choice":"Forget","damage_taken":0,"max_hp_gain":0,"max_hp_loss":0,"event_name":"Living Wall","floor":14,"gold_loss":0}],"is_beta":false,"boss_relics":[],"items_purged_floors":[3],"is_endless":false,"potions_floor_spawned":[1,11],"killed_by":"Hexaghost","ascension_level":7}