{"gold_per_floor":[115,190,201,214,164,164,196,196,221,248,248,265,265,265,265,369,369,389,61,71,71,71,71,71,101,128,156,171,188,188,113,113,210,210,226,276,100,200,213,213,227,227,251,9,9,21,36,36,36,36,36,36,36,65,65],"floor_reached":56,"playtime":2459,"items_purged":["Strike_R","Strike_R"],"score":1246,"play_id":"d2c11a9d-6a5a-4977-ae33-f735817a0584","local_time":"20181229172520","is_ascension_mode":false,"campfire_choices":[{"data":"Bash","floor":6.0,"key":"SMITH"},{"floor":8.0,"key":"RECALL"},{"data":"Feed","floor":11.0,"key":"SMITH"},{"data":"Clothesline","floor":13.0,"key":"SMITH"},{"floor":15.0,"key":"REST"},{"data":"Barricade","floor":23.0,"key":"SMITH"},{"data":"Metallicize","floor":30.0,"key":"SMITH"},{"data":"Inflame","floor":32.0,"key":"SMITH"},{"data":"Demon Form","floor":40.0,"key":"SMITH"},{"data":"Heavy Blade","floor":42.0,"key":"SMITH"},{"data":"Shockwave","floor":49.0,"key":"SMITH"},{"data":"Sword Boomerang","floor":52.0,"key":"SMITH"}],"neow_cost":"NONE","seed_source_timestamp":698178585186771,"circlet_count":0,"master_deck":["Strike_R","Strike_R","Defend_R","Defend_R","Defend_R+1","Defend_R","Bash+1","Metallicize+1","Iron Wave","Seeing Red","Thunderclap+1","Feed+1","Clothesline+1","Barricade+1","Sword Boomerang+1","Inflame","True Grit","Heavy Blade+1","Ghostly","Ghostly","Ghostly","Ghostly","Ghostly","Reaper","Inflame+1","Twin Strike","Demon Form+1","Shrug It Off","Shockwave+1","Parasite","Dual Wield+1","Doubt","Regret"],"special_seed":0,"relics":["Burning Blood","NeowsBlessing","Bronze Scales","StoneCalendar","Busted Crown","OrangePellets","Oddly Smooth Stone","Bag of Preparation","Sundial","Cursed Key","Magic Flower","FossilizedHelix","Anchor","Pantograph","Shuriken","Strawberry"],"potions_floor_usage":[55,55],"damage_taken":[{"damage":0.0,"enemies":"Jaw Worm","floor":1.0,"turns":1.0},{"damage":0.0,"enemies":"2 Louse","floor":3.0,"turns":1.0},{"damage":0.0,"enemies":"Cultist","floor":4.0,"turns":1.0},{"damage":29.0,"enemies":"3 Sentries","floor":7.0,"turns":10.0},{"damage":19.0,"enemies":"Gremlin Nob","floor":10.0,"turns":5.0},{"damage":12.0,"enemies":"Looter","floor":12.0,"turns":3.0},{"damage":18.0,"enemies":"The Guardian","floor":16.0,"turns":9.0},{"damage":1.0,"enemies":"Chosen","floor":18.0,"turns":6.0},{"damage":7.0,"enemies":"Shell Parasite","floor":20.0,"turns":5.0},{"damage":13.0,"enemies":"Book of Stabbing","floor":25.0,"turns":7.0},{"damage":1.0,"enemies":"Slavers","floor":27.0,"turns":7.0},{"damage":0.0,"enemies":"Snake Plant","floor":28.0,"turns":6.0},{"damage":3.0,"enemies":"3 Cultists","floor":29.0,"turns":5.0},{"damage":20.0,"enemies":"Collector","floor":33.0,"turns":9.0},{"damage":7.0,"enemies":"3 Darklings","floor":35.0,"turns":4.0},{"damage":23.0,"enemies":"2 Orb Walkers","floor":36.0,"turns":6.0},{"damage":0.0,"enemies":"Mind Bloom Boss Battle","floor":38.0,"turns":7.0},{"damage":12.0,"enemies":"3 Shapes","floor":39.0,"turns":7.0},{"damage":0.0,"enemies":"Writhing Mass","floor":41.0,"turns":6.0},{"damage":0.0,"enemies":"Sphere and 2 Shapes","floor":46.0,"turns":5.0},{"damage":0.0,"enemies":"4 Shapes","floor":47.0,"turns":7.0},{"damage":95.0,"enemies":"Donu and Deca","floor":50.0,"turns":12.0},{"damage":12.0,"enemies":"Shield and Spear","floor":54.0,"turns":7.0},{"damage":29,"enemies":"The Heart","floor":55,"turns":12}],"seed_played":"-8775167293305070426","potions_obtained":[{"floor":1.0,"key":"EssenceOfSteel"},{"floor":4.0,"key":"Dexterity Potion"},{"floor":10.0,"key":"Block Potion"},{"floor":25.0,"key":"Strength Potion"},{"floor":33.0,"key":"Swift Potion"},{"floor":36.0,"key":"Block Potion"},{"floor":54.0,"key":"PowerPotion"}],"is_trial":false,"path_per_floor":["M","?","M","M","?","R","E","R","T","E","R","M","R","?","R","B",null,"M","$","M","$","?","R","?","E","T","E","M","M","R","$","R","B",null,"M","?","$","?","M","R","M","R","T","$","?","M","M","T","R","B",null,"R","$","E","B",null],"character_chosen":"IRONCLAD","items_purchased":["OrangePellets","Inflame","True Grit","Shockwave","Pantograph"],"campfire_rested":1,"item_purchase_floors":[19,19,19,37,44],"current_hp_per_floor":[80,69,75,80,80,80,57,57,57,44,44,38,38,22,46,34,80,84,84,83,83,42,42,42,44,44,46,50,54,54,54,54,54,54,57,53,53,58,60,60,62,62,62,62,62,62,66,66,66,21,66,66,66,77,57],"gold":65,"neow_bonus":"THREE_ENEMY_KILL","is_prod":false,"is_daily":false,"chose_seed":false,"campfire_upgraded":10,"win_rate":0,"timestamp":1546097120,"path_taken":["M","?","M","M","?","R","E","R","T","E","R","M","R","?","R","BOSS","M","$","M","$","?","R","?","E","T","E","?","M","R","$","R","BOSS","M","?","$","?","M","R","M","R","T","?","?","?","M","?","R","BOSS","R","$","E","BOSS"],"build_version":"2018-12-20","purchased_purges":2,"victory":true,"max_hp_per_floor":[80,80,80,80,80,80,80,80,80,80,80,80,80,80,80,80,80,84,84,84,84,42,42,42,46,46,46,50,54,54,54,54,54,54,58,58,58,58,62,62,62,62,62,62,62,62,66,66,66,66,66,66,66,77,77],"card_choices":[{"not_picked":["Shockwave","Sentinel"],"picked":"Metallicize","floor":1.0},{"not_picked":["True Grit","Body Slam"],"picked":"Iron Wave","floor":3.0},{"not_picked":["True Grit","Flex"],"picked":"Seeing Red","floor":4.0},{"not_picked":["Cleave","Anger"],"picked":"Thunderclap","floor":7.0},{"not_picked":["Perfected Strike","Sever Soul"],"picked":"Feed","floor":10.0},{"not_picked":["Cleave","Perfected Strike"],"picked":"Clothesline","floor":12.0},{"not_picked":["Impervious","Immolate"],"picked":"Barricade","floor":16.0},{"not_picked":[],"picked":"Sword Boomerang","floor":18.0},{"not_picked":[],"picked":"Heavy Blade","floor":20.0},{"not_picked":[],"picked":"Inflame","floor":25.0},{"not_picked":["Sword Boomerang"],"picked":"SKIP","floor":27.0},{"not_picked":["Anger"],"picked":"SKIP","floor":28.0},{"not_picked":[],"picked":"Twin Strike","floor":29.0},{"not_picked":[],"picked":"Demon Form","floor":33.0},{"not_picked":["Wild Strike"],"picked":"SKIP","floor":35.0},{"not_picked":[],"picked":"Shrug It Off","floor":36.0},{"not_picked":["Clash+1"],"picked":"SKIP","floor":39.0},{"not_picked":[],"picked":"Dual Wield+1","floor":41.0},{"not_picked":["Thunderclap"],"picked":"SKIP","floor":46.0},{"not_picked":["Armaments"],"picked":"SKIP","floor":47.0},{"not_picked":["Warcry"],"picked":"SKIP","floor":54.0}],"player_experience":51766,"relics_obtained":[{"floor":7.0,"key":"Bronze Scales"},{"floor":10.0,"key":"StoneCalendar"},{"floor":25.0,"key":"Oddly Smooth Stone"},{"floor":26.0,"key":"Bag of Preparation"},{"floor":27.0,"key":"Sundial"},{"floor":36.0,"key":"Magic Flower"},{"floor":38.0,"key":"FossilizedHelix"},{"floor":43.0,"key":"Anchor"},{"floor":48.0,"key":"Shuriken"},{"floor":54.0,"key":"Strawberry"}],"event_choices":[{"damage_healed":0.0,"max_hp_gain":0.0,"max_hp_loss":0.0,"gold_gain":75.0,"event_name":"World of Goop","player_choice":"Gather Gold","floor":2.0,"gold_loss":0.0,"damage_taken":11.0},{"cards_removed":["Strike_R"],"damage_healed":0.0,"max_hp_gain":0.0,"max_hp_loss":0.0,"gold_gain":0.0,"event_name":"The Cleric","player_choice":"Card Removal","floor":5.0,"gold_loss":50.0,"damage_taken":0.0},{"damage_healed":0.0,"max_hp_gain":0.0,"max_hp_loss":0.0,"gold_gain":0.0,"event_name":"Shining Light","player_choice":"Entered Light","floor":14.0,"gold_loss":0.0,"damage_taken":16.0,"cards_upgraded":["Thunderclap","Defend_R"]},{"damage_healed":0.0,"max_hp_gain":0.0,"max_hp_loss":42.0,"gold_gain":0.0,"event_name":"Ghosts","player_choice":"Became a Ghost","floor":22.0,"gold_loss":0.0,"damage_taken":0.0,"cards_obtained":["Ghostly","Ghostly","Ghostly","Ghostly","Ghostly"]},{"damage_healed":0.0,"max_hp_gain":0.0,"max_hp_loss":0.0,"gold_gain":0.0,"event_name":"Match and Keep!","player_choice":"1 cards matched","floor":24.0,"gold_loss":0.0,"damage_taken":0.0,"cards_obtained":["Reaper"]},{"damage_healed":0.0,"max_hp_gain":0.0,"max_hp_loss":0.0,"gold_gain":0.0,"event_name":"Mysterious Sphere","player_choice":"Fight","floor":36.0,"gold_loss":0.0,"damage_taken":0.0},{"damage_healed":0.0,"max_hp_gain":0.0,"max_hp_loss":0.0,"gold_gain":0.0,"event_name":"MindBloom","player_choice":"Fight","floor":38.0,"gold_loss":0.0,"damage_taken":0.0},{"damage_healed":0.0,"max_hp_gain":0.0,"max_hp_loss":0.0,"gold_gain":0.0,"event_name":"SensoryStone","player_choice":"Memory 1","floor":45.0,"gold_loss":0.0,"damage_taken":0.0}],"is_beta":false,"boss_relics":[{"not_picked":["Eternal Feather","Philosopher\u0027s Stone"],"picked":"Busted Crown"},{"not_picked":["Velvet Choker","Runic Dome"],"picked":"Cursed Key"}],"items_purged_floors":[31,37],"is_endless":false,"potions_floor_spawned":[1,4,10,12,25,29,33,36,46,54],"ascension_level":0}