{"gold_per_floor":[14,89,89,108,122,147,147,181,258,258],"floor_reached":10,"playtime":562,"items_purged":[],"score":133,"play_id":"f26a40e9-a2a8-465a-b9ab-1ef5fbceacac","local_time":"20190224220536","is_ascension_mode":true,"campfire_choices":[{"floor":7.0,"key":"REST"}],"neow_cost":"NO_GOLD","seed_source_timestamp":790403563783334,"circlet_count":0,"master_deck":["AscendersBane","Strike_R","Strike_R","Strike_R","Strike_R","Defend_R","Defend_R","Defend_R","Bash+1","Rampage","Heavy Blade","Pommel Strike","True Grit","Warcry"],"special_seed":0,"relics":["Burning Blood","Calipers","Centennial Puzzle","Question Card"],"potions_floor_usage":[8],"damage_taken":[{"damage":12.0,"enemies":"Small Slimes","floor":1.0,"turns":3.0},{"damage":10.0,"enemies":"2 Louse","floor":4.0,"turns":3.0},{"damage":1.0,"enemies":"Cultist","floor":5.0,"turns":3.0},{"damage":35.0,"enemies":"3 Sentries","floor":6.0,"turns":9.0},{"damage":30,"enemies":"Lagavulin","floor":8,"turns":7},{"damage":0,"enemies":"Gremlin Gang","floor":10,"turns":1}],"seed_played":"5786700259098501143","potions_obtained":[{"floor":1.0,"key":"Weak Potion"},{"floor":8,"key":"Poison Potion"}],"is_trial":false,"path_per_floor":["M","?","?","M","M","E","R","E","T","M"],"character_chosen":"IRONCLAD","items_purchased":[],"campfire_rested":1,"item_purchase_floors":[],"current_hp_per_floor":[62,51,51,47,52,23,45,21,21,21],"gold":258,"neow_bonus":"REMOVE_TWO","is_prod":false,"is_daily":false,"chose_seed":false,"campfire_upgraded":0,"win_rate":0,"timestamp":1551074736,"path_taken":["M","?","?","?","M","E","R","E","T","?"],"build_version":"2019-01-23","purchased_purges":0,"victory":false,"max_hp_per_floor":[75,75,75,75,75,75,75,75,75,75],"card_choices":[{"not_picked":["Carnage","Havoc"],"picked":"Rampage","floor":1.0},{"not_picked":["Armaments","Evolve"],"picked":"Heavy Blade","floor":4.0},{"not_picked":["Rage","Cleave"],"picked":"Pommel Strike","floor":5.0},{"not_picked":["Limit Break","Havoc"],"picked":"True Grit","floor":6.0},{"not_picked":["Perfected Strike","Second Wind"],"picked":"Warcry","floor":8}],"player_experience":497522,"relics_obtained":[{"floor":6.0,"key":"Calipers"},{"floor":8,"key":"Centennial Puzzle"},{"floor":9,"key":"Question Card"}],"event_choices":[{"damage_healed":0.0,"max_hp_gain":0.0,"max_hp_loss":0.0,"gold_gain":75.0,"event_name":"World of Goop","player_choice":"Gather Gold","floor":2.0,"gold_loss":0.0,"damage_taken":11.0},{"damage_healed":0.0,"max_hp_gain":0.0,"max_hp_loss":0.0,"gold_gain":0.0,"event_name":"Accursed Blacksmith","player_choice":"Forge","floor":3.0,"gold_loss":0.0,"damage_taken":0.0,"cards_upgraded":["Bash"]}],"is_beta":false,"boss_relics":[],"items_purged_floors":[],"is_endless":false,"potions_floor_spawned":[1,8],"killed_by":"Gremlin Gang","ascension_level":15}