{"gold_per_floor":[119,130,305,316,94,94,123,123,123,139,167,186,220,220,220,318,318,337,353,353,370,370,396,408,420,481,525,537,565,577,617,629,740,752,776,803,815,827,839,881,993,1005,1041,661,681,95,95,106,106,106],"floor_reached":51,"playtime":4259,"items_purged":["Doubt","Strike_R","Defend_R"],"score":813,"play_id":"7edf7ab0-9bea-4a18-b4c3-a6adf354290e","local_time":"20190109044630","is_ascension_mode":true,"campfire_choices":[{"data":"Pommel Strike","floor":8,"key":"SMITH"},{"floor":15,"key":"REST"},{"data":"Whirlwind","floor":24,"key":"SMITH"},{"data":"Metallicize","floor":28,"key":"SMITH"},{"floor":30,"key":"REST"},{"floor":32,"key":"REST"},{"floor":47,"key":"REST"},{"data":"Berserk","floor":49,"key":"SMITH"}],"neow_cost":"NONE","seed_source_timestamp":806173330350770,"circlet_count":0,"master_deck":["Strike_R","Defend_R","Bash+1","Iron Wave","Flex","Sword Boomerang+1","Pommel Strike+1","Whirlwind+1","Cleave","Sentinel","Battle Trance","Immolate","Headbutt+1","Twin Strike+1","Metallicize+1","Iron Wave","Brutality","Offering","Juggernaut","Berserk+1","Pommel Strike+1","Shrug It Off","Swift Strike","Pommel Strike","Parasite","Flame Barrier"],"relics":["Burning Blood","Vajra","Juzu Bracelet","Incense Burner","Mummified Hand","Odd Mushroom","Pen Nib","Astrolabe","MawBank","Centennial Puzzle","Potion Belt","StoneCalendar","Regal Pillow","Mark of Pain","Gremlin Horn","Thread and Needle","Ornamental Fan","Anchor","Whetstone","Happy Flower","Toolbox","Self Forming Clay"],"potions_floor_usage":[10,13,16,27,33,40,41,50,50],"damage_taken":[{"damage":7,"enemies":"Small Slimes","floor":1,"turns":3},{"damage":4,"enemies":"Jaw Worm","floor":2,"turns":4},{"damage":1,"enemies":"Cultist","floor":4,"turns":3},{"damage":35,"enemies":"Lagavulin","floor":7,"turns":8},{"damage":0,"enemies":"Large Slime","floor":10,"turns":5},{"damage":13,"enemies":"The Mushroom Lair","floor":11,"turns":4},{"damage":6,"enemies":"Blue Slaver","floor":12,"turns":4},{"damage":12,"enemies":"3 Sentries","floor":13,"turns":4},{"damage":29,"enemies":"Slime Boss","floor":16,"turns":6},{"damage":2,"enemies":"2 Thieves","floor":18,"turns":2},{"damage":19,"enemies":"Spheric Guardian","floor":19,"turns":4},{"damage":16,"enemies":"3 Cultists","floor":21,"turns":3},{"damage":15,"enemies":"Slavers","floor":23,"turns":3},{"damage":7,"enemies":"Book of Stabbing","floor":27,"turns":3},{"damage":21,"enemies":"Snake Plant","floor":29,"turns":3},{"damage":12,"enemies":"Slavers","floor":31,"turns":3},{"damage":62,"enemies":"Collector","floor":33,"turns":8},{"damage":2,"enemies":"3 Darklings","floor":35,"turns":3},{"damage":6,"enemies":"Orb Walker","floor":36,"turns":2},{"damage":29,"enemies":"Reptomancer","floor":40,"turns":3},{"damage":24,"enemies":"Mind Bloom Boss Battle","floor":41,"turns":6},{"damage":10,"enemies":"Writhing Mass","floor":45,"turns":5},{"damage":1,"enemies":"3 Darklings","floor":48,"turns":1},{"damage":33,"enemies":"Donu and Deca","floor":50,"turns":7}],"seed_played":"4767742175078678472","potions_obtained":[{"floor":2,"key":"Strength Potion"},{"floor":4,"key":"LiquidBronze"},{"floor":7,"key":"Dexterity Potion"},{"floor":21,"key":"Block Potion"},{"floor":27,"key":"LiquidBronze"},{"floor":33,"key":"Block Potion"},{"floor":36,"key":"SkillPotion"},{"floor":41,"key":"Swift Potion"},{"floor":48,"key":"Poison Potion"}],"is_trial":false,"path_per_floor":["M","M","?","M","$","?","E","R","T","M","?","M","E","?","R","B",null,"M","M","?","M","?","E","R","T","T","E","R","M","R","E","R","B",null,"M","M","?","?","?","E","?","T","T","$","M","$","R","M","R","B",null],"character_chosen":"IRONCLAD","items_purchased":["Juzu Bracelet","Whetstone","Happy Flower","Toolbox","Self Forming Clay"],"campfire_rested":4,"item_purchase_floors":[5,44,44,46,46],"current_hp_per_floor":[79,80,80,80,80,85,56,56,56,62,55,55,49,49,74,51,85,85,72,72,62,62,53,53,53,53,52,52,37,62,56,85,29,85,85,85,85,85,85,62,44,44,44,44,40,40,80,85,85,58],"gold":106,"neow_bonus":"RANDOM_COMMON_RELIC","is_prod":false,"is_daily":false,"chose_seed":false,"campfire_upgraded":4,"win_rate":0,"timestamp":1547037990,"path_taken":["M","M","?","M","$","?","E","R","T","M","?","M","E","?","R","BOSS","M","M","?","M","?","E","R","?","T","E","R","M","R","E","R","BOSS","M","M","?","?","?","E","?","?","T","?","M","$","R","M","R","BOSS"],"build_version":"2019-01-03v4","purchased_purges":3,"victory":true,"max_hp_per_floor":[80,80,80,80,80,85,85,85,85,85,85,85,85,85,85,85,85,85,85,85,85,85,85,85,85,85,85,85,85,85,85,85,85,85,85,85,85,85,85,85,85,85,85,85,85,85,85,85,85,85],"card_choices":[{"not_picked":["Twin Strike","Power Through"],"picked":"Iron Wave","floor":1},{"not_picked":["Reckless Charge","Infernal Blade"],"picked":"Flex","floor":2},{"not_picked":["True Grit","Wild Strike"],"picked":"Sword Boomerang","floor":4},{"not_picked":["Inflame","Flex"],"picked":"Pommel Strike","floor":7},{"not_picked":["Clothesline","Corruption"],"picked":"Whirlwind","floor":10},{"not_picked":["Entrench","Headbutt"],"picked":"Cleave","floor":11},{"not_picked":["Hemokinesis","Intimidate"],"picked":"Sentinel","floor":12},{"not_picked":["Body Slam","True Grit"],"picked":"Battle Trance","floor":13},{"not_picked":["Juggernaut","Feed"],"picked":"Immolate","floor":16},{"not_picked":["Perfected Strike","Battle Trance"],"picked":"Metallicize","floor":18},{"not_picked":["Intimidate","Feel No Pain"],"picked":"Iron Wave","floor":19},{"not_picked":["Spot Weakness","Dual Wield"],"picked":"True Grit+1","floor":21},{"not_picked":["Warcry","Havoc","Wild Strike"],"picked":"SKIP","floor":23},{"not_picked":["Power Through","Disarm","Spot Weakness"],"picked":"SKIP","floor":27},{"not_picked":["Ghostly Armor+1","Havoc"],"picked":"Juggernaut","floor":29},{"not_picked":["Uppercut","Hemokinesis","Twin Strike"],"picked":"SKIP","floor":31},{"not_picked":["Demon Form","Limit Break"],"picked":"Berserk","floor":33},{"not_picked":["Anger+1","Entrench"],"picked":"Pommel Strike+1","floor":35},{"not_picked":["Burning Pact","Headbutt"],"picked":"Shrug It Off","floor":36},{"not_picked":["Purity","Bandage Up"],"picked":"Swift Strike","floor":37},{"not_picked":["Searing Blow","Wild Strike+1","Bludgeon"],"picked":"SKIP","floor":40},{"not_picked":["Perfected Strike+1","Second Wind"],"picked":"Pommel Strike","floor":41},{"not_picked":["Ghostly Armor","Rupture"],"picked":"Flame Barrier","floor":45},{"not_picked":["Shrug It Off","Headbutt+1","Hemokinesis+1"],"picked":"SKIP","floor":48}],"player_experience":67027,"relics_obtained":[{"floor":7,"key":"Incense Burner"},{"floor":9,"key":"Mummified Hand"},{"floor":11,"key":"Odd Mushroom"},{"floor":13,"key":"Pen Nib"},{"floor":23,"key":"MawBank"},{"floor":25,"key":"Centennial Puzzle"},{"floor":26,"key":"Potion Belt"},{"floor":27,"key":"StoneCalendar"},{"floor":31,"key":"Regal Pillow"},{"floor":40,"key":"Gremlin Horn"},{"floor":41,"key":"Thread and Needle"},{"floor":42,"key":"Ornamental Fan"},{"floor":43,"key":"Anchor"}],"event_choices":[{"damage_healed":0,"gold_gain":175,"player_choice":"AGREE","damage_taken":0,"max_hp_gain":0,"max_hp_loss":0,"event_name":"Liars Game","floor":3,"gold_loss":0,"cards_obtained":["Doubt"]},{"damage_healed":0,"gold_gain":0,"player_choice":"Donut","damage_taken":0,"max_hp_gain":5,"max_hp_loss":0,"event_name":"Big Fish","floor":6,"gold_loss":0},{"damage_healed":0,"gold_gain":0,"player_choice":"Fought Mushrooms","damage_taken":0,"max_hp_gain":0,"max_hp_loss":0,"event_name":"Mushrooms","floor":11,"gold_loss":0},{"damage_healed":0,"gold_gain":0,"cards_transformed":["Strike_R"],"player_choice":"Transformed","damage_taken":0,"max_hp_gain":0,"max_hp_loss":0,"event_name":"Transmorgrifier","floor":14,"gold_loss":0,"cards_obtained":["Disarm"]},{"damage_healed":0,"gold_gain":0,"cards_transformed":["Entrench","Strike_R"],"player_choice":"Became Test Subject","damage_taken":0,"max_hp_gain":0,"max_hp_loss":0,"event_name":"Drug Dealer","floor":20,"gold_loss":0,"cards_obtained":["Brutality","Offering"]},{"cards_removed":["Defend_R"],"damage_healed":0,"gold_gain":0,"player_choice":"Elegance","damage_taken":0,"max_hp_gain":0,"max_hp_loss":0,"event_name":"Back to Basics","floor":22,"gold_loss":0},{"damage_healed":0,"gold_gain":0,"player_choice":"Memory 1","damage_taken":0,"max_hp_gain":0,"max_hp_loss":0,"event_name":"SensoryStone","floor":37,"gold_loss":0},{"damage_healed":0,"gold_gain":0,"player_choice":"Ignored","damage_taken":0,"max_hp_gain":0,"max_hp_loss":0,"event_name":"Tomb of Lord Red Mask","floor":38,"gold_loss":0},{"cards_removed":["True Grit"],"damage_healed":0,"gold_gain":0,"player_choice":"Removed Skill","damage_taken":0,"max_hp_gain":0,"max_hp_loss":0,"event_name":"Falling","floor":39,"gold_loss":0},{"damage_healed":0,"gold_gain":0,"player_choice":"Fight","damage_taken":0,"max_hp_gain":0,"max_hp_loss":0,"event_name":"MindBloom","floor":41,"gold_loss":0}],"is_beta":false,"boss_relics":[{"not_picked":["Runic Dome","Runic Cube"],"picked":"Astrolabe"},{"not_picked":["Black Star","Empty Cage"],"picked":"Mark of Pain"}],"items_purged_floors":[5,44,46],"is_endless":false,"potions_floor_spawned":[2,4,7,21,27,33,36,41,48],"ascension_level":2}