{"gold_per_floor":[116,116,132,142,317,317,342,342,365,123,140,90,90,40,40,138,138,158,158,158,172,172,172],"floor_reached":23,"playtime":834,"items_purged":["Defend_R","Strike_R","Doubt"],"score":234,"play_id":"354b1020-0db5-48a2-8ce1-b6b5d3452861","local_time":"20190207094518","is_ascension_mode":true,"campfire_choices":[{"data":"Flex","floor":6,"key":"SMITH"},{"floor":8,"key":"REST"},{"floor":13,"key":"REST"},{"data":"Uppercut","floor":15,"key":"SMITH"}],"neow_cost":"NONE","seed_source_timestamp":2237396380482167,"circlet_count":0,"master_deck":["Strike_R","Strike_R","Strike_R","Strike_R","Defend_R","Defend_R","Defend_R","Bash","Flex+1","Whirlwind","Shrug It Off","Rampage","Uppercut+1","Offering","Shockwave","Purity","Bash","Twin Strike"],"relics":["Burning Blood","NeowsBlessing","Juzu Bracelet","Smiling Mask","Sling","Lizard Tail","MutagenicStrength","Enchiridion"],"potions_floor_usage":[16,16],"damage_taken":[{"damage":0,"enemies":"Cultist","floor":1,"turns":1},{"damage":0,"enemies":"Small Slimes","floor":3,"turns":1},{"damage":0,"enemies":"Jaw Worm","floor":4,"turns":1},{"damage":50,"enemies":"Gremlin Nob","floor":7,"turns":5},{"damage":12,"enemies":"Exordium Wildlife","floor":11,"turns":2},{"damage":57,"enemies":"Hexaghost","floor":16,"turns":10},{"damage":6,"enemies":"Chosen","floor":18,"turns":3},{"damage":28,"enemies":"Spheric Guardian","floor":21,"turns":4},{"damage":70,"enemies":"Book of Stabbing","floor":23,"turns":5}],"seed_played":"8882700963063276243","potions_obtained":[{"floor":3,"key":"Dexterity Potion"},{"floor":11,"key":"LiquidBronze"}],"is_trial":false,"path_per_floor":["M","$","M","M","?","R","E","R","T","$","M","$","R","$","R","B",null,"M","?","?","M","?","E"],"character_chosen":"IRONCLAD","items_purchased":["Sling"],"campfire_rested":2,"item_purchase_floors":[10],"current_hp_per_floor":[80,80,80,80,80,80,36,60,60,60,54,54,78,78,78,27,67,67,67,67,45,29,0],"gold":172,"neow_bonus":"THREE_ENEMY_KILL","is_prod":false,"is_daily":false,"chose_seed":false,"campfire_upgraded":2,"win_rate":0,"timestamp":1549561518,"path_taken":["M","$","M","?","?","R","E","R","T","?","M","$","R","?","R","BOSS","M","?","?","M","?","E"],"build_version":"2019-01-23","purchased_purges":3,"victory":false,"max_hp_per_floor":[80,80,80,80,80,80,80,80,80,80,80,80,80,80,80,80,80,80,80,80,80,80,80],"card_choices":[{"not_picked":["Body Slam","Entrench"],"picked":"Flex","floor":1},{"not_picked":["Ghostly Armor","Thunderclap"],"picked":"Whirlwind","floor":3},{"not_picked":["Carnage","Clash"],"picked":"Shrug It Off","floor":4},{"not_picked":["Infernal Blade","Perfected Strike"],"picked":"Rampage","floor":7},{"not_picked":["Sword Boomerang","Flex"],"picked":"Uppercut","floor":11},{"not_picked":["Reaper","Barricade"],"picked":"Offering","floor":16},{"not_picked":["Power Through","Pummel"],"picked":"Shockwave","floor":18},{"not_picked":["Headbutt","Body Slam+1"],"picked":"Twin Strike","floor":21}],"player_experience":259859,"relics_obtained":[{"floor":7,"key":"Juzu Bracelet"},{"floor":9,"key":"Smiling Mask"},{"floor":22,"key":"Enchiridion"}],"event_choices":[{"damage_healed":0,"gold_gain":175,"player_choice":"AGREE","damage_taken":0,"max_hp_gain":0,"max_hp_loss":0,"event_name":"Liars Game","floor":5,"gold_loss":0,"cards_obtained":["Doubt"]},{"damage_healed":0,"gold_gain":0,"player_choice":"Inject Mutagens","damage_taken":0,"relics_obtained":["MutagenicStrength"],"max_hp_gain":0,"max_hp_loss":0,"event_name":"Drug Dealer","floor":19,"gold_loss":0},{"damage_healed":0,"gold_gain":0,"player_choice":"2 cards matched","damage_taken":0,"max_hp_gain":0,"max_hp_loss":0,"event_name":"Match and Keep!","floor":20,"gold_loss":0,"cards_obtained":["Purity","Bash"]},{"damage_healed":0,"gold_gain":0,"player_choice":"2 cards matched","damage_taken":0,"max_hp_gain":0,"max_hp_loss":0,"event_name":"Match and Keep!","floor":20,"gold_loss":0,"cards_obtained":["Purity","Bash"]},{"damage_healed":0,"gold_gain":0,"player_choice":"Obtained Book","damage_taken":16,"max_hp_gain":0,"max_hp_loss":0,"event_name":"Cursed Tome","floor":22,"gold_loss":0}],"is_beta":false,"boss_relics":[{"not_picked":["Pandora\u0027s Box","Runic Cube"],"picked":"Lizard Tail"}],"items_purged_floors":[10,12,14],"is_endless":false,"potions_floor_spawned":[3,11],"killed_by":"Book of Stabbing","ascension_level":5}