{"gold_per_floor":[216,216,113,113,123,123,152,172,202,202,218,67,67,79,79,153,153,169,183,197,197,0,0],"floor_reached":23,"playtime":844,"items_purged":[],"score":325,"play_id":"c5f66be3-2034-43f8-8b68-f46e64564d56","local_time":"20190131224906","is_ascension_mode":true,"campfire_choices":[{"data":"Defragment","floor":6,"key":"SMITH"},{"data":"Coolheaded","floor":10,"key":"SMITH"},{"data":"Fission","floor":13,"key":"SMITH"},{"data":"Glacier","floor":15,"key":"SMITH"}],"neow_cost":"NONE","seed_source_timestamp":902369019005538,"circlet_count":0,"master_deck":["AscendersBane","Strike_B","Strike_B","Strike_B","Strike_B","Defend_B","Defend_B","Defend_B","Defend_B","Zap+1","Dualcast+1","Cold Snap","Defragment+1","Conserve Battery","Conserve Battery","Coolheaded+1","Genetic Algorithm","Glacier+1","Fission+1","Ball Lightning","Seek","Leap","Skim","BootSequence","Writhe"],"relics":["Cracked Core","Gremlin Horn","Tiny Chest","Velvet Choker","Bird Faced Urn","ClockworkSouvenir"],"potions_floor_usage":[16,16,20,23],"damage_taken":[{"damage":4,"enemies":"Small Slimes","floor":1,"turns":3},{"damage":8,"enemies":"Jaw Worm","floor":5,"turns":4},{"damage":5,"enemies":"Lagavulin","floor":7,"turns":8},{"damage":0,"enemies":"Cultist","floor":8,"turns":3},{"damage":4,"enemies":"Lots of Slimes","floor":11,"turns":4},{"damage":0,"enemies":"2 Fungi Beasts","floor":14,"turns":3},{"damage":9,"enemies":"Hexaghost","floor":16,"turns":10},{"damage":36,"enemies":"3 Byrds","floor":18,"turns":7},{"damage":0,"enemies":"Shell Parasite","floor":19,"turns":7},{"damage":4,"enemies":"Snake Plant","floor":20,"turns":5},{"damage":28,"enemies":"Book of Stabbing","floor":23,"turns":5}],"seed_played":"823216982135186750","potions_obtained":[{"floor":5,"key":"LiquidBronze"},{"floor":8,"key":"Ancient Potion"},{"floor":11,"key":"EssenceOfSteel"},{"floor":14,"key":"Weak Potion"},{"floor":19,"key":"GamblersBrew"},{"floor":20,"key":"LiquidBronze"}],"is_trial":false,"path_per_floor":["M","?","$","?","M","R","E","M","T","R","M","$","R","M","R","B",null,"M","M","M","?","$","E"],"character_chosen":"DEFECT","items_purchased":["Defragment","Conserve Battery","Fission","ClockworkSouvenir"],"campfire_rested":0,"item_purchase_floors":[3,3,12,22],"current_hp_per_floor":[60,60,60,60,52,52,47,47,47,47,43,43,43,43,43,34,62,26,26,22,22,22,0],"gold":0,"neow_bonus":"HUNDRED_GOLD","is_prod":false,"is_daily":false,"chose_seed":false,"campfire_upgraded":4,"win_rate":0,"timestamp":1548967746,"path_taken":["M","?","$","?","?","R","E","M","T","R","M","$","R","M","R","BOSS","M","?","M","?","$","E"],"build_version":"2019-01-23","purchased_purges":0,"victory":false,"max_hp_per_floor":[71,71,71,71,71,71,71,71,71,71,71,71,71,71,71,71,71,71,71,71,71,71,71],"card_choices":[{"not_picked":["Stack","Double Energy"],"picked":"Cold Snap","floor":1},{"not_picked":["Gash","Redo"],"picked":"Conserve Battery","floor":5},{"not_picked":["Turbo","Multi-Cast"],"picked":"Coolheaded","floor":7},{"not_picked":["Blizzard","Ball Lightning"],"picked":"Genetic Algorithm","floor":8},{"not_picked":["Rebound","BootSequence"],"picked":"Glacier","floor":11},{"not_picked":["Reprogram","Stack"],"picked":"Ball Lightning","floor":14},{"not_picked":["Hyperbeam","Meteor Strike"],"picked":"Seek","floor":16},{"not_picked":["Force Field","Conserve Battery"],"picked":"Leap","floor":18},{"not_picked":["Compile Driver+1","Redo"],"picked":"Skim","floor":19},{"not_picked":["Barrage","Gash"],"picked":"BootSequence","floor":20}],"player_experience":160230,"relics_obtained":[{"floor":7,"key":"Gremlin Horn"},{"floor":9,"key":"Tiny Chest"}],"event_choices":[{"damage_healed":0,"gold_gain":0,"player_choice":"Grow","damage_taken":0,"max_hp_gain":0,"max_hp_loss":0,"event_name":"Living Wall","floor":2,"gold_loss":0,"cards_upgraded":["Dualcast"]},{"damage_healed":0,"gold_gain":0,"player_choice":"Upgraded","damage_taken":0,"max_hp_gain":0,"max_hp_loss":0,"event_name":"Upgrade Shrine","floor":4,"gold_loss":0,"cards_upgraded":["Zap"]},{"damage_healed":0,"gold_gain":0,"player_choice":"Opened","damage_taken":0,"relics_obtained":["Bird Faced Urn"],"max_hp_gain":0,"max_hp_loss":0,"event_name":"The Mausoleum","floor":21,"gold_loss":0,"cards_obtained":["Writhe"]}],"is_beta":false,"boss_relics":[{"not_picked":["Busted Crown","Orrery"],"picked":"Velvet Choker"}],"items_purged_floors":[],"is_endless":false,"potions_floor_spawned":[5,8,11,14,19,20],"killed_by":"Book of Stabbing","ascension_level":14}