{"gold_per_floor":[14,33,43,54,74,74,107,107,107,139,139,155,155,3,3,103,103,119,133,133,153,170,170,95,95,95,194,194,50,50,70,70,70],"floor_reached":33,"playtime":1597,"items_purged":["Regret"],"score":320,"play_id":"8df136ab-991d-4b2b-aff5-cb862d0a1420","local_time":"20181209024331","is_ascension_mode":true,"campfire_choices":[{"data":"Fiend Fire","floor":6,"key":"SMITH"},{"data":"Rage","floor":8,"key":"SMITH"},{"data":"Body Slam","floor":11,"key":"SMITH"},{"data":"Power Through","floor":15,"key":"SMITH"},{"floor":23,"key":"REST"},{"data":"Power Through","floor":25,"key":"SMITH"},{"data":"Iron Wave","floor":28,"key":"SMITH"},{"floor":32,"key":"REST"}],"neow_cost":"NO_GOLD","seed_source_timestamp":41106285321415,"circlet_count":0,"master_deck":["Strike_R","Strike_R","Strike_R","Strike_R","Strike_R","Defend_R","Defend_R","Defend_R","Defend_R","Bash","Anger","Power Through+1","Fiend Fire+1","Rage+1","Body Slam+1","Seeing Red","Iron Wave+1","Power Through+1","Exhume","Cleave+1","Iron Wave","Writhe","Shockwave"],"relics":["Burning Blood","Oddly Smooth Stone","Ornamental Fan","Happy Flower","Mango","Sozu","Juzu Bracelet","Meat on the Bone","Art of War","Nilry\u0027s Codex"],"potions_floor_usage":[7,10,12,31],"damage_taken":[{"damage":0,"enemies":"2 Louse","floor":1,"turns":3},{"damage":6,"enemies":"Small Slimes","floor":2,"turns":3},{"damage":3,"enemies":"Jaw Worm","floor":3,"turns":3},{"damage":0,"enemies":"Looter","floor":4,"turns":3},{"damage":2,"enemies":"3 Louse","floor":5,"turns":4},{"damage":17,"enemies":"3 Sentries","floor":7,"turns":6},{"damage":34,"enemies":"Lagavulin","floor":10,"turns":7},{"damage":0,"enemies":"Blue Slaver","floor":12,"turns":3},{"damage":52,"enemies":"Slime Boss","floor":16,"turns":21},{"damage":0,"enemies":"2 Thieves","floor":18,"turns":3},{"damage":3,"enemies":"Spheric Guardian","floor":19,"turns":4},{"damage":40,"enemies":"Snecko","floor":21,"turns":7},{"damage":29,"enemies":"Shelled Parasite and Fungi","floor":22,"turns":9},{"damage":29,"enemies":"Sentry and Sphere","floor":31,"turns":8},{"damage":95,"enemies":"Collector","floor":33,"turns":10}],"seed_played":"7889845811680700747","potions_obtained":[{"floor":2,"key":"SkillPotion"},{"floor":3,"key":"Explosive Potion"},{"floor":5,"key":"SpeedPotion"},{"floor":10,"key":"BloodPotion"}],"is_trial":false,"path_per_floor":["M","M","M","M","M","R","E","R","T","E","R","M","?","$","R","B",null,"M","M","?","M","M","R","?","R","T","?","R","$","?","M","R","B"],"character_chosen":"IRONCLAD","items_purchased":["Power Through","Art of War"],"campfire_rested":2,"item_purchase_floors":[14,29],"current_hp_per_floor":[96,96,96,96,96,96,85,85,85,57,57,72,86,86,86,40,110,110,110,110,76,53,86,86,86,86,86,86,86,70,59,92,0],"gold":70,"neow_bonus":"TWENTY_PERCENT_HP_BONUS","is_prod":false,"is_daily":false,"chose_seed":false,"campfire_upgraded":6,"win_rate":0,"timestamp":1544341411,"path_taken":["M","M","M","M","M","R","E","R","T","E","R","M","?","$","R","BOSS","M","M","?","M","M","R","?","R","T","?","R","$","?","M","R","BOSS"],"build_version":"2018-12-06","purchased_purges":1,"victory":false,"max_hp_per_floor":[96,96,96,96,96,96,96,96,96,96,96,96,110,110,110,110,110,110,110,110,110,110,110,110,110,110,110,110,110,110,110,110,110],"card_choices":[{"not_picked":["Evolve","Dropkick"],"picked":"Anger","floor":1},{"not_picked":["Warcry","Pommel Strike"],"picked":"Power Through","floor":2},{"not_picked":["Havoc","Clash"],"picked":"Fiend Fire","floor":3},{"not_picked":["Power Through","Sword Boomerang"],"picked":"Rage","floor":4},{"not_picked":["Warcry","Sword Boomerang"],"picked":"Body Slam","floor":5},{"not_picked":["Evolve","Pommel Strike"],"picked":"Flex","floor":7},{"not_picked":["Whirlwind","Hemokinesis"],"picked":"Seeing Red","floor":10},{"not_picked":["Thunderclap","Metallicize"],"picked":"Iron Wave","floor":12},{"not_picked":["Impervious","Limit Break"],"picked":"Exhume","floor":16},{"not_picked":["Infernal Blade","Clash+1"],"picked":"Cleave+1","floor":18},{"not_picked":["Rampage","Sword Boomerang"],"picked":"Iron Wave","floor":19},{"not_picked":["Pommel Strike+1","Second Wind"],"picked":"Shockwave","floor":21},{"not_picked":["Corruption","True Grit","Perfected Strike"],"picked":"SKIP","floor":22},{"not_picked":["Ghostly Armor","Dropkick","Flex"],"picked":"SKIP","floor":31}],"player_experience":237812,"relics_obtained":[{"floor":7,"key":"Oddly Smooth Stone"},{"floor":9,"key":"Ornamental Fan"},{"floor":10,"key":"Happy Flower"},{"floor":26,"key":"Meat on the Bone"},{"floor":30,"key":"Nilry\u0027s Codex"}],"event_choices":[{"damage_healed":0,"gold_gain":0,"player_choice":"Box","damage_taken":0,"relics_obtained":["Mango"],"max_hp_gain":0,"max_hp_loss":0,"event_name":"Big Fish","floor":13,"gold_loss":0,"cards_obtained":["Regret"]},{"damage_healed":0,"gold_gain":0,"player_choice":"Opened","damage_taken":0,"relics_obtained":["Juzu Bracelet"],"max_hp_gain":0,"max_hp_loss":0,"event_name":"The Mausoleum","floor":20,"gold_loss":0,"cards_obtained":["Writhe"]},{"cards_removed":["Flex"],"damage_healed":0,"gold_gain":0,"player_choice":"Gave Gold","damage_taken":0,"max_hp_gain":0,"max_hp_loss":0,"event_name":"Beggar","floor":24,"gold_loss":75},{"damage_healed":0,"gold_gain":99,"player_choice":"Stole From Cult","damage_taken":0,"max_hp_gain":0,"max_hp_loss":0,"event_name":"Nest","floor":27,"gold_loss":0},{"damage_healed":0,"gold_gain":0,"player_choice":"Obtained Book","damage_taken":16,"max_hp_gain":0,"max_hp_loss":0,"event_name":"Cursed Tome","floor":30,"gold_loss":0}],"is_beta":false,"boss_relics":[{"not_picked":["Lizard Tail","Astrolabe"],"picked":"Sozu"}],"items_purged_floors":[14],"is_endless":false,"potions_floor_spawned":[2,3,5,10,22],"killed_by":"Collector","ascension_level":1}