{"gold_per_floor":[118,30,205,205,205,548,548,562,562,586,164,164,164,64,64,184,184,203,203,2,2,18,18,18,18,18,18,91,91,106,129,129,254,254,272,272,272,297,297,297,311,311,337,45,59,184,34,34,34,34],"floor_reached":51,"playtime":1120,"items_purged":["Strike_R","Strike_R","Defend_R","Defend_R"],"score":732,"play_id":"8e685abb-fa26-4a42-95f5-0a00390d3429","local_time":"20190225185836","is_ascension_mode":false,"campfire_choices":[{"data":"Infernal Blade","floor":7,"key":"SMITH"},{"data":"Armaments","floor":13,"key":"SMITH"},{"data":"Carnage","floor":15,"key":"SMITH"},{"data":"Disarm","floor":23,"key":"SMITH"},{"data":"Flame Barrier","floor":27,"key":"SMITH"},{"data":"Whirlwind","floor":29,"key":"SMITH"},{"floor":32,"key":"REST"},{"data":"Bludgeon","floor":40,"key":"SMITH"},{"floor":49,"key":"REST"}],"neow_cost":"NONE","seed_source_timestamp":20806411693842,"circlet_count":0,"master_deck":["Strike_R+1","Strike_R+1","Bash+1","Infernal Blade+1","Good Instincts","Carnage+1","Disarm+1","Armaments+1","Infernal Blade+1","Bludgeon+1","Corruption","Whirlwind+1","Flame Barrier+1","Feed","Whirlwind+1","Good Instincts","Battle Trance","Metallicize+1"],"special_seed":0,"relics":["Burning Blood","Golden Idol","Old Coin","Red Skull","Juzu Bracelet","DollysMirror","Velvet Choker","Strange Spoon","Nilry\u0027s Codex","Mummified Hand","Singing Bowl","Tiny Chest","Sozu","Ornamental Fan","Omamori","Dead Branch"],"potions_floor_usage":[6,10,28,33],"damage_taken":[{"damage":3.0,"enemies":"Small Slimes","floor":1.0,"turns":3.0},{"damage":41,"enemies":"3 Sentries","floor":6,"turns":11},{"damage":1,"enemies":"Jaw Worm","floor":8,"turns":2},{"damage":0,"enemies":"Cultist","floor":10,"turns":3},{"damage":23,"enemies":"Slime Boss","floor":16,"turns":10},{"damage":3,"enemies":"Shell Parasite","floor":18,"turns":4},{"damage":0,"enemies":"Spheric Guardian","floor":22,"turns":2},{"damage":38,"enemies":"Slavers","floor":28,"turns":5},{"damage":27,"enemies":"Snake Plant","floor":30,"turns":3},{"damage":5,"enemies":"Cultist and Chosen","floor":31,"turns":3},{"damage":32,"enemies":"Champ","floor":33,"turns":8},{"damage":1,"enemies":"3 Darklings","floor":35,"turns":4},{"damage":5,"enemies":"Orb Walker","floor":38,"turns":3},{"damage":49,"enemies":"Writhing Mass","floor":41,"turns":5},{"damage":7,"enemies":"Spire Growth","floor":45,"turns":3},{"damage":4,"enemies":"Mind Bloom Boss Battle","floor":46,"turns":6},{"damage":37,"enemies":"Time Eater","floor":50,"turns":10}],"seed_played":"4218539819547595476","potions_obtained":[{"floor":1.0,"key":"SkillPotion"},{"floor":10,"key":"Fruit Juice"},{"floor":16,"key":"LiquidBronze"},{"floor":18,"key":"Poison Potion"},{"floor":33,"key":"FairyPotion"}],"is_trial":false,"path_per_floor":["M","$","?","?","?","E","R","M","T","M","$","?","R","$","R","B",null,"M","?","$","?","M","R","?","T","T","R","E","R","M","M","R","B",null,"M","?","T","M","?","R","M","?","T","$","M","?","$","?","R","B",null],"character_chosen":"IRONCLAD","items_purchased":["Good Instincts","Juzu Bracelet","DollysMirror","Strange Spoon","Good Instincts","Battle Trance"],"campfire_rested":2,"item_purchase_floors":[2,11,11,20,44,44],"current_hp_per_floor":[80,80,80,74,74,39,39,44,44,55,55,39,39,39,39,22,79,79,79,79,63,69,69,69,69,69,69,39,39,20,21,45,21,85,85,85,85,87,87,87,46,46,46,46,47,53,53,53,81,50],"gold":34,"neow_bonus":"UPGRADE_CARD","is_prod":false,"is_daily":false,"chose_seed":false,"campfire_upgraded":7,"win_rate":0,"timestamp":1551142716,"path_taken":["M","$","?","?","?","E","R","M","T","M","?","?","R","$","R","BOSS","M","?","?","?","M","R","?","?","T","R","E","R","M","M","R","BOSS","M","?","?","M","?","R","M","?","T","$","M","?","?","?","R","BOSS"],"build_version":"2019-01-23","purchased_purges":4,"victory":true,"max_hp_per_floor":[80,80,80,74,74,74,74,74,74,79,79,79,79,79,79,79,79,79,79,79,79,79,79,79,79,79,79,81,81,83,83,83,85,85,85,85,85,87,87,87,89,89,89,89,91,95,95,95,95,95],"card_choices":[{"not_picked":["Warcry","Flex"],"picked":"Infernal Blade","floor":1.0},{"not_picked":["Reaper","Combust"],"picked":"Carnage","floor":6},{"not_picked":["Pommel Strike","Searing Blow"],"picked":"Disarm","floor":8},{"not_picked":["Sword Boomerang","Rupture"],"picked":"Armaments","floor":10},{"not_picked":["Offering","Barricade"],"picked":"Bludgeon","floor":16},{"not_picked":["Body Slam","Twin Strike+1"],"picked":"Pummel","floor":18},{"not_picked":["Anger","Heavy Blade"],"picked":"Corruption","floor":22},{"not_picked":["Burning Pact","Thunderclap","Corruption+1"],"picked":"Singing Bowl","floor":28},{"not_picked":["Sever Soul+1","Heavy Blade+1","Sword Boomerang"],"picked":"Singing Bowl","floor":30},{"not_picked":["Ghostly Armor","Warcry"],"picked":"Feed","floor":31},{"not_picked":["Barricade","Juggernaut","Reaper"],"picked":"Singing Bowl","floor":33},{"not_picked":["Shrug It Off+1","Thunderclap+1"],"picked":"Whirlwind+1","floor":35},{"not_picked":["True Grit+1","Second Wind+1","Clothesline+1"],"picked":"Singing Bowl","floor":38},{"not_picked":["Shrug It Off","Shockwave+1","Body Slam"],"picked":"Singing Bowl","floor":41},{"not_picked":["Warcry","Twin Strike+1","Shrug It Off"],"picked":"Singing Bowl","floor":45},{"not_picked":["Bludgeon","Anger+1"],"picked":"Metallicize+1","floor":46}],"player_experience":925513,"relics_obtained":[{"floor":6,"key":"Old Coin"},{"floor":9,"key":"Red Skull"},{"floor":21,"key":"Nilry\u0027s Codex"},{"floor":25,"key":"Mummified Hand"},{"floor":26,"key":"Singing Bowl"},{"floor":28,"key":"Tiny Chest"},{"floor":37,"key":"Ornamental Fan"},{"floor":43,"key":"Omamori"},{"floor":46,"key":"Dead Branch"}],"event_choices":[{"damage_healed":0,"gold_gain":175,"player_choice":"AGREE","damage_taken":0,"max_hp_gain":0,"max_hp_loss":0,"event_name":"Liars Game","floor":3,"gold_loss":0,"cards_obtained":["Doubt"]},{"damage_healed":0,"gold_gain":0,"player_choice":"Lose Max HP","damage_taken":0,"relics_obtained":["Golden Idol"],"max_hp_gain":0,"max_hp_loss":6,"event_name":"Golden Idol","floor":4,"gold_loss":0},{"cards_removed":["Doubt"],"damage_healed":0,"gold_gain":0,"player_choice":"Forget","damage_taken":0,"max_hp_gain":0,"max_hp_loss":0,"event_name":"Living Wall","floor":5,"gold_loss":0},{"damage_healed":0,"gold_gain":0,"player_choice":"Entered Light","damage_taken":16,"max_hp_gain":0,"max_hp_loss":0,"event_name":"Shining Light","floor":12,"gold_loss":0,"cards_upgraded":["Strike_R","Strike_R"]},{"cards_removed":["Defend_R"],"damage_healed":0,"gold_gain":0,"player_choice":"Purged","damage_taken":0,"max_hp_gain":0,"max_hp_loss":0,"event_name":"Purifier","floor":19,"gold_loss":0},{"damage_healed":0,"gold_gain":0,"player_choice":"Obtained Book","damage_taken":16,"max_hp_gain":0,"max_hp_loss":0,"event_name":"Cursed Tome","floor":21,"gold_loss":0},{"damage_healed":0,"gold_gain":0,"cards_transformed":["Strike_R","Defend_R"],"player_choice":"Became Test Subject","damage_taken":0,"max_hp_gain":0,"max_hp_loss":0,"event_name":"Drug Dealer","floor":24,"gold_loss":0,"cards_obtained":["Whirlwind","Flame Barrier"]},{"damage_healed":0,"gold_gain":0,"player_choice":"Got Potions","damage_taken":0,"max_hp_gain":0,"max_hp_loss":0,"event_name":"Lab","floor":36,"gold_loss":0},{"damage_healed":0,"gold_gain":0,"player_choice":"Ignored","damage_taken":0,"max_hp_gain":0,"max_hp_loss":0,"event_name":"Tomb of Lord Red Mask","floor":39,"gold_loss":0},{"damage_healed":0,"gold_gain":0,"player_choice":"Ignored","damage_taken":0,"max_hp_gain":0,"max_hp_loss":0,"event_name":"Mysterious Sphere","floor":42,"gold_loss":0},{"damage_healed":0,"gold_gain":0,"player_choice":"Fight","damage_taken":0,"max_hp_gain":0,"max_hp_loss":0,"event_name":"MindBloom","floor":46,"gold_loss":0},{"cards_removed":["Pummel"],"damage_healed":0,"gold_gain":0,"player_choice":"Removed Attack","damage_taken":0,"max_hp_gain":0,"max_hp_loss":0,"event_name":"Falling","floor":48,"gold_loss":0}],"is_beta":false,"boss_relics":[{"not_picked":["Empty Cage","Black Star"],"picked":"Velvet Choker"},{"not_picked":["Eternal Feather","Astrolabe"],"picked":"Sozu"}],"items_purged_floors":[11,14,44,47],"is_endless":false,"potions_floor_spawned":[1,10,16,18,33,38,46],"ascension_level":0}