{"gold_per_floor":[119,119,129,129,142,177,194,221,221,146,174,174,204,216,216,216],"floor_reached":16,"playtime":1087,"items_purged":["Strike_R"],"score":271,"play_id":"fb98098b-4989-4920-ba74-0208aad8ff04","local_time":"20190225101155","is_ascension_mode":true,"campfire_choices":[{"floor":15,"key":"REST"}],"neow_cost":"NONE","seed_source_timestamp":833550501386161,"circlet_count":0,"master_deck":["AscendersBane","Strike_R","Strike_R","Strike_R","Defend_R","Defend_R","Defend_R","Defend_R","Bash","Flex","Infernal Blade","Flame Barrier","Anger","Battle Trance","Pommel Strike","True Grit","Shrug It Off","Infernal Blade"],"relics":["Burning Blood","NeowsBlessing","Incense Burner","Magic Flower","Bottled Flame","Matryoshka","GremlinMask","Mummified Hand"],"potions_floor_usage":[11,16],"damage_taken":[{"damage":0,"enemies":"Small Slimes","floor":1,"turns":1},{"damage":0,"enemies":"Cultist","floor":3,"turns":1},{"damage":0,"enemies":"Jaw Worm","floor":5,"turns":1},{"damage":15,"enemies":"Gremlin Nob","floor":6,"turns":3},{"damage":0,"enemies":"Gremlin Gang","floor":7,"turns":3},{"damage":34,"enemies":"3 Sentries","floor":8,"turns":9},{"damage":0,"enemies":"Gremlin Nob","floor":11,"turns":2},{"damage":31,"enemies":"3 Sentries","floor":13,"turns":11},{"damage":18,"enemies":"Large Slime","floor":14,"turns":6},{"damage":44,"enemies":"Slime Boss","floor":16,"turns":8}],"seed_played":"-686754159382460284","potions_obtained":[{"floor":3,"key":"SpeedPotion"},{"floor":8,"key":"EssenceOfSteel"},{"floor":11,"key":"Energy Potion"}],"is_trial":false,"path_per_floor":["M","?","M","?","M","E","M","E","T","$","E","?","E","M","R","B"],"character_chosen":"IRONCLAD","items_purchased":[],"campfire_rested":1,"item_purchase_floors":[],"current_hp_per_floor":[74,70,75,75,75,66,72,44,44,44,53,53,31,22,44,0],"gold":216,"neow_bonus":"THREE_ENEMY_KILL","is_prod":false,"is_daily":false,"chose_seed":false,"campfire_upgraded":0,"win_rate":0,"timestamp":1551118315,"path_taken":["M","?","?","?","M","E","?","E","T","$","E","?","E","M","R","BOSS"],"build_version":"2019-01-23","purchased_purges":1,"victory":false,"max_hp_per_floor":[75,75,75,75,75,75,75,75,75,75,75,75,75,75,75,75],"card_choices":[{"not_picked":["Body Slam","Entrench"],"picked":"Flex","floor":1},{"not_picked":["Shrug It Off","Anger"],"picked":"Infernal Blade","floor":3},{"not_picked":["True Grit","Dual Wield"],"picked":"Flame Barrier","floor":5},{"not_picked":["Entrench","Clash"],"picked":"Anger","floor":6},{"not_picked":["Body Slam","Sentinel"],"picked":"Battle Trance","floor":7},{"not_picked":["Entrench","Headbutt"],"picked":"Pommel Strike","floor":8},{"not_picked":["Dropkick","Seeing Red"],"picked":"True Grit","floor":11},{"not_picked":["Pummel","Anger"],"picked":"Shrug It Off","floor":13},{"not_picked":["Dark Embrace","Wild Strike"],"picked":"Infernal Blade","floor":14}],"player_experience":499845,"relics_obtained":[{"floor":6,"key":"Incense Burner"},{"floor":8,"key":"Magic Flower"},{"floor":9,"key":"Bottled Flame"},{"floor":11,"key":"Matryoshka"},{"floor":13,"key":"Mummified Hand"}],"event_choices":[{"damage_healed":0,"gold_gain":0,"player_choice":"Bought 0 Potions","damage_taken":0,"max_hp_gain":0,"max_hp_loss":0,"event_name":"The Woman in Blue","floor":2,"gold_loss":0},{"cards_removed":["Strike_R"],"damage_healed":0,"gold_gain":0,"player_choice":"Offered Basic","damage_taken":0,"max_hp_gain":0,"max_hp_loss":0,"event_name":"Bonfire Elementals","floor":4,"gold_loss":0},{"damage_healed":0,"gold_gain":0,"player_choice":"Trade","damage_taken":0,"relics_obtained":["GremlinMask"],"max_hp_gain":0,"max_hp_loss":0,"event_name":"FaceTrader","floor":12,"gold_loss":0}],"is_beta":false,"boss_relics":[],"items_purged_floors":[10],"is_endless":false,"potions_floor_spawned":[3,8,11,13],"killed_by":"Slime Boss","ascension_level":15}