{"gold_per_floor":[13,13,31,31,44,72,91,91,114,128,143,143,156,172,172,272,272,285,49,61,61,61,61,90,90,114,34,34,34,65,83,83,182,182,196,106,124,142,67,67,102,102,102,102,102,2,14,14,14,14],"floor_reached":51,"playtime":5666,"items_purged":["Strike_R+1","Strike_R+1"],"score":740,"play_id":"04af3e42-73b3-42ed-af69-3377d125ba95","local_time":"20190224231026","is_ascension_mode":false,"campfire_choices":[{"data":"Barricade","floor":8,"key":"SMITH"},{"data":"Battle Trance","floor":12,"key":"SMITH"},{"data":"Flame Barrier","floor":15,"key":"SMITH"},{"data":"Apotheosis","floor":23,"key":"SMITH"},{"data":"True Grit","floor":25,"key":"SMITH"},{"data":"Metallicize","floor":29,"key":"SMITH"},{"data":"Shrug It Off","floor":32,"key":"SMITH"},{"data":"Impervious","floor":40,"key":"SMITH"},{"data":"Shockwave","floor":42,"key":"SMITH"},{"data":"Secret Technique","floor":45,"key":"SMITH"},{"floor":49,"key":"REST"}],"neow_cost":"NO_GOLD","seed_source_timestamp":713678470651897,"circlet_count":0,"master_deck":["Defend_R+1","Defend_R+1","Defend_R+1","Defend_R+1","Body Slam+1","Battle Trance+1","Barricade+1","Flame Barrier+1","Reaper","Iron Wave+1","Apotheosis+1","True Grit+1","Headbutt","Whirlwind","Metallicize+1","Feed","Wild Strike","Shrug It Off+1","Metallicize+1","Impervious+1","Clothesline+1","Bloodletting+1","Shrug It Off","Shockwave+1","Secret Technique+1","Intimidate+1"],"relics":["Black Blood","Vajra","Happy Flower","Bag of Marbles","Self Forming Clay","Anchor","Ornamental Fan","Velvet Choker","Bottled Lightning","Bird Faced Urn"],"potions_floor_usage":[11,14,16,18,24,24,33,47,50],"damage_taken":[{"damage":6,"enemies":"Jaw Worm","floor":1,"turns":5},{"damage":7,"enemies":"2 Louse","floor":3,"turns":4},{"damage":0,"enemies":"Cultist","floor":5,"turns":4},{"damage":31,"enemies":"Lagavulin","floor":6,"turns":8},{"damage":5,"enemies":"Red Slaver","floor":7,"turns":4},{"damage":5,"enemies":"Looter","floor":10,"turns":3},{"damage":0,"enemies":"Large Slime","floor":11,"turns":5},{"damage":7,"enemies":"3 Louse","floor":13,"turns":4},{"damage":22,"enemies":"Gremlin Gang","floor":14,"turns":5},{"damage":27,"enemies":"The Guardian","floor":16,"turns":10},{"damage":10,"enemies":"Shell Parasite","floor":18,"turns":8},{"damage":11,"enemies":"Spheric Guardian","floor":20,"turns":8},{"damage":36,"enemies":"Gremlin Leader","floor":24,"turns":8},{"damage":25,"enemies":"Book of Stabbing","floor":30,"turns":8},{"damage":0,"enemies":"Cultist and Chosen","floor":31,"turns":7},{"damage":43,"enemies":"Automaton","floor":33,"turns":18},{"damage":0,"enemies":"3 Darklings","floor":35,"turns":7},{"damage":1,"enemies":"3 Shapes","floor":37,"turns":4},{"damage":11,"enemies":"Maw","floor":38,"turns":13},{"damage":57,"enemies":"Reptomancer","floor":41,"turns":12},{"damage":0,"enemies":"Transient","floor":47,"turns":5},{"damage":22,"enemies":"Time Eater","floor":50,"turns":12}],"seed_played":"-4136966650419325380","potions_obtained":[{"floor":5,"key":"Block Potion"},{"floor":6,"key":"Strength Potion"},{"floor":7,"key":"SkillPotion"},{"floor":16,"key":"SteroidPotion"},{"floor":18,"key":"Fruit Juice"},{"floor":20,"key":"Explosive Potion"},{"floor":30,"key":"Explosive Potion"},{"floor":41,"key":"Explosive Potion"},{"floor":47,"key":"Strength Potion"}],"is_trial":false,"path_per_floor":["M","?","M","?","M","E","M","R","T","M","M","R","M","M","R","B",null,"M","$","M","$","?","R","E","R","T","$","?","R","E","M","R","B",null,"M","?","M","M","$","R","E","R","T","?","R","$","M","?","R","B",null],"character_chosen":"IRONCLAD","items_purchased":["Apotheosis","True Grit","Metallicize"],"campfire_rested":1,"item_purchase_floors":[19,19,27],"current_hp_per_floor":[96,96,95,95,96,71,72,72,72,73,79,79,78,62,62,41,96,101,101,100,100,100,100,92,92,92,92,92,92,77,100,100,83,108,108,108,108,112,112,112,75,75,75,75,75,75,91,91,116,116],"gold":14,"neow_bonus":"TWENTY_PERCENT_HP_BONUS","is_prod":false,"is_daily":false,"chose_seed":false,"campfire_upgraded":10,"win_rate":0,"timestamp":1551017426,"path_taken":["M","?","M","?","M","E","M","R","T","M","M","R","M","M","R","BOSS","M","$","?","?","?","R","E","R","T","$","?","R","E","M","R","BOSS","M","?","?","M","$","R","E","R","T","?","R","$","M","?","R","BOSS"],"build_version":"2019-01-23","purchased_purges":2,"victory":true,"max_hp_per_floor":[96,96,96,96,96,96,96,96,96,96,96,96,96,96,96,96,96,101,101,101,101,101,101,101,101,101,101,101,101,101,104,104,108,108,108,108,108,112,112,112,116,116,116,116,116,116,116,116,116,116],"card_choices":[{"not_picked":["Headbutt","Flex"],"picked":"Body Slam","floor":1},{"not_picked":["Sword Boomerang","Thunderclap"],"picked":"Intimidate","floor":3},{"not_picked":["Wild Strike","Warcry","Searing Blow"],"picked":"SKIP","floor":5},{"not_picked":["Perfected Strike","Rupture"],"picked":"Battle Trance","floor":6},{"not_picked":["Headbutt","Uppercut"],"picked":"Barricade","floor":7},{"not_picked":["Second Wind","Clash","Sword Boomerang"],"picked":"SKIP","floor":10},{"not_picked":["Sever Soul","Thunderclap","Feel No Pain"],"picked":"SKIP","floor":11},{"not_picked":["Sword Boomerang","Carnage","Anger"],"picked":"SKIP","floor":13},{"not_picked":["Feel No Pain","Armaments"],"picked":"Flame Barrier","floor":14},{"not_picked":["Feed","Bludgeon"],"picked":"Reaper","floor":16},{"not_picked":["Blood for Blood+1","Body Slam"],"picked":"Iron Wave+1","floor":18},{"not_picked":["Cleave","Blood for Blood"],"picked":"Headbutt","floor":20},{"not_picked":["Burning Pact","Clash"],"picked":"Whirlwind","floor":24},{"not_picked":["True Grit","Bludgeon"],"picked":"Shrug It Off","floor":30},{"not_picked":["Pommel Strike+1","Havoc"],"picked":"Metallicize+1","floor":31},{"not_picked":["Barricade","Offering"],"picked":"Impervious","floor":33},{"not_picked":["Wild Strike","Iron Wave+1"],"picked":"Clothesline","floor":35},{"not_picked":["Corruption","Fire Breathing+1"],"picked":"Bloodletting+1","floor":37},{"not_picked":["Reckless Charge","Pummel"],"picked":"Shrug It Off","floor":38},{"not_picked":["Pommel Strike","Offering"],"picked":"Shockwave","floor":41},{"not_picked":["Secret Weapon","Mind Blast"],"picked":"Secret Technique","floor":44},{"not_picked":["Cleave+1","Armaments+1"],"picked":"Intimidate+1","floor":47}],"player_experience":395339,"relics_obtained":[{"floor":6,"key":"Happy Flower"},{"floor":9,"key":"Bag of Marbles"},{"floor":24,"key":"Self Forming Clay"},{"floor":26,"key":"Anchor"},{"floor":30,"key":"Ornamental Fan"},{"floor":41,"key":"Bottled Lightning"},{"floor":43,"key":"Bird Faced Urn"}],"event_choices":[{"damage_healed":0,"gold_gain":0,"player_choice":"Grow","damage_taken":0,"max_hp_gain":0,"max_hp_loss":0,"event_name":"Living Wall","floor":2,"gold_loss":0,"cards_upgraded":["Body Slam"]},{"cards_removed":["Intimidate"],"damage_healed":0,"gold_gain":0,"player_choice":"Gave Card","damage_taken":0,"relics_obtained":["Vajra"],"max_hp_gain":0,"max_hp_loss":0,"event_name":"WeMeetAgain","floor":4,"gold_loss":0},{"damage_healed":0,"gold_gain":0,"player_choice":"Simplicity","damage_taken":0,"max_hp_gain":0,"max_hp_loss":0,"event_name":"Back to Basics","floor":22,"gold_loss":0,"cards_upgraded":["Strike_R","Strike_R","Strike_R","Strike_R","Strike_R","Defend_R","Defend_R","Defend_R","Defend_R"]},{"damage_healed":0,"gold_gain":0,"cards_transformed":["Strike_R","Bash"],"player_choice":"Became Test Subject","damage_taken":0,"max_hp_gain":0,"max_hp_loss":0,"event_name":"Drug Dealer","floor":28,"gold_loss":0,"cards_obtained":["Feed","Wild Strike"]},{"cards_removed":["Strike_R"],"damage_healed":0,"gold_gain":0,"player_choice":"Upgrade and Remove","damage_taken":0,"max_hp_gain":0,"max_hp_loss":0,"event_name":"Designer","floor":36,"gold_loss":90,"cards_upgraded":["Clothesline"]},{"damage_healed":0,"gold_gain":0,"player_choice":"Memory 1","damage_taken":0,"max_hp_gain":0,"max_hp_loss":0,"event_name":"SensoryStone","floor":44,"gold_loss":0},{"cards_removed":["Strike_R"],"damage_healed":0,"gold_gain":0,"player_choice":"Purged","damage_taken":0,"max_hp_gain":0,"max_hp_loss":0,"event_name":"Purifier","floor":48,"gold_loss":0}],"is_beta":false,"boss_relics":[{"not_picked":["Empty Cage","Runic Cube"],"picked":"Black Blood"},{"not_picked":["Orrery","Runic Pyramid"],"picked":"Velvet Choker"}],"items_purged_floors":[39,46],"is_endless":false,"potions_floor_spawned":[5,6,7,10,16,18,20,30,41,47],"ascension_level":0}