{"gold_per_floor":[113,113,137,34,34,71,161,161,161,196,50,62,62,78,78,257,257,277,294,219,169,54,84,101,121,121,133,175,62,82,96,96,275,275,295,315,327,389,403,403,416,99,99,113,133,165,56,0,0,0,0,0,0,38,38],"floor_reached":56,"playtime":1414,"items_purged":["Strike_B+1"],"score":425,"play_id":"b0c59d62-0dc4-4381-a6f8-4e5ea0ffea98","local_time":"20190220162128","is_ascension_mode":true,"campfire_choices":[{"data":"Gash","floor":13,"key":"SMITH"},{"data":"Fission","floor":15,"key":"SMITH"},{"floor":32,"key":"RECALL"},{"floor":40,"key":"DIG"},{"floor":49,"key":"DIG"},{"floor":52,"key":"DIG"}],"neow_cost":"NONE","seed_source_timestamp":174420580343556,"circlet_count":0,"master_deck":["Strike_B+1","Defend_B+1","Defend_B+1","Defend_B+1","Zap+1","Dualcast+1","Hyperbeam+1","Conserve Battery+1","Skim+1","Coolheaded+1","Core Surge+1","Fission+1","Gash+1","Beam Cell+1","All For One","Hologram+1","Loop+1","Hologram+1","Buffer+1","Gash+1","Gash+1","Seek+1","Parasite","Panacea+1","Hologram+1"],"relics":["Astrolabe","Bronze Scales","Art of War","Juzu Bracelet","Letter Opener","Frozen Egg 2","Membership Card","Shovel","Fusion Hammer","Ginger","Lantern","Bottled Flame","Ancient Tea Set","Happy Flower","Tiny Chest","Toxic Egg 2","Peace Pipe","Bird Faced Urn","Cursed Key","Shuriken","Bag of Marbles","WingedGreaves","Pen Nib","Blood Vial","Runic Capacitor","Pear","Ornamental Fan","Calipers","Symbiotic Virus","Vajra","OrangePellets","Oddly Smooth Stone","Bottled Lightning","Cables","Emotion Chip"],"potions_floor_usage":[19,19,19,28,31,35,37,37],"damage_taken":[{"damage":0,"enemies":"2 Louse","floor":1,"turns":1},{"damage":0,"enemies":"Jaw Worm","floor":3,"turns":2},{"damage":0,"enemies":"Lagavulin","floor":6,"turns":3},{"damage":0,"enemies":"3 Sentries","floor":10,"turns":1},{"damage":0,"enemies":"Small Slimes","floor":12,"turns":1},{"damage":0,"enemies":"Gremlin Gang","floor":14,"turns":2},{"damage":0,"enemies":"Slime Boss","floor":16,"turns":3},{"damage":0,"enemies":"3 Byrds","floor":18,"turns":2},{"damage":0,"enemies":"2 Thieves","floor":19,"turns":2},{"damage":0,"enemies":"Book of Stabbing","floor":23,"turns":3},{"damage":0,"enemies":"Snake Plant","floor":24,"turns":2},{"damage":0,"enemies":"3 Cultists","floor":25,"turns":2},{"damage":6,"enemies":"Centurion and Healer","floor":27,"turns":2},{"damage":11,"enemies":"Slavers","floor":28,"turns":2},{"damage":0,"enemies":"Snake Plant","floor":30,"turns":1},{"damage":0,"enemies":"Snecko","floor":31,"turns":1},{"damage":0,"enemies":"Champ","floor":33,"turns":3},{"damage":0,"enemies":"Orb Walker","floor":35,"turns":2},{"damage":0,"enemies":"3 Shapes","floor":36,"turns":2},{"damage":0,"enemies":"Jaw Worm Horde","floor":37,"turns":2},{"damage":0,"enemies":"2 Orb Walkers","floor":38,"turns":1},{"damage":0,"enemies":"Spire Growth","floor":39,"turns":2},{"damage":0,"enemies":"Transient","floor":41,"turns":5},{"damage":0,"enemies":"Jaw Worm Horde","floor":44,"turns":1},{"damage":0,"enemies":"Sphere and 2 Shapes","floor":45,"turns":1},{"damage":0,"enemies":"Giant Head","floor":46,"turns":3},{"damage":0,"enemies":"Donu and Deca","floor":50,"turns":2},{"damage":0,"enemies":"Shield and Spear","floor":54,"turns":3},{"damage":19,"enemies":"The Heart","floor":55,"turns":3}],"seed_played":"2386612751540108269","potions_obtained":[{"floor":1,"key":"SkillPotion"},{"floor":1,"key":"LiquidBronze"},{"floor":3,"key":"Energy Potion"},{"floor":10,"key":"Fire Potion"},{"floor":19,"key":"SkillPotion"},{"floor":23,"key":"SkillPotion"},{"floor":24,"key":"Swift Potion"},{"floor":28,"key":"Fruit Juice"},{"floor":30,"key":"Swift Potion"},{"floor":31,"key":"Regen Potion"},{"floor":35,"key":"Regen Potion"},{"floor":36,"key":"Fire Potion"},{"floor":37,"key":"FairyPotion"},{"floor":38,"key":"Weak Potion"},{"floor":54,"key":"Block Potion"}],"is_trial":false,"path_per_floor":["M","$","M","$","?","E","?","$","T","E","$","M","R","M","R","B",null,"M","M","?","?","$","E","M","M","T","M","E","$","M","M","R","B",null,"M","M","M","?","M","R","M","$","T","M","M","E","$","$","R","B",null,"R","$","E","B",null],"character_chosen":"DEFECT","items_purchased":["Core Surge","Membership Card","Ginger","Tiny Chest","Toxic Egg 2","Runic Capacitor","Pear","Ornamental Fan","OrangePellets","Panacea+1","Oddly Smooth Stone"],"campfire_rested":0,"item_purchase_floors":[4,11,22,29,29,42,42,42,47,47,48],"current_hp_per_floor":[79,79,79,79,63,63,52,52,52,52,52,52,52,52,52,58,83,83,83,83,83,83,83,83,83,83,77,73,73,73,73,73,79,92,92,92,92,92,92,92,92,102,102,102,102,102,102,102,102,106,106,106,106,106,98],"gold":38,"neow_bonus":"BOSS_RELIC","is_prod":false,"is_daily":false,"chose_seed":false,"campfire_upgraded":2,"win_rate":0,"timestamp":1550672488,"path_taken":["M","$","M","$","?","E","?","$","T","E","?","M","R","M","R","BOSS","M","M","?","?","$","E","M","M","T","M","E","$","M","M","R","BOSS","M","M","M","?","M","R","M","$","T","M","M","E","$","$","R","BOSS","R","$","E","BOSS"],"build_version":"2019-01-23","purchased_purges":1,"victory":true,"max_hp_per_floor":[79,79,79,79,79,79,79,79,79,79,79,79,79,79,79,83,83,83,83,83,83,83,83,83,83,83,83,88,88,88,88,88,92,92,92,92,92,92,92,92,92,102,102,102,102,102,102,102,102,106,106,106,106,106,110],"card_choices":[{"not_picked":["Loop","Stack"],"picked":"Coolheaded+1","floor":1},{"not_picked":["Scrape","Blizzard","Conserve Battery"],"picked":"SKIP","floor":3},{"not_picked":["Steam","Blizzard+1"],"picked":"Fission","floor":6},{"not_picked":["Force Field","Hologram"],"picked":"Sunder","floor":6},{"not_picked":["Go for the Eyes+1","Compile Driver"],"picked":"Gash","floor":10},{"not_picked":["Steam","Leap+1"],"picked":"Beam Cell+1","floor":10},{"not_picked":["Hologram+1","Redo+1"],"picked":"All For One","floor":12},{"not_picked":["Heatsinks+1","Skim"],"picked":"Hologram+1","floor":14},{"not_picked":["Redo+1","Recycle"],"picked":"Loop+1","floor":18},{"not_picked":["Conserve Battery","Steam"],"picked":"Hologram+1","floor":19},{"not_picked":["Skim","Storm+1","Steam"],"picked":"SKIP","floor":23},{"not_picked":["Thunder Strike","Recycle","Barrage"],"picked":"SKIP","floor":23},{"not_picked":["Sweeping Beam","Beam Cell","Coolheaded"],"picked":"SKIP","floor":24},{"not_picked":["White Noise","Redo","Skim+1"],"picked":"SKIP","floor":25},{"not_picked":["Steam+1","Tempest+1","Compile Driver"],"picked":"SKIP","floor":27},{"not_picked":["Steam Power","Turbo"],"picked":"Buffer+1","floor":28},{"not_picked":["Reprogram","Aggregate+1"],"picked":"Gash+1","floor":28},{"not_picked":["Rebound+1","Auto Shields+1"],"picked":"Gash+1","floor":30},{"not_picked":["Force Field+1","Redo+1","Streamline"],"picked":"SKIP","floor":31},{"not_picked":["Buffer+1","Reboot+1"],"picked":"Seek+1","floor":33},{"not_picked":["Beam Cell","Ball Lightning+1","Leap+1"],"picked":"SKIP","floor":35},{"not_picked":["Compile Driver+1","Blizzard+1","Go for the Eyes"],"picked":"SKIP","floor":36},{"not_picked":["Rip and Tear+1","Undo+1","Storm+1"],"picked":"SKIP","floor":37},{"not_picked":["Blizzard+1","Auto Shields+1","Streamline+1"],"picked":"SKIP","floor":39},{"not_picked":["Skim+1","Doom and Gloom+1","Storm+1"],"picked":"SKIP","floor":41},{"not_picked":["Tempest+1","Sweeping Beam+1","Turbo+1"],"picked":"SKIP","floor":44},{"not_picked":["FTL","Ball Lightning+1","Chaos+1"],"picked":"SKIP","floor":45},{"not_picked":["Hyperbeam","Coolheaded+1","Defragment+1"],"picked":"SKIP","floor":46},{"not_picked":["Barrage+1","Streamline+1","Heatsinks+1"],"picked":"SKIP","floor":46},{"not_picked":["Biased Cognition+1","Coolheaded+1"],"picked":"Hologram+1","floor":54},{"not_picked":["Sweeping Beam","FTL+1","Steam+1"],"picked":"SKIP","floor":54}],"player_experience":212717,"relics_obtained":[{"floor":1,"key":"Bronze Scales"},{"floor":6,"key":"Art of War"},{"floor":9,"key":"Juzu Bracelet"},{"floor":9,"key":"Letter Opener"},{"floor":10,"key":"Frozen Egg 2"},{"floor":16,"key":"Shovel"},{"floor":23,"key":"Lantern"},{"floor":24,"key":"Bottled Flame"},{"floor":26,"key":"Ancient Tea Set"},{"floor":28,"key":"Happy Flower"},{"floor":31,"key":"Peace Pipe"},{"floor":33,"key":"Bird Faced Urn"},{"floor":35,"key":"Shuriken"},{"floor":37,"key":"Bag of Marbles"},{"floor":38,"key":"WingedGreaves"},{"floor":39,"key":"Pen Nib"},{"floor":40,"key":"Blood Vial"},{"floor":43,"key":"Calipers"},{"floor":43,"key":"Symbiotic Virus"},{"floor":46,"key":"Vajra"},{"floor":49,"key":"Bottled Lightning"},{"floor":52,"key":"Cables"},{"floor":54,"key":"Emotion Chip"}],"event_choices":[{"damage_healed":0,"gold_gain":0,"player_choice":"Entered Light","damage_taken":16,"max_hp_gain":0,"max_hp_loss":0,"event_name":"Shining Light","floor":5,"gold_loss":0,"cards_upgraded":["Core Surge"]},{"damage_healed":0,"gold_gain":75,"player_choice":"Gather Gold","damage_taken":11,"max_hp_gain":0,"max_hp_loss":0,"event_name":"World of Goop","floor":7,"gold_loss":0},{"cards_removed":["Sunder"],"damage_healed":0,"gold_gain":0,"player_choice":"Gave Gold","damage_taken":0,"max_hp_gain":0,"max_hp_loss":0,"event_name":"Beggar","floor":20,"gold_loss":75},{"damage_healed":0,"gold_gain":0,"player_choice":"Bet on Murderer","damage_taken":0,"max_hp_gain":0,"max_hp_loss":0,"event_name":"The Joust","floor":21,"gold_loss":50},{"damage_healed":0,"gold_gain":0,"player_choice":"Fight","damage_taken":0,"max_hp_gain":0,"max_hp_loss":0,"event_name":"Mysterious Sphere","floor":38,"gold_loss":0}],"is_beta":false,"boss_relics":[{"not_picked":["Ectoplasm","Orrery"],"picked":"Fusion Hammer"},{"not_picked":["Runic Dome","Snecko Eye"],"picked":"Cursed Key"}],"items_purged_floors":[42],"is_endless":false,"potions_floor_spawned":[1,3,18,25,27,30,36,39,44],"ascension_level":-20}