{"gold_per_floor":[109,184,211,25,40,40,51,51,51,83,83,118,118,131,131,233,233,248,248,248,261,275,301,301,301],"floor_reached":25,"playtime":1353,"items_purged":[],"score":311,"play_id":"b58939e0-3cf9-47f7-a302-b0470d30897d","local_time":"20190124012235","is_ascension_mode":true,"campfire_choices":[{"data":"Spot Weakness","floor":6,"key":"SMITH"},{"data":"Armaments","floor":8,"key":"SMITH"},{"floor":11,"key":"REST"},{"data":"Perfected Strike","floor":15,"key":"SMITH"},{"floor":24,"key":"REST"}],"neow_cost":"NONE","seed_source_timestamp":997113644846590,"circlet_count":0,"master_deck":["Defend_R","Defend_R","Defend_R","Bash","Cleave","Spot Weakness+1","Perfected Strike+1","Armaments+1","Carnage+1","Heavy Blade+1","Bloodletting","Berserk","Iron Wave+1","Bite+1","Bite+1","Bite+1","Bite+1","Bite+1","Spot Weakness","Iron Wave+1","Shrug It Off"],"relics":["Burning Blood","Bronze Scales","Ancient Tea Set","Molten Egg 2","Sundial","Bottled Lightning","Sozu","Paper Frog"],"potions_floor_usage":[10,12,23],"damage_taken":[{"damage":20,"enemies":"Jaw Worm","floor":1,"turns":5},{"damage":1,"enemies":"Cultist","floor":5,"turns":4},{"damage":0,"enemies":"Small Slimes","floor":7,"turns":3},{"damage":25,"enemies":"Lagavulin","floor":10,"turns":5},{"damage":19,"enemies":"Gremlin Nob","floor":12,"turns":4},{"damage":8,"enemies":"Blue Slaver","floor":14,"turns":2},{"damage":56,"enemies":"The Guardian","floor":16,"turns":8},{"damage":5,"enemies":"Chosen","floor":18,"turns":3},{"damage":20,"enemies":"Spheric Guardian","floor":21,"turns":4},{"damage":54,"enemies":"Snake Plant","floor":22,"turns":3},{"damage":31,"enemies":"Book of Stabbing","floor":23,"turns":3},{"damage":42,"enemies":"Slavers","floor":25,"turns":3}],"seed_played":"9084322369531193848","potions_obtained":[{"floor":5,"key":"SteroidPotion"},{"floor":7,"key":"Energy Potion"},{"floor":10,"key":"SteroidPotion"}],"is_trial":false,"path_per_floor":["M","?","T","$","M","R","M","R","T","E","R","E","?","M","R","B",null,"M","?","?","M","M","E","R","E"],"character_chosen":"IRONCLAD","items_purchased":["Blood Vial","Spot Weakness"],"campfire_rested":2,"item_purchase_floors":[4,4],"current_hp_per_floor":[66,55,55,55,62,62,70,70,70,53,77,66,66,66,66,18,65,68,68,68,66,27,11,35,0],"gold":301,"neow_bonus":"RANDOM_COMMON_RELIC","is_prod":false,"is_daily":false,"chose_seed":false,"campfire_upgraded":3,"win_rate":0,"timestamp":1548321755,"path_taken":["M","?","?","$","?","R","M","R","T","E","R","E","?","M","R","BOSS","M","?","?","M","?","E","R","E"],"build_version":"2019-01-23","purchased_purges":0,"victory":false,"max_hp_per_floor":[80,80,80,80,80,80,80,80,80,80,80,80,80,80,80,80,80,80,80,80,80,80,80,80,80],"card_choices":[{"not_picked":["Disarm","Body Slam"],"picked":"Cleave","floor":1},{"not_picked":["Corruption","Shockwave"],"picked":"Perfected Strike","floor":5},{"not_picked":["Perfected Strike","Seeing Red"],"picked":"Armaments","floor":7},{"not_picked":["Fiend Fire+1","Intimidate"],"picked":"Carnage+1","floor":10},{"not_picked":["Battle Trance","Havoc"],"picked":"Heavy Blade+1","floor":12},{"not_picked":["Wild Strike+1","Entrench"],"picked":"Bloodletting","floor":14},{"not_picked":["Limit Break","Brutality"],"picked":"Berserk","floor":16},{"not_picked":["Flex","Body Slam+1"],"picked":"Iron Wave+1","floor":18},{"not_picked":["Combust","Twin Strike+1","Sword Boomerang+1"],"picked":"SKIP","floor":21},{"not_picked":["Exhume","Fire Breathing"],"picked":"Iron Wave+1","floor":22},{"not_picked":["Searing Blow+1","Twin Strike+1"],"picked":"Shrug It Off","floor":23}],"player_experience":220839,"relics_obtained":[{"floor":3,"key":"Ancient Tea Set"},{"floor":9,"key":"Molten Egg 2"},{"floor":10,"key":"Sundial"},{"floor":12,"key":"Bottled Lightning"},{"floor":23,"key":"Paper Frog"}],"event_choices":[{"damage_healed":0,"gold_gain":75,"player_choice":"Gather Gold","damage_taken":11,"max_hp_gain":0,"max_hp_loss":0,"event_name":"World of Goop","floor":2,"gold_loss":0},{"damage_healed":0,"gold_gain":0,"player_choice":"Ignored","damage_taken":0,"max_hp_gain":0,"max_hp_loss":0,"event_name":"Liars Game","floor":13,"gold_loss":0},{"damage_healed":0,"gold_gain":0,"player_choice":"Became a vampire (Vial)","damage_taken":0,"max_hp_gain":0,"max_hp_loss":0,"event_name":"Vampires","floor":19,"relics_lost":["Blood Vial"],"gold_loss":0,"cards_obtained":["Bite","Bite","Bite","Bite","Bite"]},{"damage_healed":0,"gold_gain":0,"cards_transformed":["Defend_R"],"player_choice":"Transformed","damage_taken":0,"max_hp_gain":0,"max_hp_loss":0,"event_name":"Transmorgrifier","floor":20,"gold_loss":0,"cards_obtained":["Spot Weakness"]}],"is_beta":false,"boss_relics":[{"not_picked":["Coffee Dripper","Cursed Key"],"picked":"Sozu"}],"items_purged_floors":[],"is_endless":false,"potions_floor_spawned":[5,7,10,18,22],"killed_by":"Slavers","ascension_level":5}