{"gold_per_floor":[112,112,122,134,100,100,111,143,143,155,178,209,221,257,269,380,392,420,451,482,507,519,531,543,585,620,632,658,43,56,67,67,67],"floor_reached":33,"playtime":2573,"items_purged":["Defend_R"],"score":271,"play_id":"f8deef62-24c8-4f27-bf67-eceb15f5d199","local_time":"20181222014838","is_ascension_mode":false,"campfire_choices":[{"data":"Flame Barrier","floor":6,"key":"SMITH"},{"data":"1","floor":10,"key":"LIFT"},{"floor":15,"key":"REST"},{"data":"Reaper","floor":23,"key":"SMITH"},{"floor":27,"key":"REST"},{"floor":32,"key":"REST"}],"neow_cost":"","seed_source_timestamp":37247656645731,"circlet_count":0,"master_deck":["Strike_R","Strike_R","Strike_R","Strike_R","Strike_R","Defend_R","Defend_R+1","Defend_R","Bash","Flame Barrier+1","Intimidate","Dropkick","Disarm","Cleave","Metallicize","Flame Barrier","Parasite","Reaper+1","Headbutt","Thunderclap","Armaments+1","Battle Trance","Clothesline","Infernal Blade","Armaments+1","J.A.X.","Dual Wield+1","Battle Trance+1","Clothesline+1"],"special_seed":0,"relics":["Burning Blood","Matryoshka","Girya","MawBank","StoneCalendar","Bag of Preparation","Bronze Scales","Orrery","Potion Belt","PreservedInsect","Dream Catcher","War Paint","Toy Ornithopter","Vajra"],"potions_floor_usage":[16,21,25,25,30,33,33],"damage_taken":[{"damage":0,"enemies":"Jaw Worm","floor":1,"turns":5},{"damage":0,"enemies":"Cultist","floor":3,"turns":4},{"damage":0,"enemies":"Small Slimes","floor":4,"turns":4},{"damage":2,"enemies":"3 Louse","floor":7,"turns":2},{"damage":55,"enemies":"Gremlin Nob","floor":8,"turns":6},{"damage":11,"enemies":"Exordium Wildlife","floor":11,"turns":7},{"damage":6,"enemies":"Lots of Slimes","floor":12,"turns":3},{"damage":20,"enemies":"The Guardian","floor":16,"turns":12},{"damage":8,"enemies":"Shell Parasite","floor":18,"turns":7},{"damage":14,"enemies":"3 Byrds","floor":19,"turns":3},{"damage":6,"enemies":"Snake Plant","floor":20,"turns":5},{"damage":42,"enemies":"Sentry and Sphere","floor":21,"turns":7},{"damage":35,"enemies":"Book of Stabbing","floor":25,"turns":7},{"damage":25,"enemies":"Centurion and Healer","floor":28,"turns":8},{"damage":34,"enemies":"3 Cultists","floor":30,"turns":5},{"damage":22,"enemies":"Snecko","floor":31,"turns":7},{"damage":76,"enemies":"Champ","floor":33,"turns":17}],"seed_played":"8660853658521952063","potions_obtained":[{"floor":3,"key":"Dexterity Potion"},{"floor":4,"key":"Energy Potion"},{"floor":8,"key":"Dexterity Potion"},{"floor":18,"key":"Fire Potion"},{"floor":28,"key":"BloodPotion"},{"floor":31,"key":"Strength Potion"}],"is_trial":false,"path_per_floor":["M","?","M","M","$","R","M","E","T","R","M","M","?","T","R","B",null,"M","M","M","M","?","R","?","E","T","R","M","$","M","M","R","B"],"character_chosen":"IRONCLAD","items_purchased":["Disarm","War Paint","Toy Ornithopter","Vajra","Explosive Potion"],"campfire_rested":3,"item_purchase_floors":[5,29,29,29,29],"current_hp_per_floor":[80,77,80,80,80,80,80,31,31,31,26,26,46,46,70,56,80,80,72,72,36,36,36,36,16,16,40,33,33,39,33,57,0],"gold":67,"neow_bonus":"","is_prod":false,"is_daily":false,"chose_seed":false,"campfire_upgraded":2,"win_rate":0.0,"timestamp":1545436118,"path_taken":["M","?","M","M","$","R","M","E","T","R","M","M","?","?","R","BOSS","M","M","?","M","?","R","?","E","T","R","M","?","M","?","R","BOSS"],"build_version":"2018-12-20","purchased_purges":1,"victory":false,"max_hp_per_floor":[80,80,80,80,80,80,80,80,80,80,80,80,80,80,80,80,80,80,80,80,80,80,80,80,80,80,80,80,80,80,80,80,80],"card_choices":[{"not_picked":["Perfected Strike","Power Through"],"picked":"Flame Barrier","floor":1},{"not_picked":["Reckless Charge","Pommel Strike"],"picked":"Intimidate","floor":3},{"not_picked":["Second Wind","Anger"],"picked":"Dropkick","floor":4},{"not_picked":["Clash","Pommel Strike"],"picked":"Cleave","floor":7},{"not_picked":["Sword Boomerang","Carnage"],"picked":"Metallicize","floor":8},{"not_picked":["Warcry","Berserk","Rupture"],"picked":"SKIP","floor":11},{"not_picked":["Rage","Warcry"],"picked":"Flame Barrier","floor":12},{"not_picked":["Dark Embrace","Berserk"],"picked":"Reaper","floor":16},{"not_picked":["Bloodletting","Rupture"],"picked":"Headbutt","floor":17},{"not_picked":["Armaments","Clash"],"picked":"Thunderclap","floor":17},{"not_picked":["Cleave","Body Slam"],"picked":"Armaments","floor":17},{"not_picked":["Feel No Pain","Sever Soul"],"picked":"Battle Trance","floor":17},{"not_picked":["Dropkick","Pommel Strike"],"picked":"Clothesline","floor":17},{"not_picked":["Flex+1","Pummel","Fiend Fire"],"picked":"SKIP","floor":18},{"not_picked":["Dual Wield","Corruption","Headbutt"],"picked":"SKIP","floor":19},{"not_picked":["Headbutt","Anger"],"picked":"Infernal Blade","floor":20},{"not_picked":["Inflame","Flex"],"picked":"Armaments+1","floor":21},{"not_picked":["Clash","Body Slam"],"picked":"Dual Wield+1","floor":25},{"not_picked":["Hemokinesis+1","Anger+1","Searing Blow"],"picked":"SKIP","floor":28},{"not_picked":["Burning Pact","Bloodletting"],"picked":"Battle Trance+1","floor":30},{"not_picked":["Clothesline","Battle Trance","Pommel Strike"],"picked":"SKIP","floor":31},{"not_picked":["Flex+1","Iron Wave"],"picked":"Clothesline+1","floor":32}],"player_experience":0,"relics_obtained":[{"floor":8,"key":"Girya"},{"floor":9,"key":"MawBank"},{"floor":9,"key":"StoneCalendar"},{"floor":14,"key":"Bag of Preparation"},{"floor":14,"key":"Bronze Scales"},{"floor":25,"key":"PreservedInsect"},{"floor":26,"key":"Dream Catcher"}],"event_choices":[{"damage_healed":0,"gold_gain":0,"player_choice":"Success","damage_taken":3,"relics_obtained":["Matryoshka"],"max_hp_gain":0,"max_hp_loss":0,"event_name":"Scrap Ooze","floor":2,"gold_loss":0},{"damage_healed":20,"gold_gain":0,"player_choice":"Healed and dodged fight","damage_taken":0,"max_hp_gain":0,"max_hp_loss":0,"event_name":"Mushrooms","floor":13,"gold_loss":0,"cards_obtained":["Parasite"]},{"damage_healed":0,"gold_gain":0,"player_choice":"Opened","damage_taken":0,"relics_obtained":["Potion Belt"],"max_hp_gain":0,"max_hp_loss":0,"event_name":"The Mausoleum","floor":22,"gold_loss":0},{"damage_healed":0,"gold_gain":0,"player_choice":"Obtain J.A.X.","damage_taken":0,"max_hp_gain":0,"max_hp_loss":0,"event_name":"Drug Dealer","floor":24,"gold_loss":0,"cards_obtained":["J.A.X."]}],"is_beta":false,"boss_relics":[{"not_picked":["Lizard Tail","Calling Bell"],"picked":"Orrery"}],"items_purged_floors":[29],"is_endless":false,"potions_floor_spawned":[3,4,8,12,18,19,28,31],"killed_by":"Champ","ascension_level":0}