{"gold_per_floor":[110,185,185,150,21,21,51,51,51,51,76,26,46,46,46,125,125,142,155,430,450,84,84,99,99,111,123,160,172,283,295,307,396,408,435,81,81,4,4,30,42,59,84,96,106,106,124,24,24,24],"floor_reached":51,"playtime":1916,"items_purged":["Regret"],"score":1236,"play_id":"f5d41e37-9416-4dc8-9a16-847c19913821","local_time":"20190131221903","is_ascension_mode":true,"campfire_choices":[{"data":"Zap","floor":6.0,"key":"SMITH"},{"data":"Dualcast","floor":8.0,"key":"SMITH"},{"data":"Echo Form","floor":15.0,"key":"SMITH"},{"data":"Hologram","floor":23.0,"key":"SMITH"},{"data":"Coolheaded","floor":27.0,"key":"SMITH"},{"floor":32.0,"key":"REST"},{"floor":49,"key":"REST"}],"neow_cost":"NONE","seed_source_timestamp":899416570739692,"circlet_count":0,"master_deck":["AscendersBane","Strike_B","Strike_B","Strike_B","Defend_B","Defend_B","Defend_B","Defend_B","Zap+1","Dualcast+1","Go for the Eyes","Self Repair","Leap","Chill","Blizzard","Echo Form+1","Hologram","Coolheaded+1","Biased Cognition","Glacier","Machine Learning","Darkness","Hologram+1","Coolheaded","Glacier","Redo+1","Creative AI+1","Loop+1","Capacitor+1","Storm+1","Echo Form+1"],"special_seed":0,"relics":["Cracked Core","NeowsBlessing","PreservedInsect","Odd Mushroom","StoneCalendar","Mummified Hand","Art of War","Orrery","Toxic Egg 2","MawBank","Frozen Egg 2","Bottled Flame","Spirit Poop","Fusion Hammer","Ginger","Sundial","Pen Nib"],"potions_floor_usage":[50,50],"damage_taken":[{"damage":0.0,"enemies":"2 Louse","floor":1.0,"turns":1.0},{"damage":0.0,"enemies":"The Mushroom Lair","floor":7.0,"turns":1.0},{"damage":0.0,"enemies":"3 Sentries","floor":11.0,"turns":1.0},{"damage":0.0,"enemies":"Small Slimes","floor":13.0,"turns":3.0},{"damage":24.0,"enemies":"Hexaghost","floor":16.0,"turns":11.0},{"damage":4.0,"enemies":"Shell Parasite","floor":18.0,"turns":5.0},{"damage":2.0,"enemies":"Spheric Guardian","floor":19.0,"turns":5.0},{"damage":15.0,"enemies":"Centurion and Healer","floor":21.0,"turns":7.0},{"damage":27.0,"enemies":"3 Cultists","floor":24.0,"turns":6.0},{"damage":21.0,"enemies":"Slavers","floor":28.0,"turns":7.0},{"damage":20.0,"enemies":"Champ","floor":33.0,"turns":17.0},{"damage":5.0,"enemies":"3 Darklings","floor":35.0,"turns":7.0},{"damage":0.0,"enemies":"Giant Head","floor":40.0,"turns":10.0},{"damage":0.0,"enemies":"Orb Walker","floor":41.0,"turns":4.0},{"damage":8.0,"enemies":"Sphere and 2 Shapes","floor":42.0,"turns":6.0},{"damage":46.0,"enemies":"Spire Growth","floor":44.0,"turns":5.0},{"damage":0.0,"enemies":"Maw","floor":45.0,"turns":6.0},{"damage":9,"enemies":"3 Darklings","floor":47,"turns":5},{"damage":24,"enemies":"Donu and Deca","floor":50,"turns":9}],"seed_played":"-8588647734550681358","potions_obtained":[{"floor":11.0,"key":"PowerPotion"},{"floor":21.0,"key":"FocusPotion"},{"floor":42.0,"key":"Swift Potion"},{"floor":44.0,"key":"Weak Potion"}],"is_trial":false,"path_per_floor":["M","?","?","?","$","R","?","R","T","?","E","$","M","T","R","B",null,"M","M","?","M","$","R","M","?","T","R","E","$","?","?","R","B",null,"M","$","?","$","?","E","M","M","T","M","M","?","M","$","R","B",null],"character_chosen":"DEFECT","items_purchased":["Self Repair","Leap","Hologram","Toxic Egg 2","Redo+1","Loop+1","Ginger","Capacitor+1","PowerPotion","Dexterity Potion"],"campfire_rested":2,"item_purchase_floors":[5,5,12,22,22,36,36,38,48,48],"current_hp_per_floor":[68,57,50,68,68,68,68,68,68,68,68,68,75,75,75,58,71,75,75,75,67,67,67,47,47,47,47,33,33,33,33,55,49,69,75,75,71,71,71,71,71,70,70,31,45,45,50,50,71,54],"gold":24,"neow_bonus":"THREE_ENEMY_KILL","is_prod":false,"is_daily":false,"chose_seed":false,"campfire_upgraded":5,"win_rate":0,"timestamp":1548965943,"path_taken":["M","?","?","?","$","R","?","R","T","?","E","?","M","?","R","BOSS","M","M","?","?","$","R","M","?","T","R","E","$","?","?","R","BOSS","M","?","?","?","?","E","M","?","T","M","M","?","M","$","R","BOSS"],"build_version":"2019-01-23","purchased_purges":1,"victory":true,"max_hp_per_floor":[75,75,75,75,75,75,75,75,75,75,75,75,75,75,75,75,75,75,75,75,75,75,75,75,75,75,75,75,75,75,75,75,75,75,75,75,71,71,71,71,71,71,71,71,71,71,71,71,71,71],"card_choices":[{"not_picked":["Steam","Beam Cell"],"picked":"Go for the Eyes","floor":1.0},{"not_picked":["Steam","FTL"],"picked":"Chill","floor":7.0},{"not_picked":["Aggregate","Chaos"],"picked":"Echo Form","floor":11.0},{"not_picked":["Rebound","Beam Cell"],"picked":"Coolheaded","floor":13.0},{"not_picked":["Echo Form","Rainbow"],"picked":"Biased Cognition","floor":16.0},{"not_picked":["Turbo","Sweeping Beam"],"picked":"Glacier","floor":17.0},{"not_picked":["Chaos","Melter"],"picked":"Machine Learning","floor":17.0},{"not_picked":["Compile Driver","Ball Lightning"],"picked":"Darkness","floor":17.0},{"not_picked":["Steam","Sweeping Beam"],"picked":"Hologram","floor":17.0},{"not_picked":["Turbo","Chaos"],"picked":"Coolheaded","floor":17.0},{"not_picked":["Undo","Turbo"],"picked":"Glacier","floor":18.0},{"not_picked":["Hologram","Darkness","Recycle"],"picked":"SKIP","floor":19.0},{"not_picked":["FTL","Lockon","Turbo"],"picked":"SKIP","floor":21.0},{"not_picked":["Steam+1","Redo+1","Ball Lightning"],"picked":"SKIP","floor":24.0},{"not_picked":["Amplify+1","Stack+1","Go for the Eyes"],"picked":"SKIP","floor":28.0},{"not_picked":["Biased Cognition+1","Fission+1"],"picked":"Creative AI+1","floor":33.0},{"not_picked":["Cold Snap","Go for the Eyes","Redo+1"],"picked":"SKIP","floor":35.0},{"not_picked":["Force Field+1","Streamline+1"],"picked":"Storm+1","floor":40.0},{"not_picked":["Ball Lightning","Cold Snap","Sunder"],"picked":"SKIP","floor":41.0},{"not_picked":["Steam+1","Aggregate+1","Beam Cell+1"],"picked":"SKIP","floor":42.0},{"not_picked":["Glacier+1","Self Repair+1"],"picked":"Echo Form+1","floor":44.0},{"not_picked":["Leap+1","Stack+1","FTL"],"picked":"SKIP","floor":45.0},{"not_picked":["Barrage","Skim+1","Steam+1"],"picked":"SKIP","floor":47}],"player_experience":158314,"relics_obtained":[{"floor":7.0,"key":"Odd Mushroom"},{"floor":9.0,"key":"StoneCalendar"},{"floor":11.0,"key":"Mummified Hand"},{"floor":14.0,"key":"Art of War"},{"floor":26.0,"key":"Frozen Egg 2"},{"floor":28.0,"key":"Bottled Flame"},{"floor":40.0,"key":"Sundial"},{"floor":43.0,"key":"Pen Nib"}],"event_choices":[{"damage_healed":0.0,"max_hp_gain":0.0,"max_hp_loss":0.0,"gold_gain":75.0,"event_name":"World of Goop","player_choice":"Gather Gold","floor":2.0,"gold_loss":0.0,"damage_taken":11.0},{"damage_healed":0.0,"max_hp_gain":0.0,"max_hp_loss":0.0,"gold_gain":0.0,"event_name":"Scrap Ooze","player_choice":"Success","floor":3.0,"gold_loss":0.0,"damage_taken":7.0,"relics_obtained":["PreservedInsect"]},{"damage_healed":18.0,"max_hp_gain":0.0,"max_hp_loss":0.0,"gold_gain":0.0,"event_name":"The Cleric","player_choice":"Healed","floor":4.0,"gold_loss":35.0,"damage_taken":0.0},{"damage_healed":0.0,"max_hp_gain":0.0,"max_hp_loss":0.0,"gold_gain":0.0,"event_name":"Mushrooms","player_choice":"Fought Mushrooms","floor":7.0,"gold_loss":0.0,"damage_taken":0.0},{"damage_healed":0.0,"max_hp_gain":0.0,"max_hp_loss":0.0,"gold_gain":0.0,"cards_transformed":["Strike_B"],"event_name":"Living Wall","player_choice":"Change","floor":10.0,"gold_loss":0.0,"damage_taken":0.0,"cards_obtained":["Blizzard"]},{"damage_healed":0.0,"max_hp_gain":0.0,"max_hp_loss":0.0,"gold_gain":275.0,"event_name":"Golden Shrine","player_choice":"Desecrate","floor":20.0,"gold_loss":0.0,"damage_taken":0.0,"cards_obtained":["Regret"]},{"damage_healed":0.0,"max_hp_gain":0.0,"max_hp_loss":0.0,"gold_gain":0.0,"event_name":"The Mausoleum","player_choice":"Opened","floor":25.0,"gold_loss":0.0,"damage_taken":0.0,"relics_obtained":["MawBank"],"cards_obtained":["Writhe"]},{"damage_healed":0.0,"max_hp_gain":0.0,"max_hp_loss":0.0,"gold_gain":99.0,"event_name":"Nest","player_choice":"Stole From Cult","floor":30.0,"gold_loss":0.0,"damage_taken":0.0},{"cards_removed":["Writhe"],"damage_healed":0.0,"max_hp_gain":0.0,"max_hp_loss":0.0,"gold_gain":0.0,"event_name":"Bonfire Elementals","player_choice":"Offered Curse","floor":31.0,"gold_loss":0.0,"damage_taken":0.0,"relics_obtained":["Spirit Poop"]},{"damage_healed":0.0,"max_hp_gain":0.0,"max_hp_loss":4.0,"gold_gain":0.0,"event_name":"Winding Halls","player_choice":"Max HP","floor":37.0,"gold_loss":0.0,"damage_taken":0.0},{"damage_healed":0.0,"max_hp_gain":0.0,"max_hp_loss":0.0,"gold_gain":0.0,"event_name":"Wheel of Change","player_choice":"Full Heal","floor":39.0,"gold_loss":0.0,"damage_taken":0.0},{"damage_healed":0,"gold_gain":0,"player_choice":"Ignored","damage_taken":0,"max_hp_gain":0,"max_hp_loss":0,"event_name":"Mysterious Sphere","floor":46,"gold_loss":0}],"is_beta":false,"boss_relics":[{"not_picked":["Snecko Eye","Eternal Feather"],"picked":"Orrery"},{"not_picked":["Sozu","Runic Dome"],"picked":"Fusion Hammer"}],"items_purged_floors":[22],"is_endless":false,"potions_floor_spawned":[11,21,42,44,47],"ascension_level":13}