{"gold_per_floor":[115,290,303,58,58,83,98,98,98,110,110,130,205,55,55,158,158,172,172,186,213,41,41,41,41,68,82,82,82,82,93,93,93],"floor_reached":33,"playtime":1725,"items_purged":["Pain","Doubt"],"score":348,"play_id":"51b1344d-b0d8-481d-9eb1-aad6cfc8bd9b","local_time":"20190209101646","is_ascension_mode":true,"campfire_choices":[{"data":"Defragment","floor":8,"key":"SMITH"},{"floor":11,"key":"REST"},{"floor":15,"key":"REST"},{"floor":23,"key":"REST"},{"floor":25,"key":"REST"},{"floor":29,"key":"REST"},{"floor":32,"key":"REST"}],"neow_cost":"NONE","seed_source_timestamp":2411202878250844,"circlet_count":0,"master_deck":["Strike_B","Strike_B","Strike_B","Strike_B","Defend_B","Defend_B","Defend_B","Defend_B","Zap","Dualcast","Defragment+1","Go for the Eyes","Force Field","Leap","Conserve Battery","Storm","Loop","Creative AI","Go for the Eyes","Conserve Battery+1","Self Repair","Genetic Algorithm","Shame","White Noise"],"relics":["Cracked Core","NeowsBlessing","Bottled Tornado","WarpedTongs","Pen Nib","Symbiotic Virus","Philosopher\u0027s Stone","MutagenicStrength","Red Mask","Enchiridion","Bag of Marbles","Darkstone Periapt"],"potions_floor_usage":[16,16,21,21,21,33],"damage_taken":[{"damage":0,"enemies":"Small Slimes","floor":1,"turns":1},{"damage":0,"enemies":"2 Louse","floor":3,"turns":1},{"damage":0,"enemies":"Lagavulin","floor":6,"turns":1},{"damage":5,"enemies":"Cultist","floor":7,"turns":4},{"damage":2,"enemies":"3 Louse","floor":10,"turns":4},{"damage":7,"enemies":"Exordium Thugs","floor":12,"turns":5},{"damage":5,"enemies":"The Guardian","floor":16,"turns":7},{"damage":0,"enemies":"Chosen","floor":18,"turns":4},{"damage":42,"enemies":"2 Thieves","floor":20,"turns":5},{"damage":13,"enemies":"Masked Bandits","floor":21,"turns":5},{"damage":13,"enemies":"Centurion and Healer","floor":27,"turns":5},{"damage":61,"enemies":"3 Cultists","floor":31,"turns":6},{"damage":38,"enemies":"Collector","floor":33,"turns":3}],"seed_played":"-3570853769189773172","potions_obtained":[{"floor":1,"key":"EssenceOfSteel"},{"floor":6,"key":"PowerPotion"},{"floor":12,"key":"GamblersBrew"},{"floor":18,"key":"SkillPotion"},{"floor":20,"key":"SpeedPotion"},{"floor":27,"key":"Swift Potion"}],"is_trial":false,"path_per_floor":["M","?","M","$","?","E","M","R","T","M","R","M","?","$","R","B",null,"M","?","M","?","$","R","?","R","T","M","?","R","?","M","R","B"],"character_chosen":"DEFECT","items_purchased":["Bottled Tornado","Loop","Self Repair"],"campfire_rested":6,"item_purchase_floors":[4,14,22],"current_hp_per_floor":[68,68,68,68,68,68,63,63,63,61,75,68,57,57,75,70,74,74,74,32,19,19,41,25,47,47,48,34,58,64,13,38,0],"gold":93,"neow_bonus":"THREE_ENEMY_KILL","is_prod":false,"is_daily":false,"chose_seed":false,"campfire_upgraded":1,"win_rate":0,"timestamp":1549736206,"path_taken":["M","?","M","$","?","E","?","R","T","M","R","M","?","?","R","BOSS","M","?","M","?","$","R","?","R","T","M","?","R","?","M","R","BOSS"],"build_version":"2019-01-23","purchased_purges":2,"victory":false,"max_hp_per_floor":[75,75,75,75,75,75,75,75,75,75,75,75,75,75,75,75,75,75,75,75,75,75,75,75,75,75,75,80,80,86,86,86,86],"card_choices":[{"not_picked":["Conserve Battery","Redo"],"picked":"Defragment","floor":1},{"not_picked":["Genetic Algorithm","Beam Cell"],"picked":"Go for the Eyes","floor":3},{"not_picked":["Doom and Gloom","Undo"],"picked":"Force Field","floor":6},{"not_picked":["Stack","Gash"],"picked":"Leap","floor":7},{"not_picked":["Turbo","Gash"],"picked":"Conserve Battery","floor":10},{"not_picked":["Stack","Steam"],"picked":"Storm","floor":12},{"not_picked":["Echo Form","All For One"],"picked":"Creative AI","floor":16},{"not_picked":["Cold Snap","Glacier+1","Steam Power"],"picked":"SKIP","floor":18},{"not_picked":["Rebound","Cold Snap"],"picked":"Go for the Eyes","floor":20},{"not_picked":["Machine Learning","Force Field"],"picked":"Conserve Battery+1","floor":21},{"not_picked":["Coolheaded+1","Beam Cell"],"picked":"Genetic Algorithm","floor":27},{"not_picked":["Compile Driver","Glacier"],"picked":"White Noise","floor":31}],"player_experience":303202,"relics_obtained":[{"floor":6,"key":"Pen Nib"},{"floor":9,"key":"Symbiotic Virus"},{"floor":21,"key":"Red Mask"},{"floor":24,"key":"Enchiridion"},{"floor":26,"key":"Bag of Marbles"}],"event_choices":[{"damage_healed":0,"gold_gain":175,"player_choice":"AGREE","damage_taken":0,"max_hp_gain":0,"max_hp_loss":0,"event_name":"Liars Game","floor":2,"gold_loss":0,"cards_obtained":["Doubt"]},{"damage_healed":0,"gold_gain":0,"player_choice":"Rummage","damage_taken":0,"relics_obtained":["WarpedTongs"],"max_hp_gain":0,"max_hp_loss":0,"event_name":"Accursed Blacksmith","floor":5,"gold_loss":0,"cards_obtained":["Pain"]},{"damage_healed":0,"gold_gain":75,"player_choice":"Gather Gold","damage_taken":11,"max_hp_gain":0,"max_hp_loss":0,"event_name":"World of Goop","floor":13,"gold_loss":0},{"damage_healed":0,"gold_gain":0,"player_choice":"Inject Mutagens","damage_taken":0,"relics_obtained":["MutagenicStrength"],"max_hp_gain":0,"max_hp_loss":0,"event_name":"Drug Dealer","floor":19,"gold_loss":0},{"damage_healed":0,"gold_gain":0,"player_choice":"Fought Bandits","damage_taken":0,"max_hp_gain":0,"max_hp_loss":0,"event_name":"Masked Bandits","floor":21,"gold_loss":0},{"damage_healed":0,"gold_gain":0,"player_choice":"Obtained Book","damage_taken":16,"max_hp_gain":0,"max_hp_loss":0,"event_name":"Cursed Tome","floor":24,"gold_loss":0},{"damage_healed":0,"gold_gain":0,"player_choice":"Shed Blood","damage_taken":19,"max_hp_gain":5,"max_hp_loss":0,"event_name":"Forgotten Altar","floor":28,"gold_loss":0},{"damage_healed":0,"gold_gain":0,"player_choice":"Stole Relic","damage_taken":0,"relics_obtained":["Darkstone Periapt"],"max_hp_gain":0,"max_hp_loss":0,"event_name":"Addict","floor":30,"gold_loss":0,"cards_obtained":["Shame"]}],"is_beta":false,"boss_relics":[{"not_picked":["Snecko Eye","Lizard Tail"],"picked":"Philosopher\u0027s Stone"}],"items_purged_floors":[14,22],"is_endless":false,"potions_floor_spawned":[1,6,12,18,20,27],"killed_by":"Collector","ascension_level":6}