{"gold_per_floor":[114,114,114,126,141,141,169,186,239,269,282,88,88,104,104,205,205,216,19,19,74,85,85,116,116,116,116,147,164,174,174,174,174],"floor_reached":33,"playtime":2099,"items_purged":["Strike_G"],"score":473,"play_id":"c631cbd7-1bd1-4186-9f4f-50d99da289f6","local_time":"20190213212508","is_ascension_mode":true,"campfire_choices":[{"data":"Cloak And Dagger","floor":6,"key":"SMITH"},{"floor":15,"key":"REST"},{"floor":23,"key":"REST"},{"floor":25,"key":"REST"},{"data":"Tools of the Trade","floor":27,"key":"SMITH"},{"data":"Distraction","floor":32,"key":"SMITH"}],"neow_cost":"NONE","seed_source_timestamp":2906553165358,"circlet_count":0,"master_deck":["Defend_G","Defend_G","Defend_G","Defend_G","Defend_G","Strike_G","Strike_G","Strike_G","Survivor","Neutralize","Dagger Spray","Deadly Poison","Cloak And Dagger+1","Accuracy","Distraction+1","Quick Slash","Poisoned Stab","Tools of the Trade+1","Blur+1","Well Laid Plans","Dagger Throw+1","Blur+1","Bane","Acrobatics","Ghostly","Ghostly","Ghostly","Ghostly","Ghostly"],"relics":["Ring of the Snake","NeowsBlessing","Kunai","Smiling Mask","Bag of Marbles","Bottled Flame","Vajra","Matryoshka","Eternal Feather","TwistedFunnel","Ancient Tea Set","PreservedInsect","Oddly Smooth Stone","Strawberry","Sundial","Pear"],"potions_floor_usage":[10,16,24,28],"damage_taken":[{"damage":0,"enemies":"Small Slimes","floor":1,"turns":1},{"damage":0,"enemies":"2 Louse","floor":4,"turns":1},{"damage":0,"enemies":"Cultist","floor":5,"turns":1},{"damage":19,"enemies":"3 Sentries","floor":7,"turns":11},{"damage":2,"enemies":"Red Slaver","floor":8,"turns":3},{"damage":30,"enemies":"Gremlin Nob","floor":10,"turns":4},{"damage":0,"enemies":"Lots of Slimes","floor":11,"turns":1},{"damage":0,"enemies":"3 Louse","floor":14,"turns":1},{"damage":28,"enemies":"The Guardian","floor":16,"turns":13},{"damage":36,"enemies":"2 Thieves","floor":18,"turns":4},{"damage":30,"enemies":"Shell Parasite","floor":22,"turns":8},{"damage":0,"enemies":"Gremlin Leader","floor":24,"turns":3},{"damage":20,"enemies":"Book of Stabbing","floor":28,"turns":5},{"damage":28,"enemies":"Cultist and Chosen","floor":29,"turns":8},{"damage":17,"enemies":"Shelled Parasite and Fungi","floor":30,"turns":6},{"damage":37,"enemies":"Automaton","floor":33,"turns":6}],"seed_played":"3501204207004561719","potions_obtained":[{"floor":7,"key":"PowerPotion"},{"floor":8,"key":"Ancient Potion"},{"floor":10,"key":"Block Potion"},{"floor":22,"key":"SteroidPotion"}],"is_trial":false,"path_per_floor":["M","?","?","M","M","R","E","M","T","E","M","$","T","M","R","B",null,"M","$","?","T","M","R","E","R","T","R","E","M","M","?","R","B"],"character_chosen":"THE_SILENT","items_purchased":["Vajra","TwistedFunnel"],"campfire_rested":3,"item_purchase_floors":[12,19],"current_hp_per_floor":[63,60,60,60,60,60,41,39,39,9,9,9,9,9,30,2,53,17,17,40,40,10,43,43,70,77,77,67,39,22,22,37,0],"gold":174,"neow_bonus":"THREE_ENEMY_KILL","is_prod":false,"is_daily":false,"chose_seed":false,"campfire_upgraded":3,"win_rate":0,"timestamp":1550121908,"path_taken":["M","?","?","?","M","R","E","M","T","E","M","$","?","?","R","BOSS","M","$","?","?","M","R","E","R","T","R","E","M","M","?","R","BOSS"],"build_version":"2019-01-23","purchased_purges":1,"victory":false,"max_hp_per_floor":[70,70,70,70,70,70,70,70,70,70,70,70,70,70,70,70,70,70,70,70,70,70,70,70,70,77,77,87,87,87,43,43,43],"card_choices":[{"not_picked":["Deflect","Eviscerate"],"picked":"Dagger Spray","floor":1},{"not_picked":["Setup","Terror"],"picked":"Deadly Poison","floor":4},{"not_picked":["Doppelganger","Dagger Spray"],"picked":"Cloak And Dagger","floor":5},{"not_picked":["Deflect","Dodge and Roll"],"picked":"Accuracy","floor":7},{"not_picked":["Escape Plan","Setup","Concentrate"],"picked":"SKIP","floor":8},{"not_picked":["Bane","Sucker Punch"],"picked":"Distraction","floor":10},{"not_picked":["Prepared","Grand Finale"],"picked":"Quick Slash","floor":11},{"not_picked":["Predator","Acrobatics"],"picked":"Poisoned Stab","floor":14},{"not_picked":["Adrenaline","Wraith Form v2"],"picked":"Tools of the Trade","floor":16},{"not_picked":["Bane","Dodge and Roll"],"picked":"Blur+1","floor":18},{"not_picked":["Underhanded Strike","Outmaneuver+1"],"picked":"Well Laid Plans","floor":22},{"not_picked":["Dodge and Roll+1","Quick Slash+1"],"picked":"Dagger Throw+1","floor":24},{"not_picked":["Blade Dance","Well Laid Plans"],"picked":"Blur+1","floor":28},{"not_picked":["Riddle With Holes","Prepared"],"picked":"Bane","floor":29},{"not_picked":["Deflect","Phantasmal Killer"],"picked":"Acrobatics","floor":30}],"player_experience":381761,"relics_obtained":[{"floor":7,"key":"Smiling Mask"},{"floor":9,"key":"Bag of Marbles"},{"floor":10,"key":"Bottled Flame"},{"floor":13,"key":"Matryoshka"},{"floor":21,"key":"Ancient Tea Set"},{"floor":21,"key":"PreservedInsect"},{"floor":24,"key":"Oddly Smooth Stone"},{"floor":26,"key":"Strawberry"},{"floor":26,"key":"Sundial"},{"floor":28,"key":"Pear"}],"event_choices":[{"damage_healed":0,"gold_gain":0,"player_choice":"Success","damage_taken":3,"relics_obtained":["Kunai"],"max_hp_gain":0,"max_hp_loss":0,"event_name":"Scrap Ooze","floor":2,"gold_loss":0},{"cards_removed":["Strike_G"],"damage_healed":0,"gold_gain":0,"player_choice":"Offered Basic","damage_taken":0,"max_hp_gain":0,"max_hp_loss":0,"event_name":"Bonfire Elementals","floor":3,"gold_loss":0},{"damage_healed":23,"gold_gain":0,"player_choice":"Heal","damage_taken":0,"max_hp_gain":0,"max_hp_loss":0,"event_name":"The Library","floor":20,"gold_loss":0},{"damage_healed":0,"gold_gain":0,"player_choice":"Became a Ghost","damage_taken":0,"max_hp_gain":0,"max_hp_loss":44,"event_name":"Ghosts","floor":31,"gold_loss":0,"cards_obtained":["Ghostly","Ghostly","Ghostly","Ghostly","Ghostly"]}],"is_beta":false,"boss_relics":[{"not_picked":["Calling Bell","Orrery"],"picked":"Eternal Feather"}],"items_purged_floors":[12],"is_endless":false,"potions_floor_spawned":[7,8,10,22],"killed_by":"Automaton","ascension_level":8}