{"gold_per_floor":[364,380,41,41,57,114,114,129,156,156,167,192,157,186,186,281,281,266,226,72,84,98,123,23,50,123,123],"floor_reached":27,"playtime":1050,"items_purged":["Injury","Strike_B"],"score":366,"play_id":"ff588f47-fa71-41d6-a3b0-a0f70afc5992","local_time":"20190121225302","is_ascension_mode":true,"campfire_choices":[{"floor":7.0,"key":"REST"},{"data":"Defragment","floor":10.0,"key":"SMITH"},{"data":"Loop","floor":15.0,"key":"SMITH"}],"neow_cost":"CURSE","seed_source_timestamp":38263684707692,"circlet_count":0,"master_deck":["Strike_B","Strike_B","Strike_B","Defend_B","Defend_B","Defend_B","Defend_B","Zap+1","Dualcast","Auto Shields","Gash","Conserve Battery","Defragment+1","Coolheaded","Biased Cognition","Leap","Loop+1","Electrodynamics","Defragment","Doom and Gloom","Conserve Battery","Machine Learning"],"special_seed":0,"relics":["Cracked Core","Runic Capacitor","DataDisk","Tiny Chest","Orichalcum","Bronze Scales","Omamori","Sozu","Bottled Flame","Ornamental Fan","Gremlin Horn"],"potions_floor_usage":[27],"damage_taken":[{"damage":1.0,"enemies":"Cultist","floor":1.0,"turns":3.0},{"damage":2.0,"enemies":"Jaw Worm","floor":2.0,"turns":3.0},{"damage":2.0,"enemies":"2 Louse","floor":5.0,"turns":3.0},{"damage":50.0,"enemies":"3 Sentries","floor":6.0,"turns":12.0},{"damage":12.0,"enemies":"Lots of Slimes","floor":8.0,"turns":5.0},{"damage":0.0,"enemies":"Looter","floor":11.0,"turns":3.0},{"damage":22.0,"enemies":"Gremlin Nob","floor":12.0,"turns":4.0},{"damage":1.0,"enemies":"3 Sentries","floor":14.0,"turns":6.0},{"damage":12.0,"enemies":"Hexaghost","floor":16.0,"turns":6.0},{"damage":4.0,"enemies":"2 Thieves","floor":18.0,"turns":4.0},{"damage":6.0,"enemies":"Chosen","floor":21.0,"turns":5.0},{"damage":0.0,"enemies":"Sentry and Sphere","floor":22.0,"turns":3.0},{"damage":22.0,"enemies":"Gremlin Leader","floor":23.0,"turns":5.0},{"damage":23.0,"enemies":"Slavers","floor":25.0,"turns":2.0},{"damage":10,"enemies":"Snake Plant","floor":27,"turns":3}],"seed_played":"8774343516650414297","potions_obtained":[{"floor":5.0,"key":"Dexterity Potion"},{"floor":6.0,"key":"Regen Potion"},{"floor":8.0,"key":"GamblersBrew"},{"floor":14.0,"key":"GamblersBrew"}],"is_trial":false,"path_per_floor":["M","M","$","?","M","E","R","M","T","R","M","E","?","E","R","B",null,"M","?","$","M","M","E","$","E","T","M"],"character_chosen":"DEFECT","items_purchased":["Runic Capacitor","DataDisk","Defragment"],"campfire_rested":1,"item_purchase_floors":[3,3,20],"current_hp_per_floor":[67,65,65,65,63,13,35,37,37,37,37,15,33,32,32,20,61,57,57,57,51,51,29,29,6,6,0],"gold":123,"neow_bonus":"TWO_FIFTY_GOLD","is_prod":false,"is_daily":false,"chose_seed":false,"campfire_upgraded":2,"win_rate":0,"timestamp":1548103982,"path_taken":["M","M","$","?","M","E","R","M","T","R","M","E","?","E","R","BOSS","M","?","$","M","M","E","$","E","T","?"],"build_version":"2019-01-17v2","purchased_purges":2,"victory":false,"max_hp_per_floor":[75,75,75,75,75,75,75,75,75,75,75,75,75,75,75,75,75,75,75,75,75,75,75,75,75,75,75],"card_choices":[{"not_picked":["Beam Cell","Hello World"],"picked":"Auto Shields","floor":1.0},{"not_picked":["Force Field","Compile Driver"],"picked":"Gash","floor":2.0},{"not_picked":["Go for the Eyes","Rebound"],"picked":"Conserve Battery","floor":5.0},{"not_picked":["Rebound","Steam"],"picked":"Defragment","floor":6.0},{"not_picked":["Compile Driver","Redo"],"picked":"Coolheaded","floor":8.0},{"not_picked":["Chaos","Stack"],"picked":"Biased Cognition","floor":11.0},{"not_picked":["Rebound","Melter"],"picked":"Leap","floor":12.0},{"not_picked":["Coolheaded","Beam Cell"],"picked":"Loop","floor":14.0},{"not_picked":["Echo Form","Buffer"],"picked":"Electrodynamics","floor":16.0},{"not_picked":["Beam Cell","Compile Driver","Rebound"],"picked":"SKIP","floor":18.0},{"not_picked":["Compile Driver","Gash+1"],"picked":"Doom and Gloom","floor":21.0},{"not_picked":["Rebound+1","Stack"],"picked":"Conserve Battery","floor":22.0},{"not_picked":["Heatsinks","Coolheaded"],"picked":"Machine Learning","floor":23.0},{"not_picked":["Steam","Streamline","Gash"],"picked":"SKIP","floor":25.0}],"player_experience":112165,"relics_obtained":[{"floor":6.0,"key":"Tiny Chest"},{"floor":9.0,"key":"Orichalcum"},{"floor":12.0,"key":"Bronze Scales"},{"floor":14.0,"key":"Omamori"},{"floor":23.0,"key":"Bottled Flame"},{"floor":25.0,"key":"Ornamental Fan"},{"floor":26.0,"key":"Gremlin Horn"}],"event_choices":[{"damage_healed":0.0,"max_hp_gain":0.0,"max_hp_loss":0.0,"gold_gain":0.0,"event_name":"Liars Game","player_choice":"Ignored","floor":4.0,"gold_loss":0.0,"damage_taken":0.0},{"damage_healed":18.0,"max_hp_gain":0.0,"max_hp_loss":0.0,"gold_gain":0.0,"event_name":"The Cleric","player_choice":"Healed","floor":13.0,"gold_loss":35.0,"damage_taken":0.0},{"damage_healed":0.0,"max_hp_gain":0.0,"max_hp_loss":0.0,"gold_gain":0.0,"event_name":"Designer","player_choice":"Upgrade","floor":19.0,"gold_loss":40.0,"damage_taken":0.0,"cards_upgraded":["Zap"]}],"is_beta":false,"boss_relics":[{"not_picked":["Calling Bell","Lizard Tail"],"picked":"Sozu"}],"items_purged_floors":[20,24],"is_endless":false,"potions_floor_spawned":[5,6,8,14,25],"killed_by":"Snake Plant","ascension_level":7}