{"gold_per_floor":[116,191,191,201,65,65,100,100,147,159,212,245,257,289,301,409,484,519,531],"floor_reached":19,"playtime":499,"items_purged":[],"score":390,"play_id":"2bcaabaa-a67d-44fa-84d0-8b2d89eeefb5","local_time":"20190204234443","is_ascension_mode":true,"campfire_choices":[{"data":"Zap","floor":6,"key":"SMITH"},{"data":"Streamline","floor":15,"key":"SMITH"}],"neow_cost":"NONE","seed_source_timestamp":1251654990737641,"circlet_count":0,"master_deck":["AscendersBane","Strike_B","Strike_B","Strike_B","Strike_B","Defend_B+1","Defend_B","Defend_B","Defend_B","Zap+1","Dualcast","Streamline+1","Self Repair","Coolheaded","Leap","BootSequence","Auto Shields","Core Surge"],"relics":["Cracked Core","NeowsBlessing","GremlinMask","Meat on the Bone","MawBank","Golden Idol","StoneCalendar","Tiny House"],"potions_floor_usage":[16,18,18,18],"damage_taken":[{"damage":0,"enemies":"2 Louse","floor":1,"turns":1},{"damage":0,"enemies":"Small Slimes","floor":4,"turns":1},{"damage":0,"enemies":"3 Sentries","floor":7,"turns":1},{"damage":38,"enemies":"Lagavulin","floor":11,"turns":8},{"damage":0,"enemies":"Cultist","floor":12,"turns":3},{"damage":16,"enemies":"3 Louse","floor":14,"turns":5},{"damage":40,"enemies":"The Guardian","floor":16,"turns":15},{"damage":17,"enemies":"3 Byrds","floor":18,"turns":4},{"damage":54,"enemies":"Masked Bandits","floor":19,"turns":4}],"seed_played":"-999944004484959701","potions_obtained":[{"floor":11,"key":"PowerPotion"},{"floor":12,"key":"FocusPotion"},{"floor":16,"key":"EntropicBrew"}],"is_trial":false,"path_per_floor":["M","?","?","M","$","R","E","$","T","?","E","M","?","M","R","B",null,"M","?"],"character_chosen":"DEFECT","items_purchased":["Self Repair","Coolheaded"],"campfire_rested":0,"item_purchase_floors":[5,5],"current_hp_per_floor":[64,53,53,53,53,53,53,53,53,53,34,41,41,44,44,23,59,49,0],"gold":531,"neow_bonus":"THREE_ENEMY_KILL","is_prod":false,"is_daily":false,"chose_seed":false,"campfire_upgraded":2,"win_rate":0,"timestamp":1549316683,"path_taken":["M","?","?","?","$","R","E","$","T","?","E","M","?","M","R","BOSS","M","?"],"build_version":"2019-01-23","purchased_purges":0,"victory":false,"max_hp_per_floor":[71,71,71,71,71,71,71,71,71,64,64,64,64,64,64,64,69,69,69],"card_choices":[{"not_picked":["Gash","Scrape"],"picked":"Streamline","floor":1},{"not_picked":["Streamline","Barrage","Gash"],"picked":"SKIP","floor":4},{"not_picked":["Heatsinks","Steam"],"picked":"Leap","floor":7},{"not_picked":["Chaos","Sweeping Beam","Streamline"],"picked":"SKIP","floor":11},{"not_picked":["Storm","Heatsinks"],"picked":"BootSequence","floor":12},{"not_picked":["Sunder","Reinforced Body"],"picked":"Auto Shields","floor":14},{"not_picked":["Rainbow","Creative AI"],"picked":"Core Surge","floor":16},{"not_picked":["Undo","Streamline","Compile Driver"],"picked":"SKIP","floor":18}],"player_experience":185631,"relics_obtained":[{"floor":7,"key":"Meat on the Bone"},{"floor":9,"key":"MawBank"},{"floor":11,"key":"StoneCalendar"}],"event_choices":[{"damage_healed":0,"gold_gain":75,"player_choice":"Gather Gold","damage_taken":11,"max_hp_gain":0,"max_hp_loss":0,"event_name":"World of Goop","floor":2,"gold_loss":0},{"damage_healed":0,"gold_gain":0,"player_choice":"Trade","damage_taken":0,"relics_obtained":["GremlinMask"],"max_hp_gain":0,"max_hp_loss":0,"event_name":"FaceTrader","floor":3,"gold_loss":0},{"damage_healed":0,"gold_gain":0,"player_choice":"Lose Max HP","damage_taken":0,"relics_obtained":["Golden Idol"],"max_hp_gain":0,"max_hp_loss":7,"event_name":"Golden Idol","floor":10,"gold_loss":0},{"damage_healed":0,"gold_gain":0,"player_choice":"Got Potions","damage_taken":0,"max_hp_gain":0,"max_hp_loss":0,"event_name":"Lab","floor":13,"gold_loss":0},{"damage_healed":0,"gold_gain":0,"player_choice":"Fought Bandits","damage_taken":0,"max_hp_gain":0,"max_hp_loss":0,"event_name":"Masked Bandits","floor":19,"gold_loss":0}],"is_beta":false,"boss_relics":[{"not_picked":["Ectoplasm","Nuclear Battery"],"picked":"Tiny House"}],"items_purged_floors":[],"is_endless":false,"potions_floor_spawned":[11,12,14,16],"killed_by":"Masked Bandits","ascension_level":19}