{"gold_per_floor":[116,116,66,85,85,85,85,100,169,169,186,186,186,202,202,300,300,315,11,11,101,119,119,139,139],"floor_reached":25,"playtime":1025,"items_purged":[],"score":325,"play_id":"7694abc5-ca7d-4871-936a-db2f74baaf00","local_time":"20190211001428","is_ascension_mode":true,"campfire_choices":[{"floor":6,"key":"REST"},{"data":"Demon Form","floor":13,"key":"SMITH"},{"data":"Bash","floor":15,"key":"SMITH"},{"floor":23,"key":"REST"}],"neow_cost":"CURSE","seed_source_timestamp":2548568911602040,"circlet_count":0,"master_deck":["Strike_R","Strike_R","Defend_R","Defend_R","Defend_R","Bash+1","Demon Form+1","Headbutt","Heavy Blade","Iron Wave","Immolate","Juggernaut","Berserk+1","Barricade+1","Perfected Strike+1","Disarm","Armaments","Metallicize"],"relics":["Burning Blood","Mercury Hourglass","Astrolabe","Girya"],"potions_floor_usage":[18,18,25,25],"damage_taken":[{"damage":14,"enemies":"2 Louse","floor":1,"turns":3},{"damage":8,"enemies":"Jaw Worm","floor":4,"turns":4},{"damage":1,"enemies":"Cultist","floor":8,"turns":3},{"damage":0,"enemies":"3 Louse","floor":11,"turns":2},{"damage":11,"enemies":"Blue Slaver","floor":14,"turns":4},{"damage":0,"enemies":"Slime Boss","floor":16,"turns":6},{"damage":42,"enemies":"3 Byrds","floor":18,"turns":4},{"damage":23,"enemies":"2 Thieves","floor":22,"turns":4},{"damage":37,"enemies":"3 Cultists","floor":24,"turns":5},{"damage":12,"enemies":"Snake Plant","floor":25,"turns":4}],"seed_played":"1836882650596898936","potions_obtained":[{"floor":4,"key":"Weak Potion"},{"floor":11,"key":"Block Potion"},{"floor":14,"key":"BloodPotion"},{"floor":24,"key":"GamblersBrew"}],"is_trial":false,"path_per_floor":["M","?","?","M","$","R","$","M","T","?","M","?","R","M","R","B",null,"M","$","?","?","M","R","M","M"],"character_chosen":"IRONCLAD","items_purchased":["Girya"],"campfire_rested":2,"item_purchase_floors":[19],"current_hp_per_floor":[64,57,57,55,55,79,79,80,80,80,80,80,80,75,75,80,80,52,52,52,36,19,43,12,0],"gold":139,"neow_bonus":"THREE_RARE_CARDS","is_prod":false,"is_daily":false,"chose_seed":false,"campfire_upgraded":2,"win_rate":0,"timestamp":1549872868,"path_taken":["M","?","?","M","?","R","$","?","T","?","?","?","R","M","R","BOSS","M","$","?","?","?","R","?","M"],"build_version":"2019-01-23","purchased_purges":0,"victory":false,"max_hp_per_floor":[80,80,80,80,80,80,80,80,80,80,80,80,80,80,80,80,80,80,80,80,80,80,80,80,80],"card_choices":[{"not_picked":["Juggernaut","Bludgeon"],"picked":"Demon Form","floor":0},{"not_picked":["Carnage","Perfected Strike","Reckless Charge"],"picked":"SKIP","floor":1},{"not_picked":["Wild Strike","Shockwave"],"picked":"Headbutt","floor":4},{"not_picked":["Carnage","Reckless Charge"],"picked":"Heavy Blade","floor":8},{"not_picked":["Carnage","Wild Strike"],"picked":"Iron Wave","floor":11},{"not_picked":["Burning Pact","Thunderclap"],"picked":"Immolate","floor":14},{"not_picked":["Feed","Limit Break"],"picked":"Juggernaut","floor":16},{"not_picked":["Wild Strike","Reckless Charge"],"picked":"Disarm","floor":18},{"not_picked":["Body Slam","Twin Strike"],"picked":"Armaments","floor":22},{"not_picked":["Sentinel","Blood for Blood"],"picked":"Metallicize","floor":24}],"player_experience":350119,"relics_obtained":[{"floor":9,"key":"Mercury Hourglass"}],"event_choices":[{"cards_removed":["Shame"],"damage_healed":0,"gold_gain":0,"player_choice":"Card Removal","damage_taken":7,"max_hp_gain":0,"max_hp_loss":0,"event_name":"Golden Wing","floor":2,"gold_loss":0},{"cards_removed":["Strike_R"],"damage_healed":0,"gold_gain":0,"player_choice":"Card Removal","damage_taken":0,"max_hp_gain":0,"max_hp_loss":0,"event_name":"The Cleric","floor":3,"gold_loss":50},{"damage_healed":0,"gold_gain":0,"player_choice":"Cursed","damage_taken":0,"max_hp_gain":0,"max_hp_loss":0,"event_name":"Wheel of Change","floor":10,"gold_loss":0,"cards_obtained":["Decay"]},{"cards_removed":["Decay"],"damage_healed":0,"gold_gain":0,"player_choice":"Forget","damage_taken":0,"max_hp_gain":0,"max_hp_loss":0,"event_name":"Living Wall","floor":12,"gold_loss":0},{"damage_healed":0,"gold_gain":0,"player_choice":"Ignored","damage_taken":0,"max_hp_gain":0,"max_hp_loss":0,"event_name":"Vampires","floor":20,"gold_loss":0},{"damage_healed":0,"gold_gain":90,"player_choice":"GOLD ","damage_taken":16,"max_hp_gain":0,"max_hp_loss":0,"event_name":"Knowing Skull","floor":21,"potions_obtained":[],"gold_loss":0,"cards_obtained":[]}],"is_beta":false,"boss_relics":[{"not_picked":["Runic Pyramid","Tiny House"],"picked":"Astrolabe"}],"items_purged_floors":[],"is_endless":false,"potions_floor_spawned":[4,11,14,24],"killed_by":"Snake Plant","ascension_level":7}