{"gold_per_floor":[109,109,122,122,122,165,195,226,318,330,362,67,83,94,94,191,191,146,146,146,3,3,3,3,3,3,3,3,3,3,3,3,3,3,3,3,3,3,3,3,3,3,3,3,3,3,3,3,3,3],"floor_reached":51,"playtime":2160,"items_purged":[],"score":769,"play_id":"5cb16d20-ede0-4f5d-8eff-1c69a039c264","local_time":"20190216110227","is_ascension_mode":false,"campfire_choices":[{"data":"Zap","floor":10,"key":"SMITH"},{"data":"Defragment","floor":15,"key":"SMITH"},{"floor":27,"key":"REST"},{"data":"Fission","floor":29,"key":"SMITH"},{"floor":32,"key":"REST"},{"data":"Defragment","floor":40,"key":"SMITH"},{"data":"Dualcast","floor":46,"key":"SMITH"},{"floor":49,"key":"REST"}],"neow_cost":"NONE","seed_source_timestamp":6202546858910,"circlet_count":0,"master_deck":["Strike_B+1","Strike_B+1","Strike_B+1","Strike_B+1","Defend_B+1","Defend_B+1","Defend_B+1","Defend_B+1","Zap+1","Dualcast+1","Gash","White Noise","Sweeping Beam","Conserve Battery","Tempest","Defragment+1","Ball Lightning","Cold Snap","Fission+1","Gash+1","Coolheaded","Ball Lightning","Flash of Steel","Loop+1","Conserve Battery+1","Skim","Conserve Battery","Melter+1","Defragment+1","Ball Lightning","Defragment+1","White Noise+1","Jack Of All Trades","Recycle+1","Fusion+1","Compile Driver"],"relics":["FrozenCore","NeowsBlessing","Gremlin Horn","MawBank","Matryoshka","Darkstone Periapt","Cables","Oddly Smooth Stone","PreservedInsect","Ectoplasm","Happy Flower","Juzu Bracelet","Dream Catcher","Bronze Scales","Pocketwatch","Toxic Egg 2","Ancient Tea Set"],"potions_floor_usage":[11,33,50,50,50],"damage_taken":[{"damage":0,"enemies":"Cultist","floor":1,"turns":1},{"damage":0,"enemies":"Jaw Worm","floor":3,"turns":1},{"damage":0,"enemies":"3 Sentries","floor":6,"turns":1},{"damage":0,"enemies":"2 Louse","floor":7,"turns":1},{"damage":0,"enemies":"Lots of Slimes","floor":8,"turns":2},{"damage":12,"enemies":"Exordium Thugs","floor":11,"turns":2},{"damage":0,"enemies":"Large Slime","floor":13,"turns":3},{"damage":6,"enemies":"2 Fungi Beasts","floor":14,"turns":2},{"damage":0,"enemies":"Slime Boss","floor":16,"turns":4},{"damage":11,"enemies":"2 Thieves","floor":18,"turns":3},{"damage":6,"enemies":"Chosen","floor":19,"turns":3},{"damage":13,"enemies":"Snake Plant","floor":22,"turns":4},{"damage":30,"enemies":"Book of Stabbing","floor":23,"turns":3},{"damage":10,"enemies":"Shelled Parasite and Fungi","floor":25,"turns":4},{"damage":0,"enemies":"Chosen and Byrds","floor":28,"turns":3},{"damage":8,"enemies":"Automaton","floor":33,"turns":8},{"damage":12,"enemies":"3 Darklings","floor":35,"turns":3},{"damage":0,"enemies":"3 Shapes","floor":36,"turns":4},{"damage":12,"enemies":"Mind Bloom Boss Battle","floor":37,"turns":5},{"damage":2,"enemies":"Writhing Mass","floor":38,"turns":5},{"damage":0,"enemies":"Spire Growth","floor":41,"turns":4},{"damage":0,"enemies":"Sphere and 2 Shapes","floor":44,"turns":4},{"damage":22,"enemies":"Awakened One","floor":50,"turns":11}],"seed_played":"6120115577759548478","potions_obtained":[{"floor":1,"key":"Strength Potion"},{"floor":7,"key":"Dexterity Potion"},{"floor":8,"key":"AttackPotion"},{"floor":14,"key":"Dexterity Potion"},{"floor":16,"key":"Dexterity Potion"},{"floor":22,"key":"FocusPotion"},{"floor":33,"key":"Explosive Potion"},{"floor":38,"key":"Ancient Potion"},{"floor":44,"key":"AttackPotion"}],"is_trial":false,"path_per_floor":["M","T","M","?","?","E","M","M","T","R","M","$","M","M","R","B",null,"M","M","?","$","M","E","?","M","T","R","M","R","?","$","R","B",null,"M","M","?","M","?","R","M","?","T","M","$","R","T","?","R","B",null],"character_chosen":"DEFECT","items_purchased":["Oddly Smooth Stone","PreservedInsect","Ball Lightning","Flash of Steel"],"campfire_rested":3,"item_purchase_floors":[12,12,21,21],"current_hp_per_floor":[75,75,75,60,60,60,60,60,60,60,48,48,48,42,42,42,75,64,58,58,58,45,15,15,5,5,27,27,27,27,27,49,41,75,63,63,51,49,49,49,49,49,49,49,49,49,49,49,71,49],"gold":3,"neow_bonus":"THREE_ENEMY_KILL","is_prod":false,"is_daily":false,"chose_seed":false,"campfire_upgraded":5,"win_rate":0,"timestamp":1550336547,"path_taken":["M","?","M","?","?","E","M","M","T","R","M","$","?","M","R","BOSS","M","M","?","$","M","E","?","M","T","R","M","R","?","$","R","BOSS","M","M","?","M","?","R","M","?","T","M","$","R","?","?","R","BOSS"],"build_version":"2019-01-23","purchased_purges":0,"victory":true,"max_hp_per_floor":[75,75,75,75,75,75,75,75,75,75,75,75,75,75,75,75,75,75,75,75,75,75,75,75,75,75,75,75,75,75,75,75,75,75,75,75,75,75,75,75,75,75,75,75,75,75,75,75,75,75],"card_choices":[{"not_picked":["Darkness","Gash","Sweeping Beam"],"picked":"SKIP","floor":1},{"not_picked":["Darkness","Sweeping Beam"],"picked":"Gash","floor":1},{"not_picked":["Go for the Eyes","Undo"],"picked":"White Noise","floor":3},{"not_picked":["Fusion","Turbo"],"picked":"Sweeping Beam","floor":6},{"not_picked":["Go for the Eyes","Turbo"],"picked":"Conserve Battery","floor":7},{"not_picked":["Recycle","Leap"],"picked":"Tempest","floor":8},{"not_picked":["Leap","Beam Cell"],"picked":"Defragment","floor":11},{"not_picked":["Tempest","Reprogram"],"picked":"Ball Lightning","floor":13},{"not_picked":["Leap","Loop"],"picked":"Cold Snap","floor":14},{"not_picked":["Reboot","Rainbow"],"picked":"Fission","floor":16},{"not_picked":["Chill","Capacitor+1"],"picked":"Gash+1","floor":18},{"not_picked":["Compile Driver","Consume"],"picked":"Coolheaded","floor":19},{"not_picked":["Leap","Undo"],"picked":"Loop+1","floor":22},{"not_picked":["Double Energy","Machine Learning"],"picked":"Conserve Battery+1","floor":23},{"not_picked":["Redo","Turbo+1","Sweeping Beam"],"picked":"SKIP","floor":25},{"not_picked":["Streamline+1","Stack"],"picked":"Skim","floor":27},{"not_picked":["Compile Driver","Stack"],"picked":"Conserve Battery","floor":28},{"not_picked":["Steam","Rip and Tear+1"],"picked":"Melter+1","floor":32},{"not_picked":["Amplify","Machine Learning"],"picked":"Core Surge","floor":33},{"not_picked":["Compile Driver+1","Steam+1"],"picked":"Defragment","floor":35},{"not_picked":["Turbo","Hologram+1"],"picked":"Ball Lightning","floor":36},{"not_picked":["FTL","Compile Driver+1"],"picked":"Defragment+1","floor":37},{"not_picked":["Steam","BootSequence+1"],"picked":"White Noise+1","floor":38},{"not_picked":["Purity","Blind"],"picked":"Jack Of All Trades","floor":39},{"not_picked":["Double Energy+1","Self Repair+1"],"picked":"Recycle+1","floor":41},{"not_picked":["Redo+1","Streamline"],"picked":"Fusion+1","floor":44},{"not_picked":["Turbo+1","BootSequence+1"],"picked":"Compile Driver","floor":49}],"player_experience":833908,"relics_obtained":[{"floor":2,"key":"Gremlin Horn"},{"floor":6,"key":"Matryoshka"},{"floor":9,"key":"Darkstone Periapt"},{"floor":9,"key":"Cables"},{"floor":23,"key":"Happy Flower"},{"floor":26,"key":"Dream Catcher"},{"floor":26,"key":"Bronze Scales"},{"floor":37,"key":"Pocketwatch"},{"floor":43,"key":"Toxic Egg 2"},{"floor":47,"key":"Ancient Tea Set"}],"event_choices":[{"damage_healed":0,"gold_gain":0,"player_choice":"Entered Light","damage_taken":15,"max_hp_gain":0,"max_hp_loss":0,"event_name":"Shining Light","floor":4,"gold_loss":0,"cards_upgraded":["Defend_B","Strike_B"]},{"damage_healed":0,"gold_gain":0,"player_choice":"Gave Potion","damage_taken":0,"relics_obtained":["MawBank"],"max_hp_gain":0,"max_hp_loss":0,"event_name":"WeMeetAgain","floor":5,"gold_loss":0},{"damage_healed":0,"gold_gain":99,"player_choice":"Stole From Cult","damage_taken":0,"max_hp_gain":0,"max_hp_loss":0,"event_name":"Nest","floor":20,"gold_loss":0},{"damage_healed":0,"gold_gain":0,"player_choice":"Opened","damage_taken":0,"relics_obtained":["Juzu Bracelet"],"max_hp_gain":0,"max_hp_loss":0,"event_name":"The Mausoleum","floor":24,"gold_loss":0},{"damage_healed":0,"gold_gain":0,"player_choice":"Simplicity","damage_taken":0,"max_hp_gain":0,"max_hp_loss":0,"event_name":"Back to Basics","floor":30,"gold_loss":0,"cards_upgraded":["Strike_B","Strike_B","Strike_B","Defend_B","Defend_B","Defend_B"]},{"damage_healed":0,"gold_gain":0,"player_choice":"Fight","damage_taken":0,"max_hp_gain":0,"max_hp_loss":0,"event_name":"MindBloom","floor":37,"gold_loss":0},{"damage_healed":0,"gold_gain":0,"player_choice":"Memory 1","damage_taken":0,"max_hp_gain":0,"max_hp_loss":0,"event_name":"SensoryStone","floor":39,"gold_loss":0},{"cards_removed":["Core Surge"],"damage_healed":0,"gold_gain":0,"player_choice":"Removed Attack","damage_taken":0,"max_hp_gain":0,"max_hp_loss":0,"event_name":"Falling","floor":42,"gold_loss":0},{"damage_healed":0,"gold_gain":0,"player_choice":"Ignored","damage_taken":0,"max_hp_gain":0,"max_hp_loss":0,"event_name":"Mysterious Sphere","floor":48,"gold_loss":0}],"is_beta":false,"boss_relics":[{"not_picked":["Fusion Hammer","Nuclear Battery"],"picked":"Ectoplasm"},{"not_picked":["Lizard Tail","Tiny House"],"picked":"FrozenCore"}],"items_purged_floors":[],"is_endless":false,"potions_floor_spawned":[1,7,8,14,16,22,23,25,33,38,41,44],"ascension_level":0}