{"gold_per_floor":[116,116,116,116,116,116,136,136,183,197,211,211,241,258,258,362,362,379,294,312,237,265,265,291,301,301,318,338,263,34,54,54,149,149,169,569,582,582,804,839,839,850,850,850,860,877,95,107,107,107],"floor_reached":51,"playtime":3487,"items_purged":["Defend_B","Defend_B","Parasite"],"score":714,"play_id":"8b73b24b-1bf1-4bfb-95ba-6fb4aeb0e245","local_time":"20181203023526","is_ascension_mode":false,"campfire_choices":[{"data":"Dualcast","floor":6.0,"key":"SMITH"},{"data":"Zap","floor":8.0,"key":"SMITH"},{"data":"Tempest","floor":12.0,"key":"SMITH"},{"data":"Consume","floor":15.0,"key":"SMITH"},{"data":"Electrodynamics","floor":23,"key":"SMITH"},{"floor":32,"key":"REST"},{"data":"Thunder Strike","floor":41,"key":"SMITH"},{"data":"Stack","floor":44,"key":"SMITH"},{"floor":49,"key":"REST"}],"neow_cost":"NONE","seed_source_timestamp":0,"circlet_count":0,"master_deck":["Defend_B","Zap+1","Dualcast+1","Melter","Genetic Algorithm","Tempest+1","Consume+1","Leap","Electrodynamics+1","Force Field+1","Go for the Eyes+1","Leap+1","Steam+1","Defragment+1","Storm","Stack+1","Leap+1","Conserve Battery+1","Coolheaded+1","Thunder Strike+1","Hologram+1","Leap+1","Conserve Battery+1","Beam Cell","All For One","Defragment","Lockon","Flash of Steel","Capacitor"],"special_seed":0,"relics":["Cracked Core","Potion Belt","Letter Opener","Centennial Puzzle","Astrolabe","Regal Pillow","Red Mask","Vajra","Pantograph","Lizard Tail","Old Coin","Meat on the Bone","Juzu Bracelet","Sundial","Torii","Anchor"],"potions_floor_usage":[27,27,31,33,33,33,48,48,50,50,50],"damage_taken":[{"damage":7.0,"enemies":"Small Slimes","floor":1.0,"turns":4.0},{"damage":1.0,"enemies":"2 Louse","floor":7.0,"turns":2.0},{"damage":5.0,"enemies":"Jaw Worm","floor":10.0,"turns":2.0},{"damage":1.0,"enemies":"Large Slime","floor":11.0,"turns":5.0},{"damage":0.0,"enemies":"Exordium Thugs","floor":14.0,"turns":3.0},{"damage":9.0,"enemies":"The Guardian","floor":16.0,"turns":9.0},{"damage":12.0,"enemies":"Shell Parasite","floor":18.0,"turns":4.0},{"damage":12.0,"enemies":"2 Thieves","floor":20.0,"turns":3.0},{"damage":1,"enemies":"Masked Bandits","floor":22,"turns":2},{"damage":20,"enemies":"Book of Stabbing","floor":24,"turns":6},{"damage":0,"enemies":"Chosen and Byrds","floor":25,"turns":4},{"damage":1,"enemies":"Sentry and Sphere","floor":27,"turns":4},{"damage":10,"enemies":"Snake Plant","floor":28,"turns":3},{"damage":3,"enemies":"Snecko","floor":31,"turns":4},{"damage":2,"enemies":"Collector","floor":33,"turns":10},{"damage":17,"enemies":"Orb Walker","floor":35,"turns":5},{"damage":0,"enemies":"Mind Bloom Boss Battle","floor":36,"turns":4},{"damage":0,"enemies":"3 Darklings","floor":37,"turns":4},{"damage":22,"enemies":"Reptomancer","floor":40,"turns":4},{"damage":19,"enemies":"Spire Growth","floor":42,"turns":5},{"damage":1,"enemies":"Writhing Mass","floor":45,"turns":7},{"damage":28,"enemies":"4 Shapes","floor":46,"turns":4},{"damage":29,"enemies":"Jaw Worm Horde","floor":48,"turns":4},{"damage":71,"enemies":"Donu and Deca","floor":50,"turns":13}],"seed_played":"1472548313276142118","potions_obtained":[{"floor":1.0,"key":"Swift Potion"},{"floor":7.0,"key":"Block Potion"},{"floor":14.0,"key":"Fire Potion"},{"floor":16.0,"key":"Ancient Potion"},{"floor":18.0,"key":"EssenceOfSteel"},{"floor":22,"key":"Poison Potion"},{"floor":24,"key":"SteroidPotion"},{"floor":33,"key":"Regen Potion"},{"floor":35,"key":"AttackPotion"},{"floor":37,"key":"GamblersBrew"},{"floor":45,"key":"Regen Potion"},{"floor":48,"key":"Fruit Juice"}],"is_trial":false,"path_per_floor":["M","?","?","?","?","R","M","R","T","M","M","R","?","M","R","B",null,"M","?","M","M","$","?","R","E","M","T","M","M","?","$","M","R","B",null,"M","?","M","T","?","E","R","M","T","R","M","M","$","M","R","B",null],"character_chosen":"DEFECT","items_purchased":["EssenceOfSteel","Dexterity Potion","Defragment","Torii","Anchor","Lockon","Flash of Steel"],"campfire_rested":2,"item_purchase_floors":[30,30,47,47,47,47,47],"current_hp_per_floor":[75,68,50,50,50,50,49,49,49,44,43,43,43,43,43,34,82,70,70,58,58,57,57,37,37,37,36,26,26,26,23,62,80,82,65,82,82,82,82,60,60,53,53,53,52,36,36,38,76,25],"gold":107,"neow_bonus":"TEN_PERCENT_HP_BONUS","is_prod":false,"is_daily":false,"chose_seed":false,"campfire_upgraded":7,"win_rate":0.0,"timestamp":1543800926,"path_taken":["M","?","?","?","?","R","?","R","T","M","M","R","?","M","R","BOSS","M","?","M","$","?","R","E","M","T","M","M","?","$","M","R","BOSS","M","?","M","?","?","E","R","M","T","R","M","M","$","M","R","BOSS"],"build_version":"2018-11-15","purchased_purges":3,"victory":true,"max_hp_per_floor":[82,82,82,82,82,82,82,82,82,82,82,82,82,82,82,82,82,82,82,82,82,82,82,82,82,82,82,82,82,82,82,82,82,82,82,82,82,82,82,82,82,82,82,82,82,82,79,79,79,84],"card_choices":[{"not_picked":["Stack","Lockon"],"picked":"Melter","floor":1.0},{"not_picked":["Go for the Eyes","Stack"],"picked":"Genetic Algorithm","floor":7.0},{"not_picked":["Redo","Blizzard"],"picked":"Tempest","floor":10.0},{"not_picked":["Compile Driver","Cold Snap"],"picked":"Consume","floor":11.0},{"not_picked":["Fusion","Blizzard"],"picked":"Leap","floor":14.0},{"not_picked":["Reboot","Rainbow"],"picked":"Electrodynamics","floor":16.0},{"not_picked":["Reinforced Body","Streamline"],"picked":"Steam+1","floor":18.0},{"not_picked":["Coolheaded+1","Redo"],"picked":"Defragment+1","floor":20},{"not_picked":["FTL","Self Repair+1"],"picked":"Storm","floor":24},{"not_picked":["Streamline","Electrodynamics"],"picked":"Stack","floor":25},{"not_picked":["Self Repair","Glacier"],"picked":"Leap+1","floor":27},{"not_picked":["Ball Lightning","Coolheaded"],"picked":"Conserve Battery+1","floor":28},{"not_picked":["Melter","Reprogram"],"picked":"Coolheaded+1","floor":31},{"not_picked":["All For One","Machine Learning"],"picked":"Thunder Strike","floor":33},{"not_picked":["Barrage+1","Coolheaded+1"],"picked":"Hologram+1","floor":35},{"not_picked":["Melter","Genetic Algorithm","Doom and Gloom"],"picked":"SKIP","floor":37},{"not_picked":["Darkness","Sweeping Beam+1"],"picked":"Leap+1","floor":40},{"not_picked":["Compile Driver","Steam+1"],"picked":"Conserve Battery+1","floor":42},{"not_picked":["Consume+1","Sweeping Beam+1"],"picked":"Beam Cell","floor":45},{"not_picked":["Darkness","Beam Cell+1"],"picked":"All For One","floor":46},{"not_picked":["Tempest","Defragment"],"picked":"Capacitor","floor":48}],"player_experience":6537,"relics_obtained":[{"floor":9.0,"key":"Centennial Puzzle"},{"floor":22,"key":"Red Mask"},{"floor":24,"key":"Vajra"},{"floor":26,"key":"Pantograph"},{"floor":36,"key":"Old Coin"},{"floor":38,"key":"Meat on the Bone"},{"floor":40,"key":"Juzu Bracelet"},{"floor":43,"key":"Sundial"}],"event_choices":[{"cards_removed":["Strike_B"],"damage_healed":0.0,"max_hp_gain":0.0,"max_hp_loss":0.0,"gold_gain":0.0,"event_name":"Golden Wing","player_choice":"Card Removal","floor":2.0,"gold_loss":0.0,"damage_taken":7.0},{"damage_healed":0.0,"max_hp_gain":0.0,"max_hp_loss":0.0,"gold_gain":0.0,"event_name":"Scrap Ooze","player_choice":"Success","floor":3.0,"gold_loss":0.0,"damage_taken":18.0,"relics_obtained":["Potion Belt"]},{"damage_healed":0.0,"max_hp_gain":0.0,"max_hp_loss":0.0,"gold_gain":0.0,"event_name":"Big Fish","player_choice":"Box","floor":4.0,"gold_loss":0.0,"damage_taken":0.0,"relics_obtained":["Letter Opener"],"cards_obtained":["Regret"]},{"cards_removed":["Regret"],"damage_healed":0.0,"max_hp_gain":0.0,"max_hp_loss":0.0,"gold_gain":0.0,"event_name":"Fountain of Cleansing","player_choice":"Removed Curses","floor":5.0,"gold_loss":0.0,"damage_taken":0.0},{"damage_healed":0.0,"max_hp_gain":0.0,"max_hp_loss":0.0,"gold_gain":30.0,"event_name":"Dead Adventurer","player_choice":"Searched \u00271\u0027 times","floor":13.0,"gold_loss":0.0,"damage_taken":0.0},{"damage_healed":0.0,"max_hp_gain":0.0,"max_hp_loss":0.0,"gold_gain":0.0,"event_name":"Addict","player_choice":"Obtained Relic","floor":19.0,"gold_loss":85.0,"damage_taken":0.0,"relics_obtained":["Regal Pillow"]},{"damage_healed":0,"gold_gain":0,"player_choice":"Fought Bandits","damage_taken":0,"max_hp_gain":0,"max_hp_loss":0,"event_name":"Masked Bandits","floor":22,"gold_loss":0},{"cards_removed":["Defend_B"],"damage_healed":0,"gold_gain":0,"player_choice":"Gave Gold","damage_taken":0,"max_hp_gain":0,"max_hp_loss":0,"event_name":"Beggar","floor":29,"gold_loss":75},{"damage_healed":0,"gold_gain":0,"player_choice":"Fight","damage_taken":0,"max_hp_gain":0,"max_hp_loss":0,"event_name":"MindBloom","floor":36,"gold_loss":0},{"damage_healed":0,"gold_gain":222,"player_choice":"Wore Mask","damage_taken":0,"max_hp_gain":0,"max_hp_loss":0,"event_name":"Tomb of Lord Red Mask","floor":39,"gold_loss":0}],"is_beta":true,"boss_relics":[{"not_picked":["Velvet Choker","Runic Pyramid"],"picked":"Astrolabe"},{"not_picked":["Empty Cage","White Beast Statue"],"picked":"Lizard Tail"}],"items_purged_floors":[21,30,47],"is_endless":false,"potions_floor_spawned":[1,7,14,16,18,22,24,33,35,37,45,48],"ascension_level":0}