{"gold_per_floor":[111,111,111,126,126,126,153,153,205,236,262,262,262,280,280,280],"floor_reached":16,"playtime":1267,"items_purged":[],"score":122,"play_id":"c21890cb-b321-4afa-9c2a-f62c6e82d692","local_time":"20190113010110","is_ascension_mode":true,"campfire_choices":[{"floor":6,"key":"REST"},{"floor":8,"key":"REST"},{"floor":15,"key":"REST"}],"neow_cost":"NONE","seed_source_timestamp":45519901675303,"circlet_count":0,"master_deck":["Defend_G+1","Defend_G","Defend_G","Defend_G","Strike_G","Strike_G","Strike_G","Strike_G+1","Strike_G","Survivor","Neutralize","Choke","Backflip","After Image","Caltrops"],"relics":["Black Star","Potion Belt","Pear","Boot","Regal Pillow","Ancient Tea Set","Juzu Bracelet","Sundial","Golden Idol"],"potions_floor_usage":[7],"damage_taken":[{"damage":4,"enemies":"2 Louse","floor":1,"turns":3},{"damage":10,"enemies":"Cultist","floor":4,"turns":4},{"damage":33,"enemies":"Gremlin Nob","floor":7,"turns":5},{"damage":18,"enemies":"Lagavulin","floor":10,"turns":9},{"damage":0,"enemies":"Jaw Worm","floor":14,"turns":3},{"damage":65,"enemies":"Hexaghost","floor":16,"turns":14}],"seed_played":"-922870991330975582","potions_obtained":[{"floor":4,"key":"Explosive Potion"},{"floor":10,"key":"Fire Potion"}],"is_trial":false,"path_per_floor":["M","$","?","M","?","R","E","R","T","E","T","?","?","M","R","B"],"character_chosen":"THE_SILENT","items_purchased":[],"campfire_rested":3,"item_purchase_floors":[],"current_hp_per_floor":[66,66,66,56,42,63,40,64,64,46,46,46,26,26,65,0],"gold":280,"neow_bonus":"BOSS_RELIC","is_prod":false,"is_daily":false,"chose_seed":false,"campfire_upgraded":0,"win_rate":0,"timestamp":1547370070,"path_taken":["M","$","?","?","?","R","E","R","T","E","?","?","?","M","R","BOSS"],"build_version":"2019-01-10","purchased_purges":0,"victory":false,"max_hp_per_floor":[70,70,70,70,70,70,80,80,80,80,80,80,80,80,80,80],"card_choices":[{"not_picked":["Acrobatics","Footwork"],"picked":"Choke","floor":1},{"not_picked":["Deadly Poison","PiercingWail"],"picked":"Backflip","floor":4},{"not_picked":["Backflip","Footwork"],"picked":"After Image","floor":7},{"not_picked":["Sucker Punch","Outmaneuver"],"picked":"Caltrops","floor":10},{"not_picked":["Bane","Accuracy","Setup"],"picked":"SKIP","floor":14}],"player_experience":142829,"relics_obtained":[{"floor":7,"key":"Potion Belt"},{"floor":7,"key":"Pear"},{"floor":9,"key":"Boot"},{"floor":10,"key":"Regal Pillow"},{"floor":10,"key":"Ancient Tea Set"},{"floor":11,"key":"Juzu Bracelet"}],"event_choices":[{"cards_removed":["Defend_G"],"damage_healed":0,"gold_gain":0,"player_choice":"Offered Basic","damage_taken":0,"max_hp_gain":0,"max_hp_loss":0,"event_name":"Bonfire Elementals","floor":3,"gold_loss":0},{"damage_healed":0,"gold_gain":0,"player_choice":"Entered Light","damage_taken":14,"max_hp_gain":0,"max_hp_loss":0,"event_name":"Shining Light","floor":5,"gold_loss":0,"cards_upgraded":["Strike_G","Defend_G"]},{"damage_healed":0,"gold_gain":0,"player_choice":"Searched \u00272\u0027 times","damage_taken":0,"relics_obtained":["Sundial"],"max_hp_gain":0,"max_hp_loss":0,"event_name":"Dead Adventurer","floor":12,"gold_loss":0},{"damage_healed":0,"gold_gain":0,"player_choice":"Take Damage","damage_taken":20,"relics_obtained":["Golden Idol"],"max_hp_gain":0,"max_hp_loss":0,"event_name":"Golden Idol","floor":13,"gold_loss":0}],"is_beta":false,"boss_relics":[],"items_purged_floors":[],"is_endless":false,"potions_floor_spawned":[4,10],"killed_by":"Hexaghost","ascension_level":3}