{"gold_per_floor":[119,119,119,143,161,161,200,200,200,235,235,255,255,278,278,371,371,371,198,198,198,198],"floor_reached":22,"playtime":635,"items_purged":[],"score":378,"play_id":"9c6b878e-0b8c-424e-9e87-f718f445dd8e","local_time":"20190217172532","is_ascension_mode":true,"campfire_choices":[{"floor":6.0,"key":"REST"},{"floor":13.0,"key":"REST"},{"floor":15.0,"key":"REST"}],"neow_cost":"NONE","seed_source_timestamp":98779009839995,"circlet_count":0,"master_deck":["AscendersBane","Strike_B+1","Strike_B","Strike_B","Strike_B","Defend_B","Defend_B","Defend_B","Defend_B","Zap+1","Dualcast","FTL","Conserve Battery","Leap","Ball Lightning+1","Rip and Tear","Coolheaded","Beam Cell","All For One","Go for the Eyes"],"special_seed":0,"relics":["Fusion Hammer","Golden Idol","Gambling Chip","Nunchaku","Regal Pillow","Ectoplasm","Whetstone","Red Mask"],"potions_floor_usage":[20,20],"damage_taken":[{"damage":9.0,"enemies":"Small Slimes","floor":1.0,"turns":4.0},{"damage":2.0,"enemies":"Jaw Worm","floor":4.0,"turns":4.0},{"damage":2.0,"enemies":"2 Louse","floor":5.0,"turns":4.0},{"damage":21.0,"enemies":"Lagavulin","floor":7.0,"turns":8.0},{"damage":34.0,"enemies":"Gremlin Nob","floor":10.0,"turns":4.0},{"damage":1.0,"enemies":"2 Fungi Beasts","floor":12.0,"turns":2.0},{"damage":0.0,"enemies":"Blue Slaver","floor":14.0,"turns":3.0},{"damage":53.0,"enemies":"The Guardian","floor":16.0,"turns":11.0},{"damage":3.0,"enemies":"Chosen","floor":18.0,"turns":4.0},{"damage":43,"enemies":"Masked Bandits","floor":20,"turns":5},{"damage":7,"enemies":"3 Byrds","floor":21,"turns":4},{"damage":12,"enemies":"Centurion and Healer","floor":22,"turns":2}],"seed_played":"122818987820005585","potions_obtained":[{"floor":1.0,"key":"Dexterity Potion"},{"floor":5.0,"key":"Fire Potion"},{"floor":10.0,"key":"Poison Potion"},{"floor":14.0,"key":"Strength Potion"},{"floor":18.0,"key":"EssenceOfSteel"},{"floor":21,"key":"Strength Potion"}],"is_trial":false,"path_per_floor":["M","?","?","M","M","R","E","?","T","E","?","M","R","M","R","B",null,"M","$","?","M","M"],"character_chosen":"DEFECT","items_purchased":["Whetstone"],"campfire_rested":3,"item_purchase_floors":[19],"current_hp_per_floor":[55,55,60,58,56,69,48,48,48,14,14,13,48,48,69,16,56,53,53,10,3,0],"gold":198,"neow_bonus":"BOSS_RELIC","is_prod":false,"is_daily":false,"chose_seed":false,"campfire_upgraded":0,"win_rate":0,"timestamp":1550417132,"path_taken":["M","?","?","M","?","R","E","?","T","E","?","M","R","M","R","BOSS","M","$","?","M","M"],"build_version":"2019-01-23","purchased_purges":0,"victory":false,"max_hp_per_floor":[71,64,69,69,69,69,69,69,69,69,69,69,69,69,69,69,69,69,69,69,69,69],"card_choices":[{"not_picked":["Stack","Compile Driver"],"picked":"FTL","floor":1.0},{"not_picked":["Streamline","Sweeping Beam"],"picked":"Conserve Battery","floor":4.0},{"not_picked":["Redo","Stack"],"picked":"Leap","floor":5.0},{"not_picked":["Stack","White Noise"],"picked":"Ball Lightning","floor":7.0},{"not_picked":["Reinforced Body","Melter"],"picked":"Rip and Tear","floor":10.0},{"not_picked":["Barrage","Hologram"],"picked":"Coolheaded","floor":12.0},{"not_picked":["Barrage","Capacitor"],"picked":"Beam Cell","floor":14.0},{"not_picked":["Seek","Thunder Strike"],"picked":"All For One","floor":16.0},{"not_picked":["Blizzard","Beam Cell","Barrage"],"picked":"SKIP","floor":18.0},{"not_picked":["Redo","Hello World"],"picked":"Go for the Eyes","floor":21}],"player_experience":194017,"relics_obtained":[{"floor":7.0,"key":"Gambling Chip"},{"floor":9.0,"key":"Nunchaku"},{"floor":10.0,"key":"Regal Pillow"},{"floor":20,"key":"Red Mask"}],"event_choices":[{"damage_healed":0.0,"max_hp_gain":0.0,"max_hp_loss":7.0,"gold_gain":0.0,"event_name":"Golden Idol","player_choice":"Lose Max HP","floor":2.0,"gold_loss":0.0,"damage_taken":0.0,"relics_obtained":["Golden Idol"]},{"damage_healed":0.0,"max_hp_gain":5.0,"max_hp_loss":0.0,"gold_gain":0.0,"event_name":"Big Fish","player_choice":"Donut","floor":3.0,"gold_loss":0.0,"damage_taken":0.0},{"damage_healed":0.0,"max_hp_gain":0.0,"max_hp_loss":0.0,"gold_gain":0.0,"event_name":"Liars Game","player_choice":"Ignored","floor":8.0,"gold_loss":0.0,"damage_taken":0.0},{"damage_healed":0.0,"max_hp_gain":0.0,"max_hp_loss":0.0,"gold_gain":0.0,"event_name":"Living Wall","player_choice":"Grow","floor":11.0,"gold_loss":0.0,"damage_taken":0.0,"cards_upgraded":["Zap"]},{"damage_healed":0,"gold_gain":0,"player_choice":"Fought Bandits","damage_taken":0,"max_hp_gain":0,"max_hp_loss":0,"event_name":"Masked Bandits","floor":20,"gold_loss":0}],"is_beta":false,"boss_relics":[{"not_picked":["Eternal Feather","Runic Pyramid"],"picked":"Ectoplasm"}],"items_purged_floors":[],"is_endless":false,"potions_floor_spawned":[1,5,10,14,18,21],"killed_by":"Centurion and Healer","ascension_level":19}