{"gold_per_floor":[115,115,40,57,74,74,87,102,128,146,166,166,166,184,184,184],"floor_reached":16,"playtime":335,"items_purged":["Clumsy"],"score":96,"play_id":"1c681c06-219d-4ca5-86d1-a66eece1b2c0","local_time":"20190103164748","is_ascension_mode":false,"campfire_choices":[{"floor":15,"key":"DIG"}],"neow_cost":"CURSE","seed_source_timestamp":85156671649230,"circlet_count":0,"master_deck":["Strike_R","Strike_R","Strike_R","Strike_R","Strike_R","Defend_R+1","Defend_R","Defend_R","Defend_R+1","Bash","Uppercut"],"relics":["Burning Blood","Shovel","NlothsMask","Incense Burner","War Paint"],"potions_floor_usage":[],"damage_taken":[{"damage":10,"enemies":"Jaw Worm","floor":1,"turns":4},{"damage":6,"enemies":"Cultist","floor":4,"turns":3},{"damage":0,"enemies":"2 Louse","floor":5,"turns":3},{"damage":3,"enemies":"2 Fungi Beasts","floor":7,"turns":4},{"damage":30,"enemies":"3 Louse","floor":8,"turns":4},{"damage":8,"enemies":"Large Slime","floor":10,"turns":7},{"damage":22,"enemies":"2 Fungi Beasts","floor":11,"turns":4},{"damage":22,"enemies":"Lots of Slimes","floor":14,"turns":6},{"damage":0,"enemies":"Slime Boss","floor":16,"turns":1}],"seed_played":"-9137528202853643493","potions_obtained":[{"floor":4,"key":"SpeedPotion"},{"floor":7,"key":"Weak Potion"},{"floor":11,"key":"Poison Potion"}],"is_trial":false,"path_per_floor":["M","?","$","M","M","$","M","M","T","M","M","T","?","M","R","B"],"character_chosen":"IRONCLAD","items_purchased":[],"campfire_rested":0,"item_purchase_floors":[],"current_hp_per_floor":[76,76,76,76,80,80,80,56,56,54,38,38,38,22,22,22],"gold":184,"neow_bonus":"ONE_RARE_RELIC","is_prod":false,"is_daily":false,"chose_seed":false,"campfire_upgraded":0,"win_rate":0,"timestamp":1546526868,"path_taken":["M","?","$","M","M","$","M","?","T","M","M","?","?","M","R","BOSS"],"build_version":"2018-12-20","purchased_purges":1,"victory":false,"max_hp_per_floor":[80,80,80,80,80,80,80,80,80,80,80,80,80,80,80,80],"card_choices":[{"not_picked":["Pommel Strike","Thunderclap","Reckless Charge"],"picked":"SKIP","floor":1},{"not_picked":["Wild Strike","Shrug It Off","Body Slam"],"picked":"SKIP","floor":4},{"not_picked":["Anger","Warcry","Reckless Charge"],"picked":"SKIP","floor":5},{"not_picked":["True Grit","Havoc","Twin Strike"],"picked":"SKIP","floor":7},{"not_picked":["Warcry","Havoc","Demon Form"],"picked":"SKIP","floor":8},{"not_picked":["Anger","Warcry","Clash"],"picked":"SKIP","floor":10},{"not_picked":["Uppercut","Shrug It Off","Carnage"],"picked":"SKIP","floor":11},{"not_picked":["Shrug It Off","Cleave"],"picked":"Uppercut","floor":14}],"player_experience":79404,"relics_obtained":[{"floor":12,"key":"Incense Burner"},{"floor":15,"key":"War Paint"}],"event_choices":[{"damage_healed":0,"gold_gain":0,"player_choice":"Trade","damage_taken":0,"relics_obtained":["NlothsMask"],"max_hp_gain":0,"max_hp_loss":0,"event_name":"FaceTrader","floor":2,"gold_loss":0},{"damage_healed":0,"gold_gain":0,"player_choice":"Searched \u00270\u0027 times","damage_taken":0,"max_hp_gain":0,"max_hp_loss":0,"event_name":"Dead Adventurer","floor":13,"gold_loss":0}],"is_beta":false,"boss_relics":[],"items_purged_floors":[3],"is_endless":false,"potions_floor_spawned":[4,7,11],"killed_by":"Slime Boss","ascension_level":0}