{"gold_per_floor":[362,378,80,119,153,153,153,153,153,209,63,118,132,174,174,274,274,287,287,287,329,11,46,46,46,96,123,184,184,215,245,257,389,401,424,451,509,133,146,173,173,227,298,298,298,298,298,309,309,309,309,309,142,174,174],"floor_reached":56,"playtime":7623,"items_purged":["Clumsy","Writhe"],"score":1770,"play_id":"a56d1d2a-0f0d-4701-9fd8-1a48c6bd6580","local_time":"20190218203012","is_ascension_mode":true,"campfire_choices":[{"data":"HandOfGreed","floor":6.0,"key":"SMITH"},{"data":"Dagger Spray","floor":8.0,"key":"SMITH"},{"data":"Malaise","floor":15.0,"key":"SMITH"},{"data":"Well Laid Plans","floor":25.0,"key":"SMITH"},{"data":"Deadly Poison","floor":29.0,"key":"SMITH"},{"floor":32.0,"key":"REST"},{"data":"Burst","floor":44.0,"key":"SMITH"},{"data":"Footwork","floor":47.0,"key":"SMITH"},{"floor":49.0,"key":"RECALL"},{"data":"After Image","floor":52.0,"key":"SMITH"}],"neow_cost":"CURSE","seed_source_timestamp":288827165557500,"circlet_count":0,"master_deck":["Defend_G+1","Defend_G+1","Defend_G+1","Defend_G+1","Defend_G+1","Strike_G+1","Strike_G+1","Strike_G+1","Strike_G+1","Survivor","Neutralize+1","Deadly Poison+1","Dagger Spray+1","Well Laid Plans+1","HandOfGreed+1","Footwork+1","Dagger Throw+1","Corpse Explosion","Dagger Spray","Dramatic Entrance","Tools of the Trade","Malaise+1","Blur","PiercingWail","Acrobatics","Backflip","Tactician","Acrobatics","Deadly Poison","PiercingWail+1","Bouncing Flask+1","After Image+1","Prepared+1","PiercingWail+1","Backflip","Acrobatics","Well Laid Plans","Skewer","Underhanded Strike+1","Envenom","Burst+1","Leg Sweep","Caltrops","Footwork+1"],"special_seed":0,"relics":["Ring of the Snake","Tough Bandages","Mango","Ginger","HoveringKite","StoneCalendar","Snake Skull","Incense Burner","Whetstone","MawBank","Coffee Dripper","Ice Cream","TwistedFunnel","Shovel","Darkstone Periapt","Shuriken","Torii"],"potions_floor_usage":[54,55,55,55],"damage_taken":[{"damage":3.0,"enemies":"Jaw Worm","floor":1.0,"turns":7.0},{"damage":1.0,"enemies":"Cultist","floor":2.0,"turns":4.0},{"damage":1.0,"enemies":"Small Slimes","floor":4.0,"turns":2.0},{"damage":11.0,"enemies":"Exordium Wildlife","floor":5.0,"turns":6.0},{"damage":13.0,"enemies":"Lagavulin","floor":10.0,"turns":7.0},{"damage":2.0,"enemies":"3 Sentries","floor":12.0,"turns":6.0},{"damage":3.0,"enemies":"Red Slaver","floor":13.0,"turns":4.0},{"damage":0.0,"enemies":"2 Fungi Beasts","floor":14.0,"turns":2.0},{"damage":8.0,"enemies":"Hexaghost","floor":16.0,"turns":11.0},{"damage":2.0,"enemies":"Spheric Guardian","floor":18.0,"turns":6.0},{"damage":0.0,"enemies":"3 Byrds","floor":21.0,"turns":2.0},{"damage":10.0,"enemies":"Slavers","floor":23.0,"turns":4.0},{"damage":23.0,"enemies":"Gremlin Leader","floor":27.0,"turns":7.0},{"damage":9.0,"enemies":"Shelled Parasite and Fungi","floor":28.0,"turns":7.0},{"damage":0.0,"enemies":"Book of Stabbing","floor":30.0,"turns":7.0},{"damage":0.0,"enemies":"Cultist and Chosen","floor":31.0,"turns":4.0},{"damage":16.0,"enemies":"Automaton","floor":33.0,"turns":13.0},{"damage":0.0,"enemies":"Orb Walker","floor":35.0,"turns":4.0},{"damage":0.0,"enemies":"3 Darklings","floor":36.0,"turns":4.0},{"damage":0.0,"enemies":"2 Orb Walkers","floor":37.0,"turns":3.0},{"damage":0.0,"enemies":"Writhing Mass","floor":39.0,"turns":6.0},{"damage":7.0,"enemies":"Nemesis","floor":40.0,"turns":7.0},{"damage":0.0,"enemies":"Reptomancer","floor":42.0,"turns":7.0},{"damage":0.0,"enemies":"Jaw Worm Horde","floor":45.0,"turns":2.0},{"damage":1.0,"enemies":"Spire Growth","floor":48.0,"turns":4.0},{"damage":7.0,"enemies":"Donu and Deca","floor":50.0,"turns":7.0},{"damage":0,"enemies":"Shield and Spear","floor":54,"turns":5},{"damage":36,"enemies":"The Heart","floor":55,"turns":10}],"seed_played":"-7929416927418293065","potions_obtained":[{"floor":1.0,"key":"Strength Potion"},{"floor":2.0,"key":"Block Potion"},{"floor":5.0,"key":"Ancient Potion"},{"floor":13.0,"key":"Weak Potion"},{"floor":14.0,"key":"SteroidPotion"},{"floor":18.0,"key":"EssenceOfSteel"},{"floor":33.0,"key":"Dexterity Potion"},{"floor":37.0,"key":"EssenceOfSteel"},{"floor":48.0,"key":"Swift Potion"},{"floor":54,"key":"GamblersBrew"}],"is_trial":false,"path_per_floor":["M","M","$","M","M","R","?","R","T","E","$","E","M","M","R","B",null,"M","?","T","M","$","E","?","R","T","E","M","R","E","M","R","B",null,"M","M","?","$","M","E","?","E","T","R","M","?","R","M","R","B",null,"R","$","E","B",null],"character_chosen":"THE_SILENT","items_purchased":["Well Laid Plans","HandOfGreed","Dramatic Entrance","Block Potion","Acrobatics","Snake Skull","Backflip","SmokeBomb","TwistedFunnel","Acrobatics","Well Laid Plans","Skewer","Caltrops"],"campfire_rested":1,"item_purchase_floors":[3,3,11,11,22,22,22,22,38,38,38,38,53],"current_hp_per_floor":[60,59,59,58,47,47,47,47,47,48,48,46,43,43,43,35,72,70,70,70,70,70,60,60,60,60,37,28,28,28,28,53,37,72,72,72,72,72,72,65,84,84,84,84,84,84,84,83,83,76,82,82,82,82,46],"gold":174,"neow_bonus":"TWO_FIFTY_GOLD","is_prod":false,"is_daily":false,"chose_seed":false,"campfire_upgraded":8,"win_rate":0,"timestamp":1550518212,"path_taken":["M","M","$","M","M","R","?","R","T","E","?","E","M","M","R","BOSS","M","?","?","?","$","E","?","R","T","E","M","R","E","M","R","BOSS","M","M","?","$","M","E","?","E","T","R","M","?","R","M","R","BOSS","R","$","E","BOSS"],"build_version":"2019-01-23","purchased_purges":2,"victory":true,"max_hp_per_floor":[70,70,70,70,70,70,70,70,70,84,84,84,84,84,84,84,84,84,84,84,84,84,84,84,84,84,84,84,84,84,84,84,84,84,84,84,84,84,84,84,84,84,84,84,84,84,84,84,84,84,84,84,84,84,84],"card_choices":[{"not_picked":["Reflex","Escape Plan"],"picked":"Deadly Poison","floor":1.0},{"not_picked":["Dagger Throw","Sucker Punch"],"picked":"Dagger Spray","floor":2.0},{"not_picked":["PiercingWail","Riddle With Holes"],"picked":"Footwork","floor":4.0},{"not_picked":["Predator","Bane"],"picked":"Dagger Throw","floor":5.0},{"not_picked":["Dash","Reflex"],"picked":"Dagger Spray","floor":10.0},{"not_picked":["Blade Dance","Dodge and Roll"],"picked":"Tools of the Trade","floor":12.0},{"not_picked":["Underhanded Strike","Blade Dance","Slice"],"picked":"SKIP","floor":13.0},{"not_picked":["PiercingWail","Outmaneuver"],"picked":"Malaise","floor":14.0},{"not_picked":["Doppelganger","Wraith Form v2"],"picked":"Die Die Die","floor":16.0},{"not_picked":["Flying Knee","Quick Slash"],"picked":"Blur","floor":18.0},{"not_picked":["Underhanded Strike","Prepared"],"picked":"PiercingWail","floor":21.0},{"not_picked":["Flying Knee","Blur"],"picked":"Tactician","floor":23.0},{"not_picked":["Dagger Spray","Concentrate+1"],"picked":"Acrobatics","floor":27.0},{"not_picked":["Dodge and Roll","Deflect"],"picked":"Deadly Poison","floor":28.0},{"not_picked":["Infinite Blades+1","Quick Slash"],"picked":"PiercingWail+1","floor":30.0},{"not_picked":["Poisoned Stab","Unload"],"picked":"Bouncing Flask+1","floor":31.0},{"not_picked":["Grand Finale","A Thousand Cuts"],"picked":"After Image","floor":33.0},{"not_picked":["Outmaneuver+1","Backstab"],"picked":"Prepared+1","floor":35.0},{"not_picked":["Backflip+1","Poisoned Stab"],"picked":"PiercingWail+1","floor":36.0},{"not_picked":["Infinite Blades","Sucker Punch"],"picked":"Backflip","floor":37.0},{"not_picked":["Masterful Stab+1","Dash"],"picked":"Underhanded Strike+1","floor":39.0},{"not_picked":["Flying Knee","Poisoned Stab"],"picked":"Envenom","floor":40.0},{"not_picked":["Infinite Blades","Slice"],"picked":"Burst","floor":42.0},{"not_picked":["Deadly Poison","Acrobatics"],"picked":"Leg Sweep","floor":48.0},{"not_picked":["Expertise","Dagger Throw"],"picked":"Footwork+1","floor":54}],"player_experience":223156,"relics_obtained":[{"floor":9.0,"key":"Tough Bandages"},{"floor":10.0,"key":"Mango"},{"floor":12.0,"key":"Ginger"},{"floor":20.0,"key":"StoneCalendar"},{"floor":23.0,"key":"Incense Burner"},{"floor":27.0,"key":"Whetstone"},{"floor":30.0,"key":"MawBank"},{"floor":37.0,"key":"Ice Cream"},{"floor":40.0,"key":"Shovel"},{"floor":42.0,"key":"Darkstone Periapt"},{"floor":43.0,"key":"Shuriken"},{"floor":54,"key":"Torii"}],"event_choices":[{"damage_healed":0.0,"max_hp_gain":0.0,"max_hp_loss":0.0,"gold_gain":0.0,"cards_transformed":["Strike_G"],"event_name":"Transmorgrifier","player_choice":"Transformed","floor":7.0,"gold_loss":0.0,"damage_taken":0.0,"cards_obtained":["Corpse Explosion"]},{"damage_healed":0.0,"max_hp_gain":0.0,"max_hp_loss":0.0,"gold_gain":0.0,"event_name":"Back to Basics","player_choice":"Simplicity","floor":19.0,"gold_loss":0.0,"damage_taken":0.0,"cards_upgraded":["Defend_G","Defend_G","Defend_G","Defend_G","Defend_G","Strike_G","Strike_G","Strike_G","Strike_G"]},{"damage_healed":0.0,"max_hp_gain":0.0,"max_hp_loss":0.0,"gold_gain":0.0,"event_name":"Beggar","player_choice":"Ignored","floor":24.0,"gold_loss":0.0,"damage_taken":0.0},{"damage_healed":0.0,"max_hp_gain":0.0,"max_hp_loss":0.0,"gold_gain":0.0,"event_name":"Mysterious Sphere","player_choice":"Fight","floor":37.0,"gold_loss":0.0,"damage_taken":0.0},{"damage_healed":21.0,"max_hp_gain":0.0,"max_hp_loss":0.0,"gold_gain":0.0,"event_name":"Winding Halls","player_choice":"Writhe","floor":41.0,"gold_loss":0.0,"damage_taken":0.0,"cards_obtained":["Writhe"]},{"cards_removed":["Die Die Die"],"damage_healed":0.0,"max_hp_gain":0.0,"max_hp_loss":0.0,"gold_gain":0.0,"event_name":"Falling","player_choice":"Removed Attack","floor":46.0,"gold_loss":0.0,"damage_taken":0.0}],"is_beta":false,"boss_relics":[{"not_picked":["Runic Dome","Tiny House"],"picked":"HoveringKite"},{"not_picked":["White Beast Statue","WristBlade"],"picked":"Coffee Dripper"}],"items_purged_floors":[3,53],"is_endless":false,"potions_floor_spawned":[1,2,5,13,14,18,30,33,37,39,40,45,48,54],"ascension_level":8}