{"gold_per_floor":[116,135,135,135,148,175,175,210,237,252,252,264,264,91,91,188,188,201,201,201,229,229,256,270,290,290,290,302,302,217,236,236,236],"floor_reached":33,"playtime":3161,"items_purged":["Defend_R"],"score":300,"play_id":"f71ed9a7-8a04-4bd7-8f68-412d2a77273f","local_time":"20190107200023","is_ascension_mode":false,"campfire_choices":[{"floor":7,"key":"REST"},{"data":"Pommel Strike","floor":15,"key":"SMITH"},{"data":"Armaments","floor":27,"key":"SMITH"},{"data":"Seeing Red","floor":32,"key":"SMITH"}],"neow_cost":"NONE","seed_source_timestamp":689312924709091,"circlet_count":0,"master_deck":["Strike_R","Defend_R","Defend_R","Defend_R","Bash+1","Seeing Red+1","Cleave","Iron Wave","Flex","Twin Strike+1","Pommel Strike+1","Perfected Strike","Finesse","Immolate","Combust","Armaments+1","Iron Wave","Pommel Strike+1","Metallicize","RitualDagger"],"relics":["Burning Blood","Pen Nib","Whetstone","Vajra","Incense Burner","Anchor","Empty Cage","Red Mask","Shuriken","Oddly Smooth Stone","Gambling Chip","Ornamental Fan"],"potions_floor_usage":[6,8,21,24,31,33,33],"damage_taken":[{"damage":2,"enemies":"2 Louse","floor":1,"turns":3},{"damage":8,"enemies":"Jaw Worm","floor":2,"turns":3},{"damage":0,"enemies":"Small Slimes","floor":5,"turns":2},{"damage":36,"enemies":"3 Sentries","floor":6,"turns":10},{"damage":17,"enemies":"Lagavulin","floor":8,"turns":5},{"damage":0,"enemies":"Looter","floor":10,"turns":3},{"damage":0,"enemies":"2 Fungi Beasts","floor":12,"turns":2},{"damage":8,"enemies":"Slime Boss","floor":16,"turns":8},{"damage":1,"enemies":"Shell Parasite","floor":18,"turns":3},{"damage":20,"enemies":"Masked Bandits","floor":21,"turns":3},{"damage":0,"enemies":"Slavers","floor":23,"turns":2},{"damage":4,"enemies":"Spheric Guardian","floor":24,"turns":3},{"damage":1,"enemies":"Chosen and Byrds","floor":25,"turns":3},{"damage":12,"enemies":"Centurion and Healer","floor":28,"turns":5},{"damage":0,"enemies":"Snecko","floor":31,"turns":4},{"damage":114,"enemies":"Automaton","floor":33,"turns":12}],"seed_played":"-690071813048912853","potions_obtained":[{"floor":2,"key":"PowerPotion"},{"floor":5,"key":"Dexterity Potion"},{"floor":8,"key":"Swift Potion"},{"floor":16,"key":"Regen Potion"},{"floor":21,"key":"Fire Potion"},{"floor":23,"key":"AttackPotion"},{"floor":28,"key":"SpeedPotion"}],"is_trial":false,"path_per_floor":["M","M","?","?","M","E","R","E","T","M","T","M","?","$","R","B",null,"M","?","?","?","T","E","M","M","T","R","M","?","?","M","R","B"],"character_chosen":"IRONCLAD","items_purchased":["Finesse"],"campfire_rested":1,"item_purchase_floors":[14],"current_hp_per_floor":[88,86,79,79,85,55,81,70,70,76,76,82,57,57,57,55,88,88,88,88,74,74,80,82,87,87,87,81,75,75,81,81,0],"gold":236,"neow_bonus":"TEN_PERCENT_HP_BONUS","is_prod":false,"is_daily":false,"chose_seed":false,"campfire_upgraded":3,"win_rate":0,"timestamp":1546920023,"path_taken":["M","M","?","?","M","E","R","E","T","M","?","M","?","?","R","BOSS","M","?","?","?","?","E","?","M","T","R","M","?","?","M","R","BOSS"],"build_version":"2019-01-03v4","purchased_purges":1,"victory":false,"max_hp_per_floor":[88,88,88,88,88,88,88,88,88,88,88,88,88,88,88,88,88,88,88,88,88,88,88,88,88,88,88,88,88,88,88,88,88],"card_choices":[{"not_picked":["Clash","Flex"],"picked":"Seeing Red","floor":1},{"not_picked":["Anger","Flex"],"picked":"Cleave","floor":2},{"not_picked":["Twin Strike","Clothesline"],"picked":"Iron Wave","floor":5},{"not_picked":["Second Wind","Dual Wield"],"picked":"Flex","floor":6},{"not_picked":["Flex","Clash"],"picked":"Twin Strike","floor":8},{"not_picked":["Thunderclap","Twin Strike"],"picked":"Pommel Strike","floor":10},{"not_picked":["Evolve","True Grit"],"picked":"Perfected Strike","floor":12},{"not_picked":["Fiend Fire","Bludgeon"],"picked":"Immolate","floor":16},{"not_picked":["Wild Strike","Evolve+1"],"picked":"Combust","floor":18},{"not_picked":["Fire Breathing","Headbutt+1"],"picked":"Iron Wave","floor":21},{"not_picked":["Carnage","Sword Boomerang","Headbutt"],"picked":"SKIP","floor":23},{"not_picked":["Body Slam","Shockwave","Second Wind"],"picked":"SKIP","floor":24},{"not_picked":["Clothesline","Blood for Blood+1"],"picked":"Pommel Strike+1","floor":25},{"not_picked":["Rampage+1","Perfected Strike"],"picked":"Metallicize","floor":28},{"not_picked":["Shockwave+1","Infernal Blade","Clash"],"picked":"SKIP","floor":31}],"player_experience":33420,"relics_obtained":[{"floor":6,"key":"Pen Nib"},{"floor":8,"key":"Whetstone"},{"floor":9,"key":"Vajra"},{"floor":11,"key":"Incense Burner"},{"floor":21,"key":"Red Mask"},{"floor":22,"key":"Shuriken"},{"floor":23,"key":"Oddly Smooth Stone"},{"floor":26,"key":"Gambling Chip"}],"event_choices":[{"cards_removed":["Strike_R"],"damage_healed":0,"gold_gain":0,"player_choice":"Card Removal","damage_taken":7,"max_hp_gain":0,"max_hp_loss":0,"event_name":"Golden Wing","floor":3,"gold_loss":0},{"cards_removed":["Strike_R"],"damage_healed":0,"gold_gain":0,"player_choice":"Forget","damage_taken":0,"max_hp_gain":0,"max_hp_loss":0,"event_name":"Living Wall","floor":4,"gold_loss":0},{"damage_healed":0,"gold_gain":0,"player_choice":"Success","damage_taken":25,"relics_obtained":["Anchor"],"max_hp_gain":0,"max_hp_loss":0,"event_name":"Scrap Ooze","floor":13,"gold_loss":0},{"damage_healed":0,"gold_gain":0,"player_choice":"Ignored","damage_taken":0,"max_hp_gain":0,"max_hp_loss":0,"event_name":"Ghosts","floor":19,"gold_loss":0},{"damage_healed":0,"gold_gain":0,"player_choice":"Read","damage_taken":0,"max_hp_gain":0,"max_hp_loss":0,"event_name":"The Library","floor":20,"gold_loss":0,"cards_obtained":["Armaments"]},{"damage_healed":0,"gold_gain":0,"player_choice":"Fought Bandits","damage_taken":0,"max_hp_gain":0,"max_hp_loss":0,"event_name":"Masked Bandits","floor":21,"gold_loss":0},{"damage_healed":0,"gold_gain":0,"player_choice":"Joined the Cult","damage_taken":6,"max_hp_gain":0,"max_hp_loss":0,"event_name":"Nest","floor":29,"gold_loss":0,"cards_obtained":["RitualDagger"]},{"damage_healed":0,"gold_gain":0,"player_choice":"Obtained Relic","damage_taken":0,"relics_obtained":["Ornamental Fan"],"max_hp_gain":0,"max_hp_loss":0,"event_name":"Addict","floor":30,"gold_loss":85}],"is_beta":false,"boss_relics":[{"not_picked":["Coffee Dripper","Black Star"],"picked":"Empty Cage"}],"items_purged_floors":[14],"is_endless":false,"potions_floor_spawned":[2,5,8,16,21,23,28],"killed_by":"Automaton","ascension_level":0}