{"gold_per_floor":[19,35,35,55,55,55,115,147,196,49,49,60,60,73,73,170,170,181,181,141,157,10,10,45,45,69,19,19,32,32,32,32,131,131,142,142,0,16,29,64,416,416,416,129,129,140,140,140,140,140],"floor_reached":51,"playtime":2329,"items_purged":["Strike_B","Doubt"],"score":902,"play_id":"c7c40584-4bf8-4060-af96-93aba2c9d0e4","local_time":"20190118200148","is_ascension_mode":true,"campfire_choices":[{"data":"Zap","floor":6,"key":"SMITH"},{"data":"Dualcast","floor":11,"key":"SMITH"},{"floor":13,"key":"REST"},{"data":"Core Surge","floor":15,"key":"SMITH"},{"data":"Defragment","floor":23,"key":"SMITH"},{"data":"Hologram","floor":25,"key":"SMITH"},{"data":"Glacier","floor":32,"key":"SMITH"},{"data":"Loop","floor":45,"key":"SMITH"},{"data":"Machine Learning","floor":47,"key":"SMITH"},{"floor":49,"key":"REST"}],"neow_cost":"NO_GOLD","seed_source_timestamp":497064877750254,"circlet_count":0,"master_deck":["Strike_B","Strike_B","Defend_B","Defend_B","Defend_B","Defend_B","Zap+1","Dualcast+1","Core Surge+1","Steam","White Noise+1","Stack","Auto Shields+1","Cold Snap","All For One","Hologram+1","Ball Lightning+1","Defragment+1","Coolheaded+1","Glacier+1","Machine Learning+1","Coolheaded+1","Loop+1","Parasite","Hologram+1"],"relics":["Cracked Core","Ancient Tea Set","FossilizedHelix","Omamori","DataDisk","Cursed Key","Ice Cream","Juzu Bracelet","Sozu","Red Mask","Bird Faced Urn","Old Coin","Ornamental Fan","Kunai","Bag of Preparation"],"potions_floor_usage":[33,50,50,50],"damage_taken":[{"damage":10,"enemies":"Small Slimes","floor":1,"turns":3},{"damage":0,"enemies":"Cultist","floor":2,"turns":3},{"damage":2,"enemies":"Jaw Worm","floor":4,"turns":2},{"damage":33,"enemies":"Gremlin Nob","floor":8,"turns":4},{"damage":0,"enemies":"3 Louse","floor":12,"turns":3},{"damage":0,"enemies":"Blue Slaver","floor":14,"turns":3},{"damage":0,"enemies":"Slime Boss","floor":16,"turns":8},{"damage":0,"enemies":"Shell Parasite","floor":18,"turns":4},{"damage":0,"enemies":"Spheric Guardian","floor":21,"turns":4},{"damage":23,"enemies":"Slavers","floor":24,"turns":6},{"damage":0,"enemies":"Snecko","floor":29,"turns":4},{"damage":37,"enemies":"Collector","floor":33,"turns":15},{"damage":0,"enemies":"3 Darklings","floor":35,"turns":6},{"damage":0,"enemies":"Orb Walker","floor":38,"turns":4},{"damage":0,"enemies":"Jaw Worm Horde","floor":39,"turns":7},{"damage":21,"enemies":"Nemesis","floor":40,"turns":9},{"damage":39,"enemies":"2 Orb Walkers","floor":41,"turns":7},{"damage":0,"enemies":"Writhing Mass","floor":46,"turns":6},{"damage":33,"enemies":"Donu and Deca","floor":50,"turns":17}],"seed_played":"7373300411087441965","potions_obtained":[{"floor":4,"key":"Energy Potion"},{"floor":8,"key":"GamblersBrew"},{"floor":14,"key":"Ancient Potion"},{"floor":21,"key":"Block Potion"},{"floor":33,"key":"Poison Potion"}],"is_trial":false,"path_per_floor":["M","M","?","M","?","R","?","E","T","$","R","M","R","M","R","B",null,"M","?","?","M","$","R","E","R","T","?","?","M","$","?","R","B",null,"M","?","?","M","M","E","?","T","T","$","R","M","R","?","R","B",null],"character_chosen":"DEFECT","items_purchased":["DataDisk","Defragment","Loop","Bag of Preparation"],"campfire_rested":2,"item_purchase_floors":[10,22,44,44],"current_hp_per_floor":[65,65,65,63,60,60,60,27,27,27,27,27,49,49,49,49,75,75,61,61,61,61,61,38,38,38,38,38,38,38,38,38,1,80,80,76,76,76,76,55,22,22,22,22,22,34,34,34,56,31],"gold":140,"neow_bonus":"THREE_RARE_CARDS","is_prod":false,"is_daily":false,"chose_seed":false,"campfire_upgraded":8,"win_rate":0,"timestamp":1547834508,"path_taken":["M","M","?","?","?","R","?","E","T","$","R","?","R","M","R","BOSS","M","?","?","M","$","R","E","R","T","?","?","M","$","?","R","BOSS","M","?","?","M","M","E","?","?","T","$","R","M","R","?","R","BOSS"],"build_version":"2019-01-17v2","purchased_purges":2,"victory":true,"max_hp_per_floor":[75,75,75,75,75,75,75,75,75,75,75,75,75,75,75,75,75,75,80,80,80,80,80,80,80,80,80,80,80,80,80,80,80,80,80,76,76,76,76,76,76,76,76,76,76,76,76,76,76,76],"card_choices":[{"not_picked":["Fission","Machine Learning"],"picked":"Core Surge","floor":0},{"not_picked":["Steam Power","Gash"],"picked":"Steam","floor":1},{"not_picked":["Lockon","Recycle"],"picked":"Melter","floor":2},{"not_picked":["Sweeping Beam","Redo"],"picked":"White Noise","floor":4},{"not_picked":["Aggregate","Sweeping Beam"],"picked":"Stack","floor":8},{"not_picked":["Static Discharge","Streamline"],"picked":"Auto Shields","floor":12},{"not_picked":["Beam Cell","Sweeping Beam"],"picked":"Cold Snap","floor":14},{"not_picked":["Reboot","Thunder Strike"],"picked":"All For One","floor":16},{"not_picked":["Cold Snap","Reprogram"],"picked":"Hologram","floor":18},{"not_picked":["Redo","Barrage"],"picked":"Ball Lightning+1","floor":21},{"not_picked":["Blizzard","Hologram"],"picked":"Coolheaded+1","floor":24},{"not_picked":["Chaos+1","Gash","Turbo"],"picked":"SKIP","floor":29},{"not_picked":["Multi-Cast","Amplify"],"picked":"Machine Learning","floor":33},{"not_picked":["Leap+1","Fusion"],"picked":"Coolheaded+1","floor":35},{"not_picked":["Gash","Steam Power","Cold Snap+1"],"picked":"SKIP","floor":38},{"not_picked":["Aggregate","Rebound","Sweeping Beam"],"picked":"SKIP","floor":39},{"not_picked":["Storm","Leap+1","Undo"],"picked":"SKIP","floor":40},{"not_picked":["Ball Lightning+1","Conserve Battery"],"picked":"Hologram+1","floor":46}],"player_experience":97521,"relics_obtained":[{"floor":8,"key":"FossilizedHelix"},{"floor":9,"key":"Omamori"},{"floor":24,"key":"Ice Cream"},{"floor":26,"key":"Juzu Bracelet"},{"floor":40,"key":"Bird Faced Urn"},{"floor":41,"key":"Old Coin"},{"floor":42,"key":"Ornamental Fan"},{"floor":43,"key":"Kunai"}],"event_choices":[{"damage_healed":0,"gold_gain":0,"player_choice":"Ignored","damage_taken":0,"max_hp_gain":0,"max_hp_loss":0,"event_name":"WeMeetAgain","floor":3,"gold_loss":0},{"damage_healed":0,"gold_gain":0,"player_choice":"Success","damage_taken":3,"relics_obtained":["Ancient Tea Set"],"max_hp_gain":0,"max_hp_loss":0,"event_name":"Scrap Ooze","floor":5,"gold_loss":0},{"damage_healed":0,"gold_gain":60,"player_choice":"Gained Gold","damage_taken":0,"max_hp_gain":0,"max_hp_loss":0,"event_name":"Golden Wing","floor":7,"gold_loss":0},{"damage_healed":0,"gold_gain":0,"player_choice":"Shed Blood","damage_taken":19,"max_hp_gain":5,"max_hp_loss":0,"event_name":"Forgotten Altar","floor":19,"gold_loss":0},{"damage_healed":0,"gold_gain":0,"player_choice":"Upgraded Two","damage_taken":0,"max_hp_gain":0,"max_hp_loss":0,"event_name":"Designer","floor":20,"gold_loss":40,"cards_upgraded":["White Noise","Auto Shields"]},{"damage_healed":0,"gold_gain":0,"player_choice":"Bet on Murderer","damage_taken":0,"max_hp_gain":0,"max_hp_loss":0,"event_name":"The Joust","floor":27,"gold_loss":50},{"cards_removed":["Strike_B"],"damage_healed":0,"gold_gain":0,"player_choice":"Purged","damage_taken":0,"max_hp_gain":0,"max_hp_loss":0,"event_name":"Purifier","floor":28,"gold_loss":0},{"damage_healed":0,"gold_gain":0,"player_choice":"Read","damage_taken":0,"max_hp_gain":0,"max_hp_loss":0,"event_name":"The Library","floor":31,"gold_loss":0,"cards_obtained":["Glacier"]},{"damage_healed":0,"gold_gain":0,"player_choice":"Max HP","damage_taken":0,"max_hp_gain":0,"max_hp_loss":4,"event_name":"Winding Halls","floor":36,"gold_loss":0},{"damage_healed":0,"gold_gain":0,"player_choice":"Paid","damage_taken":0,"relics_obtained":["Red Mask"],"max_hp_gain":0,"max_hp_loss":0,"event_name":"Tomb of Lord Red Mask","floor":37,"gold_loss":142},{"damage_healed":0,"gold_gain":0,"player_choice":"Fight","damage_taken":0,"max_hp_gain":0,"max_hp_loss":0,"event_name":"Mysterious Sphere","floor":41,"gold_loss":0},{"cards_removed":["Melter"],"damage_healed":0,"gold_gain":0,"player_choice":"Removed Attack","damage_taken":0,"max_hp_gain":0,"max_hp_loss":0,"event_name":"Falling","floor":48,"gold_loss":0}],"is_beta":false,"boss_relics":[{"not_picked":["Runic Dome","Velvet Choker"],"picked":"Cursed Key"},{"not_picked":["FrozenCore","Snecko Eye"],"picked":"Sozu"}],"items_purged_floors":[22,44],"is_endless":false,"potions_floor_spawned":[4,8,14,21,24,33,35,40,41,46],"ascension_level":4}