{"gold_per_floor":[110,60,60,60,72,134,134,166,166,166,186,209,229,86,86,161,161,173,193,293,303,241,241],"floor_reached":23,"playtime":640,"items_purged":[],"score":338,"play_id":"d7d09312-ef73-4709-b8a7-3c9687850fef","local_time":"20190226200139","is_ascension_mode":true,"campfire_choices":[{"data":"Shockwave","floor":7,"key":"SMITH"},{"floor":15,"key":"REST"}],"neow_cost":"NONE","seed_source_timestamp":89069771764923,"circlet_count":0,"master_deck":["AscendersBane","Strike_R","Strike_R","Strike_R","Strike_R","Defend_R","Defend_R","Defend_R","Bash","Impervious","Pommel Strike","Shockwave+1","Pommel Strike","Spot Weakness","Flame Barrier","Twin Strike","Seeing Red","Spot Weakness","Iron Wave","Limit Break","Shrug It Off+1","Headbutt","Uppercut","Armaments","Sword Boomerang"],"relics":["Burning Blood","Prayer Wheel","Tiny Chest","Bag of Marbles","Pear","Odd Mushroom","Regal Pillow","Philosopher\u0027s Stone","Happy Flower"],"potions_floor_usage":[18,18,21],"damage_taken":[{"damage":5,"enemies":"Cultist","floor":1,"turns":6},{"damage":6,"enemies":"2 Louse","floor":5,"turns":3},{"damage":24,"enemies":"Gremlin Nob","floor":6,"turns":4},{"damage":25,"enemies":"Lagavulin","floor":8,"turns":6},{"damage":4,"enemies":"Small Slimes","floor":11,"turns":3},{"damage":15,"enemies":"The Mushroom Lair","floor":12,"turns":4},{"damage":12,"enemies":"2 Fungi Beasts","floor":13,"turns":3},{"damage":26,"enemies":"The Guardian","floor":16,"turns":7},{"damage":13,"enemies":"Spheric Guardian","floor":18,"turns":4},{"damage":9,"enemies":"Chosen","floor":19,"turns":4},{"damage":27,"enemies":"Snake Plant","floor":21,"turns":5},{"damage":44,"enemies":"Slavers","floor":23,"turns":2}],"seed_played":"-2072370800218132472","potions_obtained":[{"floor":5,"key":"Ancient Potion"},{"floor":8,"key":"FearPotion"},{"floor":16,"key":"SkillPotion"},{"floor":18,"key":"SneckoOil"}],"is_trial":false,"path_per_floor":["M","?","?","?","M","E","R","E","T","?","M","?","M","$","R","B",null,"M","M","?","M","?","E"],"character_chosen":"IRONCLAD","items_purchased":["Regal Pillow"],"campfire_rested":1,"item_purchase_floors":[14],"current_hp_per_floor":[69,69,66,66,66,48,48,29,39,39,41,32,26,26,66,46,75,68,65,65,44,44,0],"gold":241,"neow_bonus":"ONE_RANDOM_RARE_CARD","is_prod":false,"is_daily":false,"chose_seed":false,"campfire_upgraded":1,"win_rate":0,"timestamp":1551204099,"path_taken":["M","?","?","?","?","E","R","E","T","?","?","?","M","$","R","BOSS","M","M","?","?","?","E"],"build_version":"2019-01-23","purchased_purges":0,"victory":false,"max_hp_per_floor":[75,75,75,75,75,75,75,75,85,85,85,85,85,85,85,85,85,85,85,85,85,85,85],"card_choices":[{"not_picked":["Thunderclap","True Grit"],"picked":"Pommel Strike","floor":1},{"not_picked":["Wild Strike","Pommel Strike"],"picked":"Shockwave","floor":5},{"not_picked":["Body Slam","Hemokinesis"],"picked":"Pommel Strike","floor":5},{"not_picked":["Berserk","Searing Blow"],"picked":"Spot Weakness","floor":6},{"not_picked":["Cleave","True Grit"],"picked":"Flame Barrier","floor":8},{"not_picked":["Carnage","Warcry"],"picked":"Twin Strike","floor":11},{"not_picked":["Clash","Headbutt"],"picked":"Seeing Red","floor":11},{"not_picked":["Entrench","Reckless Charge"],"picked":"Spot Weakness","floor":12},{"not_picked":["Cleave","Anger"],"picked":"Iron Wave","floor":13},{"not_picked":["Thunderclap","Wild Strike","Body Slam"],"picked":"SKIP","floor":13},{"not_picked":["Exhume","Brutality"],"picked":"Limit Break","floor":16},{"not_picked":["Cleave","Evolve"],"picked":"Shrug It Off+1","floor":18},{"not_picked":["Body Slam","Cleave"],"picked":"Headbutt","floor":18},{"not_picked":["Heavy Blade","Fire Breathing"],"picked":"Uppercut","floor":19},{"not_picked":["Rage","Seeing Red"],"picked":"Armaments","floor":19},{"not_picked":["Twin Strike","Shrug It Off"],"picked":"Sword Boomerang","floor":21},{"not_picked":["Reckless Charge","Cleave","Pommel Strike"],"picked":"SKIP","floor":21}],"player_experience":227717,"relics_obtained":[{"floor":6,"key":"Tiny Chest"},{"floor":8,"key":"Bag of Marbles"},{"floor":9,"key":"Pear"},{"floor":12,"key":"Odd Mushroom"}],"event_choices":[{"cards_removed":["Strike_R"],"damage_healed":0,"gold_gain":0,"player_choice":"Card Removal","damage_taken":0,"max_hp_gain":0,"max_hp_loss":0,"event_name":"The Cleric","floor":2,"gold_loss":50},{"damage_healed":0,"gold_gain":0,"player_choice":"Success","damage_taken":3,"relics_obtained":["Prayer Wheel"],"max_hp_gain":0,"max_hp_loss":0,"event_name":"Scrap Ooze","floor":3,"gold_loss":0},{"cards_removed":["Defend_R"],"damage_healed":0,"gold_gain":0,"player_choice":"Purged","damage_taken":0,"max_hp_gain":0,"max_hp_loss":0,"event_name":"Purifier","floor":4,"gold_loss":0},{"damage_healed":0,"gold_gain":0,"player_choice":"Bought 0 Potions","damage_taken":0,"max_hp_gain":0,"max_hp_loss":0,"event_name":"The Woman in Blue","floor":10,"gold_loss":0},{"damage_healed":0,"gold_gain":0,"player_choice":"Fought Mushrooms","damage_taken":0,"max_hp_gain":0,"max_hp_loss":0,"event_name":"Mushrooms","floor":12,"gold_loss":0},{"damage_healed":0,"gold_gain":100,"player_choice":"Pray","damage_taken":0,"max_hp_gain":0,"max_hp_loss":0,"event_name":"Golden Shrine","floor":20,"gold_loss":0},{"damage_healed":0,"gold_gain":0,"player_choice":"Paid Gold","damage_taken":0,"relics_obtained":["Happy Flower"],"max_hp_gain":0,"max_hp_loss":0,"event_name":"WeMeetAgain","floor":22,"gold_loss":62}],"is_beta":false,"boss_relics":[{"not_picked":["Orrery","Coffee Dripper"],"picked":"Philosopher\u0027s Stone"}],"items_purged_floors":[],"is_endless":false,"potions_floor_spawned":[5,8,11,16,18],"killed_by":"Slavers","ascension_level":14}