{"gold_per_floor":[110,110,128,128,147,165,165,165,165,179,179,198,123,136,136,240,240,259,79,79,79,94,94,106,118,118,118,118,118,128,141,141,241,241,261,261,261,275,185,185,201,216,242,19,19,30,41,59,59,59],"floor_reached":50,"playtime":1860,"items_purged":["Strike_B","Strike_B","Strike_B"],"score":465,"play_id":"ba359381-b410-4d39-a393-dda01fc58ffa","local_time":"20190102030347","is_ascension_mode":false,"campfire_choices":[{"data":"Zap","floor":7,"key":"SMITH"},{"data":"Rainbow","floor":15,"key":"SMITH"},{"data":"Coolheaded","floor":23,"key":"SMITH"},{"data":"Glacier","floor":27,"key":"SMITH"},{"floor":32,"key":"REST"},{"data":"Buffer","floor":40,"key":"SMITH"},{"data":"Mind Blast","floor":45,"key":"SMITH"},{"data":"Capacitor","floor":49,"key":"SMITH"}],"neow_cost":"NONE","seed_source_timestamp":39684776247568,"circlet_count":0,"master_deck":["Defend_B","Defend_B","Defend_B","Defend_B","Zap+1","Dualcast+1","Beam Cell+1","Compile Driver","Self Repair","Glacier+1","Rainbow+1","Conserve Battery","Sunder","Go for the Eyes+1","Defragment+1","Coolheaded+1","Hello World+1","Conserve Battery+1","Ghostly","Ghostly","Ghostly","Ghostly","Ghostly","Capacitor+1","Buffer+1","Streamline","Cold Snap+1","Mind Blast+1","Double Energy+1","Parasite","Go for the Eyes+1"],"relics":["Runic Dome"],"potions_floor_usage":[16,24,33,50,50,50],"damage_taken":[{"damage":8,"enemies":"Small Slimes","floor":1,"turns":2},{"damage":6,"enemies":"Jaw Worm","floor":3,"turns":2},{"damage":0,"enemies":"2 Louse","floor":5,"turns":1},{"damage":8,"enemies":"Large Slime","floor":6,"turns":5},{"damage":11,"enemies":"Blue Slaver","floor":10,"turns":5},{"damage":1,"enemies":"Exordium Thugs","floor":12,"turns":4},{"damage":2,"enemies":"3 Louse","floor":14,"turns":3},{"damage":32,"enemies":"Slime Boss","floor":16,"turns":15},{"damage":10,"enemies":"Chosen","floor":18,"turns":4},{"damage":29,"enemies":"2 Thieves","floor":22,"turns":4},{"damage":16,"enemies":"3 Cultists","floor":24,"turns":6},{"damage":8,"enemies":"Centurion and Healer","floor":25,"turns":9},{"damage":0,"enemies":"Shelled Parasite and Fungi","floor":30,"turns":8},{"damage":3,"enemies":"Snake Plant","floor":31,"turns":5},{"damage":1,"enemies":"Collector","floor":33,"turns":11},{"damage":7,"enemies":"Orb Walker","floor":35,"turns":8},{"damage":0,"enemies":"3 Shapes","floor":38,"turns":10},{"damage":0,"enemies":"Transient","floor":41,"turns":5},{"damage":0,"enemies":"Jaw Worm Horde","floor":42,"turns":6},{"damage":12,"enemies":"Sphere and 2 Shapes","floor":46,"turns":8},{"damage":1,"enemies":"Spire Growth","floor":47,"turns":9},{"damage":7,"enemies":"Writhing Mass","floor":48,"turns":10},{"damage":52,"enemies":"Donu and Deca","floor":50,"turns":10}],"seed_played":"5495925436940803730","potions_obtained":[{"floor":3,"key":"Regen Potion"},{"floor":6,"key":"Energy Potion"},{"floor":10,"key":"SteroidPotion"},{"floor":18,"key":"Regen Potion"},{"floor":25,"key":"AttackPotion"},{"floor":38,"key":"Regen Potion"},{"floor":42,"key":"LiquidBronze"}],"is_trial":false,"path_per_floor":["M","?","M","?","M","M","R","?","T","M","?","M","$","M","R","B",null,"M","$","?","?","M","R","M","M","T","R","?","$","M","M","R","B",null,"M","?","?","M","?","R","M","M","T","$","R","M","M","M","R","B"],"character_chosen":"DEFECT","items_purchased":["Defragment","Coolheaded","Mind Blast"],"campfire_rested":1,"item_purchase_floors":[19,19,44],"current_hp_per_floor":[67,67,61,49,49,48,48,48,48,44,44,50,50,48,48,38,75,72,72,72,72,50,50,56,55,55,55,37,37,37,37,37,37,37,37,37,37,37,37,37,37,37,37,37,37,32,37,37,37,0],"gold":59,"neow_bonus":"BOSS_RELIC","is_prod":false,"is_daily":false,"chose_seed":false,"campfire_upgraded":7,"win_rate":0,"timestamp":1546391027,"path_taken":["M","?","M","?","M","M","R","?","T","M","?","M","$","M","R","BOSS","M","$","?","?","?","R","M","M","T","R","?","$","M","M","R","BOSS","M","?","?","M","?","R","M","M","T","$","R","M","M","?","R","BOSS"],"build_version":"2018-12-20","purchased_purges":3,"victory":false,"max_hp_per_floor":[75,75,75,75,75,75,75,75,75,75,75,75,75,75,75,75,75,75,75,75,75,75,75,75,75,75,75,37,37,37,37,37,37,37,37,37,37,37,37,37,37,37,37,37,37,37,37,37,37,37],"card_choices":[{"not_picked":["Rebound","Sweeping Beam"],"picked":"Beam Cell","floor":1},{"not_picked":["White Noise","Beam Cell"],"picked":"Compile Driver","floor":3},{"not_picked":["Doom and Gloom","Stack"],"picked":"Self Repair","floor":5},{"not_picked":["Turbo","Force Field"],"picked":"Glacier","floor":6},{"not_picked":["Hologram","Auto Shields"],"picked":"Rainbow","floor":10},{"not_picked":["Lockon","White Noise"],"picked":"Conserve Battery","floor":12},{"not_picked":["Gash","Sweeping Beam"],"picked":"Sunder","floor":14},{"not_picked":["Biased Cognition","Machine Learning"],"picked":"Thunder Strike","floor":16},{"not_picked":["Tempest","Static Discharge+1"],"picked":"Go for the Eyes+1","floor":18},{"not_picked":["Coolheaded","Cold Snap"],"picked":"Hello World+1","floor":22},{"not_picked":["Gash","Steam"],"picked":"Conserve Battery+1","floor":24},{"not_picked":["Amplify","Steam+1","Redo"],"picked":"SKIP","floor":25},{"not_picked":["Go for the Eyes","Double Energy","Leap"],"picked":"SKIP","floor":30},{"not_picked":["Leap","Turbo"],"picked":"Capacitor","floor":31},{"not_picked":["Rainbow","Multi-Cast"],"picked":"Buffer","floor":33},{"not_picked":["Conserve Battery+1","Leap"],"picked":"Streamline","floor":35},{"not_picked":["Rebound","Coolheaded"],"picked":"Cold Snap+1","floor":38},{"not_picked":["Hyperbeam","Hologram","Coolheaded"],"picked":"SKIP","floor":41},{"not_picked":["Coolheaded","Streamline","Sweeping Beam+1"],"picked":"SKIP","floor":42},{"not_picked":["Aggregate","Gash+1"],"picked":"Double Energy+1","floor":46},{"not_picked":["Turbo+1","Coolheaded","Hello World+1"],"picked":"SKIP","floor":47},{"not_picked":["Force Field","Coolheaded+1"],"picked":"Go for the Eyes+1","floor":48}],"player_experience":67020,"relics_obtained":[],"event_choices":[{"damage_healed":0,"gold_gain":0,"player_choice":"Leave","damage_taken":0,"max_hp_gain":0,"max_hp_loss":0,"event_name":"The Cleric","floor":2,"gold_loss":0},{"damage_healed":0,"gold_gain":0,"player_choice":"Fled","damage_taken":12,"max_hp_gain":0,"max_hp_loss":0,"event_name":"Scrap Ooze","floor":4,"gold_loss":0},{"damage_healed":0,"gold_gain":0,"player_choice":"Grow","damage_taken":0,"max_hp_gain":0,"max_hp_loss":0,"event_name":"Living Wall","floor":8,"gold_loss":0,"cards_upgraded":["Beam Cell"]},{"damage_healed":0,"gold_gain":0,"player_choice":"Ignored","damage_taken":0,"max_hp_gain":0,"max_hp_loss":0,"event_name":"Liars Game","floor":11,"gold_loss":0},{"damage_healed":0,"gold_gain":0,"player_choice":"Ignored","damage_taken":0,"max_hp_gain":0,"max_hp_loss":0,"event_name":"Cursed Tome","floor":20,"gold_loss":0},{"damage_healed":0,"gold_gain":0,"player_choice":"Forge","damage_taken":0,"max_hp_gain":0,"max_hp_loss":0,"event_name":"Accursed Blacksmith","floor":21,"gold_loss":0,"cards_upgraded":["Defragment"]},{"damage_healed":0,"gold_gain":0,"player_choice":"Became a Ghost","damage_taken":0,"max_hp_gain":0,"max_hp_loss":38,"event_name":"Ghosts","floor":28,"gold_loss":0,"cards_obtained":["Ghostly","Ghostly","Ghostly","Ghostly","Ghostly"]},{"damage_healed":0,"gold_gain":0,"player_choice":"Ignored","damage_taken":0,"max_hp_gain":0,"max_hp_loss":0,"event_name":"Mysterious Sphere","floor":36,"gold_loss":0},{"cards_removed":["Thunder Strike"],"damage_healed":0,"gold_gain":0,"player_choice":"Removed Attack","damage_taken":0,"max_hp_gain":0,"max_hp_loss":0,"event_name":"Falling","floor":37,"gold_loss":0},{"cards_removed":["Strike_B"],"damage_healed":0,"gold_gain":0,"player_choice":"Upgrade and Remove","damage_taken":0,"max_hp_gain":0,"max_hp_loss":0,"event_name":"Designer","floor":39,"gold_loss":90,"cards_upgraded":["Dualcast"]}],"is_beta":false,"boss_relics":[{"not_picked":["Tiny House","Eternal Feather","Runic Pyramid"]},{"not_picked":["Nuclear Battery","Velvet Choker","Sozu"]}],"items_purged_floors":[13,19,44],"is_endless":false,"potions_floor_spawned":[3,6,10,12,18,25,31,38,42,46,47],"killed_by":"Donu and Deca","ascension_level":0}