{"gold_per_floor":[368,368,368,389,53,53,72,247,247,247,271,271,284,308,308,308],"floor_reached":16,"playtime":1049,"items_purged":["Strike_G"],"score":92,"play_id":"7efd6e4e-ee36-41c8-bfce-85cf85de45f3","local_time":"20190109170748","is_ascension_mode":false,"campfire_choices":[{"floor":6,"key":"REST"},{"data":"Adrenaline","floor":12,"key":"SMITH"},{"floor":15,"key":"REST"}],"neow_cost":"PERCENT_DAMAGE","seed_source_timestamp":14487677342204,"circlet_count":0,"master_deck":["Defend_G+1","Defend_G","Defend_G","Defend_G","Defend_G","Strike_G","Strike_G","Strike_G","Strike_G","Survivor","Neutralize+1","Flying Knee","Injury","Dagger Spray","Sucker Punch","Doubt","Adrenaline+1","Deadly Poison","Bane"],"relics":["Ring of the Snake","Golden Idol","Matryoshka","Lantern","Strawberry","WingedGreaves"],"potions_floor_usage":[11],"damage_taken":[{"damage":0,"enemies":"2 Louse","floor":1,"turns":2},{"damage":0,"enemies":"Jaw Worm","floor":4,"turns":3},{"damage":0,"enemies":"Small Slimes","floor":7,"turns":2},{"damage":6,"enemies":"Exordium Thugs","floor":11,"turns":7},{"damage":3,"enemies":"Large Slime","floor":13,"turns":7},{"damage":0,"enemies":"3 Louse","floor":14,"turns":2},{"damage":83,"enemies":"Slime Boss","floor":16,"turns":12}],"seed_played":"1491625227692968779","potions_obtained":[{"floor":7,"key":"Swift Potion"},{"floor":13,"key":"FairyPotion"}],"is_trial":false,"path_per_floor":["M","?","?","M","$","R","M","?","T","?","M","R","M","M","R","B"],"character_chosen":"THE_SILENT","items_purchased":["Matryoshka"],"campfire_rested":2,"item_purchase_floors":[5],"current_hp_per_floor":[49,49,35,35,35,56,56,56,63,56,50,50,47,47,70,0],"gold":308,"neow_bonus":"TWO_FIFTY_GOLD","is_prod":false,"is_daily":false,"chose_seed":false,"campfire_upgraded":1,"win_rate":0.0,"timestamp":1547082468,"path_taken":["M","?","?","M","$","R","M","?","T","?","?","R","M","M","R","BOSS"],"build_version":"2019-01-03v4","purchased_purges":1,"victory":false,"max_hp_per_floor":[70,70,70,70,70,70,70,70,77,77,77,77,77,77,77,77],"card_choices":[{"not_picked":["Dagger Spray","Poisoned Stab"],"picked":"Flying Knee","floor":1},{"not_picked":["Deflect","Acrobatics"],"picked":"Dagger Spray","floor":4},{"not_picked":["Expertise","Leg Sweep"],"picked":"Sucker Punch","floor":7},{"not_picked":["Deadly Poison","Escape Plan"],"picked":"Adrenaline","floor":11},{"not_picked":["Underhanded Strike","Terror"],"picked":"Deadly Poison","floor":13},{"not_picked":["Terror","Dodge and Roll"],"picked":"Bane","floor":14}],"player_experience":85616,"relics_obtained":[{"floor":9,"key":"Lantern"},{"floor":9,"key":"Strawberry"}],"event_choices":[{"damage_healed":0,"gold_gain":0,"player_choice":"Take Wound","damage_taken":0,"relics_obtained":["Golden Idol"],"max_hp_gain":0,"max_hp_loss":0,"event_name":"Golden Idol","floor":2,"gold_loss":0,"cards_obtained":["Injury"]},{"damage_healed":0,"gold_gain":0,"player_choice":"Entered Light","damage_taken":14,"max_hp_gain":0,"max_hp_loss":0,"event_name":"Shining Light","floor":3,"gold_loss":0,"cards_upgraded":["Defend_G","Neutralize"]},{"damage_healed":0,"gold_gain":175,"player_choice":"AGREE","damage_taken":0,"max_hp_gain":0,"max_hp_loss":0,"event_name":"Liars Game","floor":8,"gold_loss":0,"cards_obtained":["Doubt"]},{"damage_healed":0,"gold_gain":0,"player_choice":"Success","damage_taken":7,"relics_obtained":["WingedGreaves"],"max_hp_gain":0,"max_hp_loss":0,"event_name":"Scrap Ooze","floor":10,"gold_loss":0}],"is_beta":false,"boss_relics":[],"items_purged_floors":[5],"is_endless":false,"potions_floor_spawned":[7,13],"killed_by":"Slime Boss","ascension_level":0}