{"gold_per_floor":[119,119,132,151,71,71,103,103,127,155,155,185,202,127,127,231,231,241,341,241,253,128,128,147,173,254,254,254,254,169,183,183,280,280,293,106,206,206,216,216,241,241,241,257,271,66,85,0,0,0],"floor_reached":51,"playtime":1935,"items_purged":["Defend_R","Regret","Shame","Writhe"],"score":856,"play_id":"4d946cdd-7d14-41a2-ab0a-1746da1ab461","local_time":"20190121123220","is_ascension_mode":true,"campfire_choices":[{"data":"Perfected Strike","floor":6.0,"key":"SMITH"},{"data":"Perfected Strike","floor":8.0,"key":"SMITH"},{"data":"Bash","floor":15.0,"key":"SMITH"},{"data":"1","floor":23.0,"key":"LIFT"},{"data":"2","floor":28.0,"key":"LIFT"},{"floor":32.0,"key":"REST"},{"data":"3","floor":40,"key":"LIFT"},{"data":"Barricade","floor":42,"key":"SMITH"},{"data":"Corruption","floor":49,"key":"SMITH"}],"neow_cost":"NONE","seed_source_timestamp":0,"circlet_count":0,"master_deck":["Strike_R","Strike_R","Strike_R","Strike_R","Strike_R","Defend_R","Defend_R","Defend_R","Cleave","Shrug It Off","Perfected Strike+1","Flame Barrier","Perfected Strike+1","Uppercut","Seeing Red","True Grit","Double Tap","Clothesline","Shrug It Off+1","Thunderclap+1","Barricade+1","Headbutt","Carnage","Demon Form","Pommel Strike+1","Corruption+1","Pummel+1","Seeing Red+1"],"special_seed":0,"relics":["Burning Blood","Boot","Bag of Preparation","Strawberry","Red Skull","Odd Mushroom","Calling Bell","Vajra","Kunai","Girya","Dead Branch","Meat on the Bone","Centennial Puzzle","Toxic Egg 2","Gambling Chip","Darkstone Periapt","Lizard Tail","Ginger","Regal Pillow","Shuriken","TheAbacus","Red Mask"],"potions_floor_usage":[33,33,50,50,50],"damage_taken":[{"damage":6.0,"enemies":"Cultist","floor":1.0,"turns":4.0},{"damage":4.0,"enemies":"Small Slimes","floor":3.0,"turns":4.0},{"damage":15.0,"enemies":"Jaw Worm","floor":4.0,"turns":4.0},{"damage":27.0,"enemies":"Gremlin Nob","floor":7.0,"turns":4.0},{"damage":25.0,"enemies":"Lagavulin","floor":10.0,"turns":5.0},{"damage":4.0,"enemies":"The Mushroom Lair","floor":12.0,"turns":3.0},{"damage":0.0,"enemies":"Blue Slaver","floor":13.0,"turns":2.0},{"damage":36.0,"enemies":"The Guardian","floor":16.0,"turns":7.0},{"damage":6.0,"enemies":"3 Byrds","floor":18.0,"turns":2.0},{"damage":30.0,"enemies":"Colosseum Slavers","floor":19.0,"turns":6.0},{"damage":44.0,"enemies":"Colosseum Nobs","floor":19.0,"turns":7.0},{"damage":28.0,"enemies":"Shell Parasite","floor":21.0,"turns":4.0},{"damage":24.0,"enemies":"Snake Plant","floor":24.0,"turns":2.0},{"damage":27.0,"enemies":"Slavers","floor":25.0,"turns":5.0},{"damage":0.0,"enemies":"Snecko","floor":31.0,"turns":2.0},{"damage":64,"enemies":"Collector","floor":33,"turns":4},{"damage":21,"enemies":"3 Shapes","floor":35,"turns":4},{"damage":13,"enemies":"Mind Bloom Boss Battle","floor":37,"turns":5},{"damage":0,"enemies":"3 Darklings","floor":39,"turns":2},{"damage":34,"enemies":"Giant Head","floor":41,"turns":7},{"damage":0,"enemies":"4 Shapes","floor":44,"turns":2},{"damage":4,"enemies":"Sphere and 2 Shapes","floor":45,"turns":3},{"damage":19,"enemies":"Maw","floor":47,"turns":5},{"damage":51,"enemies":"Awakened One","floor":50,"turns":8}],"seed_played":"2888026703573801742","potions_obtained":[{"floor":7.0,"key":"FairyPotion"},{"floor":10.0,"key":"Swift Potion"},{"floor":13.0,"key":"LiquidBronze"},{"floor":21.0,"key":"SpeedPotion"},{"floor":25.0,"key":"Regen Potion"},{"floor":31.0,"key":"FearPotion"},{"floor":37,"key":"SteroidPotion"},{"floor":41,"key":"LiquidBronze"}],"is_trial":false,"path_per_floor":["M","?","M","M","$","R","E","R","T","E","?","?","M","$","R","B",null,"M","?","$","M","$","R","M","E","T","?","R","T","?","M","R","B",null,"M","$","?","?","M","R","E","R","T","M","M","$","M","?","R","B",null],"character_chosen":"IRONCLAD","items_purchased":["Flame Barrier","Corruption","TheAbacus"],"campfire_rested":1,"item_purchase_floors":[5,36,46],"current_hp_per_floor":[80,90,90,81,81,81,60,60,60,48,36,38,44,44,44,14,97,97,35,35,25,25,25,19,20,20,20,20,20,20,38,67,33,97,82,82,75,75,81,81,65,65,65,71,73,73,60,60,60,27],"gold":0,"neow_bonus":"ONE_RANDOM_RARE_CARD","is_prod":false,"is_daily":false,"chose_seed":false,"campfire_upgraded":5,"win_rate":0,"timestamp":1548066740,"path_taken":["M","?","M","?","$","R","E","R","T","E","?","?","M","$","R","BOSS","M","?","$","M","$","R","M","E","T","?","R","?","?","M","R","BOSS","M","$","?","?","M","R","E","R","T","M","M","$","?","?","R","BOSS"],"build_version":"2019-01-17v2","purchased_purges":4,"victory":true,"max_hp_per_floor":[80,90,90,90,90,90,90,90,90,97,97,97,97,97,97,97,97,97,97,97,97,97,97,97,97,97,97,97,97,97,97,97,97,97,97,97,97,97,97,97,97,97,97,97,97,97,97,97,97,97],"card_choices":[{"not_picked":["Heavy Blade","Hemokinesis"],"picked":"Cleave","floor":1.0},{"not_picked":["Anger","Body Slam"],"picked":"Shrug It Off","floor":3.0},{"not_picked":["Evolve","Heavy Blade"],"picked":"Perfected Strike","floor":4.0},{"not_picked":["Dropkick","Ghostly Armor"],"picked":"Perfected Strike","floor":7.0},{"not_picked":["Dark Embrace","Cleave"],"picked":"Uppercut","floor":10.0},{"not_picked":["Entrench","Rupture"],"picked":"Seeing Red","floor":12.0},{"not_picked":["Clothesline","Perfected Strike"],"picked":"True Grit","floor":13.0},{"not_picked":["Bludgeon","Berserk"],"picked":"Double Tap","floor":16.0},{"not_picked":["Body Slam","Rampage"],"picked":"Clothesline","floor":18.0},{"not_picked":["Clash","Anger"],"picked":"Shrug It Off+1","floor":19.0},{"not_picked":["Pummel","Clash+1"],"picked":"Thunderclap+1","floor":21.0},{"not_picked":["Armaments","Flame Barrier"],"picked":"Barricade","floor":24.0},{"not_picked":["Shrug It Off","Uppercut"],"picked":"Headbutt","floor":25.0},{"not_picked":["Body Slam","Anger"],"picked":"Carnage","floor":31.0},{"not_picked":["Impervious+1","Juggernaut"],"picked":"Demon Form","floor":33},{"not_picked":["Body Slam+1","Flame Barrier+1"],"picked":"Pommel Strike+1","floor":35},{"not_picked":["Offering+1","Searing Blow"],"picked":"Pummel+1","floor":39},{"not_picked":["Clash+1","Rage+1"],"picked":"Seeing Red+1","floor":41},{"not_picked":["Dual Wield+1","Combust","Searing Blow+1"],"picked":"SKIP","floor":44},{"not_picked":["Bloodletting+1","Fire Breathing+1","Intimidate+1"],"picked":"SKIP","floor":45},{"not_picked":["Clash+1","Clothesline+1","Rampage"],"picked":"SKIP","floor":47}],"player_experience":110230,"relics_obtained":[{"floor":7.0,"key":"Boot"},{"floor":9.0,"key":"Bag of Preparation"},{"floor":10.0,"key":"Strawberry"},{"floor":12.0,"key":"Odd Mushroom"},{"floor":17.0,"key":"Vajra"},{"floor":17.0,"key":"Kunai"},{"floor":17.0,"key":"Girya"},{"floor":19.0,"key":"Dead Branch"},{"floor":19.0,"key":"Meat on the Bone"},{"floor":25.0,"key":"Centennial Puzzle"},{"floor":26.0,"key":"Toxic Egg 2"},{"floor":29.0,"key":"Gambling Chip"},{"floor":37,"key":"Ginger"},{"floor":41,"key":"Regal Pillow"},{"floor":43,"key":"Shuriken"}],"event_choices":[{"cards_removed":["Exhume"],"damage_healed":0.0,"max_hp_gain":10.0,"max_hp_loss":0.0,"gold_gain":0.0,"event_name":"Bonfire Elementals","player_choice":"Offered Rare","floor":2.0,"gold_loss":0.0,"damage_taken":0.0},{"damage_healed":0.0,"max_hp_gain":0.0,"max_hp_loss":0.0,"gold_gain":0.0,"event_name":"Scrap Ooze","player_choice":"Success","floor":11.0,"gold_loss":0.0,"damage_taken":12.0,"relics_obtained":["Red Skull"]},{"damage_healed":0.0,"max_hp_gain":0.0,"max_hp_loss":0.0,"gold_gain":0.0,"event_name":"Mushrooms","player_choice":"Fought Mushrooms","floor":12.0,"gold_loss":0.0,"damage_taken":0.0},{"damage_healed":0.0,"max_hp_gain":0.0,"max_hp_loss":0.0,"gold_gain":0.0,"event_name":"Colosseum","player_choice":"Fight","floor":19.0,"gold_loss":0.0,"damage_taken":0.0},{"damage_healed":0.0,"max_hp_gain":0.0,"max_hp_loss":0.0,"gold_gain":0.0,"event_name":"Colosseum","player_choice":"Fought Nobs","floor":19.0,"gold_loss":0.0,"damage_taken":0.0},{"damage_healed":0.0,"max_hp_gain":0.0,"max_hp_loss":0.0,"gold_gain":0.0,"event_name":"Cursed Tome","player_choice":"Ignored","floor":27.0,"gold_loss":0.0,"damage_taken":0.0},{"damage_healed":0.0,"max_hp_gain":0.0,"max_hp_loss":0.0,"gold_gain":0.0,"event_name":"Addict","player_choice":"Obtained Relic","floor":30.0,"gold_loss":85.0,"damage_taken":0.0,"relics_obtained":["Darkstone Periapt"]},{"damage_healed":0,"gold_gain":0,"player_choice":"Fight","damage_taken":0,"max_hp_gain":0,"max_hp_loss":0,"event_name":"MindBloom","floor":37,"gold_loss":0},{"cards_removed":["Bash"],"damage_healed":0,"gold_gain":0,"player_choice":"Removed Attack","damage_taken":0,"max_hp_gain":0,"max_hp_loss":0,"event_name":"Falling","floor":38,"gold_loss":0},{"damage_healed":0,"gold_gain":0,"player_choice":"Paid","damage_taken":0,"relics_obtained":["Red Mask"],"max_hp_gain":0,"max_hp_loss":0,"event_name":"Tomb of Lord Red Mask","floor":48,"gold_loss":85}],"is_beta":false,"boss_relics":[{"not_picked":["Snecko Eye","Eternal Feather"],"picked":"Calling Bell"},{"not_picked":["Black Blood","Orrery"],"picked":"Lizard Tail"}],"items_purged_floors":[14,20,22,36],"is_endless":false,"potions_floor_spawned":[7,10,13,18,19,21,25,31,37,41,45,47],"ascension_level":4}