{"gold_per_floor":[13,13,13,24,24,24,49,69,69,19,19,19,47,63,63,166,166,177,32,32,32,44,44,44,44,95,95,109,209,220,135,135,135],"floor_reached":33,"playtime":1804,"items_purged":[],"score":339,"play_id":"2fd6338c-6a76-451c-bc3f-e1d8204cc49f","local_time":"20190124015257","is_ascension_mode":true,"campfire_choices":[{"floor":6,"key":"REST"},{"data":"1","floor":12,"key":"LIFT"},{"floor":15,"key":"REST"},{"floor":23,"key":"REST"},{"floor":25,"key":"REST"},{"data":"2","floor":27,"key":"LIFT"},{"floor":32,"key":"REST"}],"neow_cost":"NO_GOLD","seed_source_timestamp":998484258152982,"circlet_count":0,"master_deck":["Strike_R","Strike_R","Strike_R","Defend_R+1","Defend_R+1","Bash","Whirlwind+1","Pommel Strike","Uppercut","Seeing Red","Sentinel","Shrug It Off","Berserk","Fire Breathing","Sentinel+1","Spot Weakness+1"],"relics":["Burning Blood","Girya","WingedGreaves","Blue Candle","Ornamental Fan","Busted Crown","Art of War","Potion Belt","Champion Belt","Question Card","Bronze Scales"],"potions_floor_usage":[16,16,24,28,29,29,29,29,29,30,30],"damage_taken":[{"damage":11,"enemies":"Jaw Worm","floor":1,"turns":5},{"damage":4,"enemies":"2 Louse","floor":4,"turns":2},{"damage":32,"enemies":"Gremlin Nob","floor":7,"turns":4},{"damage":0,"enemies":"Cultist","floor":8,"turns":3},{"damage":22,"enemies":"3 Sentries","floor":13,"turns":5},{"damage":15,"enemies":"2 Fungi Beasts","floor":14,"turns":3},{"damage":45,"enemies":"Hexaghost","floor":16,"turns":10},{"damage":13,"enemies":"Shell Parasite","floor":18,"turns":5},{"damage":22,"enemies":"2 Thieves","floor":22,"turns":2},{"damage":49,"enemies":"Book of Stabbing","floor":24,"turns":6},{"damage":0,"enemies":"3 Cultists","floor":28,"turns":2},{"damage":6,"enemies":"Colosseum Slavers","floor":29,"turns":3},{"damage":7,"enemies":"Colosseum Nobs","floor":29,"turns":4},{"damage":11,"enemies":"Snake Plant","floor":30,"turns":3},{"damage":80,"enemies":"Champ","floor":33,"turns":9}],"seed_played":"3956622741455905927","potions_obtained":[{"floor":4,"key":"Ancient Potion"},{"floor":7,"key":"Poison Potion"},{"floor":13,"key":"SkillPotion"},{"floor":16,"key":"SmokeBomb"},{"floor":18,"key":"EntropicBrew"},{"floor":28,"key":"Weak Potion"},{"floor":29,"key":"SkillPotion"}],"is_trial":false,"path_per_floor":["M","?","?","M","?","R","E","M","T","?","$","R","E","M","R","B",null,"M","$","?","?","M","R","E","R","T","R","M","?","M","?","R","B"],"character_chosen":"IRONCLAD","items_purchased":["Art of War"],"campfire_rested":5,"item_purchase_floors":[19],"current_hp_per_floor":[75,75,75,77,61,80,54,60,60,60,60,60,44,35,59,20,65,58,58,58,58,42,66,23,47,47,47,53,52,47,47,71,0],"gold":135,"neow_bonus":"TRANSFORM_TWO_CARDS","is_prod":false,"is_daily":false,"chose_seed":false,"campfire_upgraded":0,"win_rate":0,"timestamp":1548323577,"path_taken":["M","?","?","?","?","R","E","M","T","?","$","R","E","M","R","BOSS","M","$","?","?","M","R","E","R","T","R","M","?","M","?","R","BOSS"],"build_version":"2019-01-23","purchased_purges":0,"victory":false,"max_hp_per_floor":[80,80,80,80,80,80,80,80,80,80,80,80,80,80,80,80,80,80,80,80,80,80,80,80,80,80,80,80,80,80,80,80,80],"card_choices":[{"not_picked":["Sword Boomerang","Clash","Dual Wield"],"picked":"SKIP","floor":1},{"not_picked":["Rampage","Feel No Pain"],"picked":"Pommel Strike","floor":4},{"not_picked":["Burning Pact","Rampage"],"picked":"Uppercut","floor":7},{"not_picked":["Rage","Flex"],"picked":"Seeing Red","floor":8},{"not_picked":["Fire Breathing","Bludgeon"],"picked":"Sentinel","floor":13},{"not_picked":["Metallicize","Hemokinesis"],"picked":"Shrug It Off","floor":14},{"not_picked":["Dark Embrace","Exhume"],"picked":"Berserk","floor":16},{"not_picked":[],"picked":"Fire Breathing","floor":18},{"not_picked":[],"picked":"Sentinel+1","floor":22},{"not_picked":["Headbutt"],"picked":"SKIP","floor":28},{"not_picked":["Heavy Blade"],"picked":"Spot Weakness+1","floor":30}],"player_experience":222192,"relics_obtained":[{"floor":7,"key":"WingedGreaves"},{"floor":9,"key":"Blue Candle"},{"floor":13,"key":"Ornamental Fan"},{"floor":26,"key":"Potion Belt"},{"floor":29,"key":"Champion Belt"},{"floor":29,"key":"Question Card"}],"event_choices":[{"damage_healed":0,"gold_gain":0,"player_choice":"Grow","damage_taken":0,"max_hp_gain":0,"max_hp_loss":0,"event_name":"Living Wall","floor":2,"gold_loss":0,"cards_upgraded":["Whirlwind"]},{"cards_removed":["Sword Boomerang"],"damage_healed":0,"gold_gain":0,"player_choice":"Gave Card","damage_taken":0,"relics_obtained":["Girya"],"max_hp_gain":0,"max_hp_loss":0,"event_name":"WeMeetAgain","floor":3,"gold_loss":0},{"damage_healed":0,"gold_gain":0,"player_choice":"Entered Light","damage_taken":16,"max_hp_gain":0,"max_hp_loss":0,"event_name":"Shining Light","floor":5,"gold_loss":0,"cards_upgraded":["Defend_R","Defend_R"]},{"cards_removed":["Strike_R"],"damage_healed":0,"gold_gain":0,"player_choice":"Card Removal","damage_taken":0,"max_hp_gain":0,"max_hp_loss":0,"event_name":"The Cleric","floor":10,"gold_loss":50},{"cards_removed":["Defend_R"],"damage_healed":0,"gold_gain":0,"player_choice":"Elegance","damage_taken":0,"max_hp_gain":0,"max_hp_loss":0,"event_name":"Back to Basics","floor":20,"gold_loss":0},{"damage_healed":0,"gold_gain":0,"player_choice":"Ignored","damage_taken":0,"max_hp_gain":0,"max_hp_loss":0,"event_name":"Vampires","floor":21,"gold_loss":0},{"damage_healed":0,"gold_gain":0,"player_choice":"Fight","damage_taken":0,"max_hp_gain":0,"max_hp_loss":0,"event_name":"Colosseum","floor":29,"gold_loss":0},{"damage_healed":0,"gold_gain":0,"player_choice":"Fought Nobs","damage_taken":0,"max_hp_gain":0,"max_hp_loss":0,"event_name":"Colosseum","floor":29,"gold_loss":0},{"damage_healed":0,"gold_gain":0,"player_choice":"Obtained Relic","damage_taken":0,"relics_obtained":["Bronze Scales"],"max_hp_gain":0,"max_hp_loss":0,"event_name":"Addict","floor":31,"gold_loss":85}],"is_beta":false,"boss_relics":[{"not_picked":["White Beast Statue","Runic Dome"],"picked":"Busted Crown"}],"items_purged_floors":[],"is_endless":false,"potions_floor_spawned":[4,7,13,16,18,24,28,29],"killed_by":"Champ","ascension_level":5}