{"gold_per_floor":[113,123,140,151,164,164,196,2,29,41,54,54,54,70,70,167,167,179,197,213,65,78,78,78,94,94,94,108,119,119,130,130,130],"floor_reached":33,"playtime":3057,"items_purged":["Strike_B"],"score":259,"play_id":"da589d10-6208-492f-bd04-26c1ab9c7baa","local_time":"20190214191314","is_ascension_mode":false,"campfire_choices":[{"floor":6,"key":"REST"},{"floor":13,"key":"REST"},{"data":"Zap","floor":15,"key":"SMITH"},{"data":"Gash","floor":23,"key":"SMITH"},{"floor":27,"key":"REST"},{"floor":30,"key":"REST"},{"floor":32,"key":"REST"}],"neow_cost":"PERCENT_DAMAGE","seed_source_timestamp":1992084069377850,"circlet_count":0,"master_deck":["Strike_B","Strike_B","Strike_B","Defend_B","Defend_B","Defend_B+1","Defend_B","Zap+1","Dualcast","Cold Snap","Conserve Battery","Go for the Eyes","Redo+1","BootSequence","Rip and Tear","Gash+1","Turbo","Zap","PanicButton","Electrodynamics","Double Energy+1","Streamline+1","Gash","Hologram+1"],"relics":["Cracked Core","Shuriken","Frozen Eye","War Paint","White Beast Statue","Smiling Mask"],"potions_floor_usage":[7,14,16,16,20,20,22,22,24,25,31,33,33],"damage_taken":[{"damage":1,"enemies":"Jaw Worm","floor":1,"turns":3},{"damage":0,"enemies":"Cultist","floor":2,"turns":3},{"damage":0,"enemies":"2 Louse","floor":3,"turns":3},{"damage":6,"enemies":"2 Fungi Beasts","floor":4,"turns":3},{"damage":0,"enemies":"Blue Slaver","floor":5,"turns":4},{"damage":26,"enemies":"Gremlin Nob","floor":7,"turns":5},{"damage":11,"enemies":"Exordium Thugs","floor":10,"turns":4},{"damage":7,"enemies":"Large Slime","floor":11,"turns":4},{"damage":0,"enemies":"Looter","floor":14,"turns":3},{"damage":45,"enemies":"Slime Boss","floor":16,"turns":9},{"damage":8,"enemies":"2 Thieves","floor":18,"turns":3},{"damage":10,"enemies":"Spheric Guardian","floor":19,"turns":3},{"damage":10,"enemies":"Centurion and Healer","floor":20,"turns":5},{"damage":20,"enemies":"Cultist and Chosen","floor":22,"turns":6},{"damage":3,"enemies":"Snecko","floor":24,"turns":3},{"damage":41,"enemies":"3 Cultists","floor":25,"turns":5},{"damage":25,"enemies":"Chosen and Byrds","floor":28,"turns":7},{"damage":21,"enemies":"Shelled Parasite and Fungi","floor":29,"turns":5},{"damage":5,"enemies":"Snake Plant","floor":31,"turns":5},{"damage":73,"enemies":"Collector","floor":33,"turns":7}],"seed_played":"4560119528819818138","potions_obtained":[{"floor":3,"key":"Block Potion"},{"floor":5,"key":"Explosive Potion"},{"floor":7,"key":"Swift Potion"},{"floor":11,"key":"Fire Potion"},{"floor":16,"key":"LiquidBronze"},{"floor":18,"key":"SmokeBomb"},{"floor":19,"key":"PowerPotion"},{"floor":20,"key":"Fire Potion"},{"floor":22,"key":"SteroidPotion"},{"floor":25,"key":"FairyPotion"},{"floor":28,"key":"Strength Potion"},{"floor":29,"key":"Block Potion"},{"floor":31,"key":"Swift Potion"}],"is_trial":false,"path_per_floor":["M","M","M","M","M","R","E","$","T","M","M","?","R","M","R","B",null,"M","M","M","$","M","R","M","M","T","R","M","M","R","M","R","B"],"character_chosen":"DEFECT","items_purchased":["Frozen Eye","Regen Potion"],"campfire_rested":5,"item_purchase_floors":[8,21],"current_hp_per_floor":[67,67,67,61,61,87,61,61,61,50,43,43,69,69,69,24,89,81,71,61,61,56,56,53,12,12,38,13,3,29,24,50,0],"gold":130,"neow_bonus":"TWENTY_PERCENT_HP_BONUS","is_prod":false,"is_daily":false,"chose_seed":false,"campfire_upgraded":2,"win_rate":0,"timestamp":1550189594,"path_taken":["M","M","M","M","M","R","E","$","T","M","M","?","R","M","R","BOSS","M","M","M","?","M","R","M","M","T","R","M","M","R","M","R","BOSS"],"build_version":"2019-01-23","purchased_purges":1,"victory":false,"max_hp_per_floor":[89,89,89,89,89,89,89,89,89,89,89,89,89,89,89,89,89,89,89,89,89,89,89,89,89,89,89,89,89,89,89,89,89],"card_choices":[{"not_picked":["Ball Lightning","Force Field"],"picked":"Cold Snap","floor":1},{"not_picked":["Aggregate","Steam"],"picked":"Conserve Battery","floor":2},{"not_picked":["FTL","Coolheaded"],"picked":"Go for the Eyes","floor":3},{"not_picked":["Storm","Go for the Eyes"],"picked":"Redo","floor":4},{"not_picked":["Stack","Beam Cell"],"picked":"BootSequence","floor":5},{"not_picked":["Double Energy","Redo"],"picked":"Rip and Tear","floor":7},{"not_picked":["Stack","Ball Lightning"],"picked":"Gash","floor":10},{"not_picked":["Barrage","Creative AI"],"picked":"Turbo","floor":11},{"not_picked":["Storm","Redo","Coolheaded"],"picked":"SKIP","floor":14},{"not_picked":["Seek","Reboot"],"picked":"Electrodynamics","floor":16},{"not_picked":["Cold Snap+1","Tempest+1"],"picked":"Double Energy+1","floor":18},{"not_picked":["Aggregate","Steam"],"picked":"Streamline+1","floor":19},{"not_picked":["Streamline","Sweeping Beam"],"picked":"Gash","floor":20},{"not_picked":["Auto Shields","Stack","Streamline"],"picked":"SKIP","floor":22},{"not_picked":["Hello World","Rebound"],"picked":"Hologram+1","floor":25},{"not_picked":["Double Energy","Streamline","Loop"],"picked":"SKIP","floor":28},{"not_picked":["Stack","Cold Snap","Redo"],"picked":"SKIP","floor":29},{"not_picked":["Go for the Eyes","Beam Cell+1","Force Field"],"picked":"SKIP","floor":31}],"player_experience":97046,"relics_obtained":[{"floor":7,"key":"Shuriken"},{"floor":9,"key":"War Paint"},{"floor":26,"key":"Smiling Mask"}],"event_choices":[{"damage_healed":0,"gold_gain":0,"player_choice":"2 cards matched","damage_taken":0,"max_hp_gain":0,"max_hp_loss":0,"event_name":"Match and Keep!","floor":12,"gold_loss":0,"cards_obtained":["Zap","PanicButton"]}],"is_beta":false,"boss_relics":[{"not_picked":["Runic Dome","Ectoplasm"],"picked":"White Beast Statue"}],"items_purged_floors":[21],"is_endless":false,"potions_floor_spawned":[3,5,7,11,16,18,19,20,22,24,25,28,29,31],"killed_by":"Collector","ascension_level":0}