{"gold_per_floor":[113,68,87,87,87,119,119,131,131,131,146,146,163,163,163,284,284,307,325,52,66,66,66,100,100,174,188,188],"floor_reached":28,"playtime":1310,"items_purged":["Strike_G"],"score":369,"play_id":"086b8b69-b90b-4d24-9572-6088aa412392","local_time":"20190129212214","is_ascension_mode":true,"campfire_choices":[{"floor":7.0,"key":"REST"},{"floor":10.0,"key":"REST"},{"data":"Neutralize","floor":12.0,"key":"SMITH"},{"data":"Skewer","floor":15.0,"key":"SMITH"},{"floor":23.0,"key":"REST"},{"floor":25.0,"key":"REST"}],"neow_cost":"NONE","seed_source_timestamp":182884333782083,"circlet_count":0,"master_deck":["AscendersBane","Defend_G","Defend_G","Defend_G+1","Defend_G","Defend_G","Strike_G","Strike_G","Strike_G","Strike_G","Survivor","Neutralize+1","Noxious Fumes+1","PiercingWail+1","Blur","Skewer+1","Burst","Poisoned Stab+1","Leg Sweep","Well Laid Plans+1","Well Laid Plans+1","Footwork+1","Footwork+1","Bullet Time","Noxious Fumes+1"],"special_seed":0,"relics":["Sozu","Matryoshka","Frozen Egg 2","The Courier","War Paint","Golden Idol","Fusion Hammer","Turnip","Bag of Preparation","Singing Bowl"],"potions_floor_usage":[],"damage_taken":[{"damage":8.0,"enemies":"2 Louse","floor":1.0,"turns":4.0},{"damage":0.0,"enemies":"Small Slimes","floor":3.0,"turns":4.0},{"damage":40.0,"enemies":"3 Sentries","floor":6.0,"turns":13.0},{"damage":10.0,"enemies":"Jaw Worm","floor":8.0,"turns":5.0},{"damage":6.0,"enemies":"Gremlin Gang","floor":11.0,"turns":6.0},{"damage":0.0,"enemies":"Looter","floor":13.0,"turns":4.0},{"damage":25.0,"enemies":"Hexaghost","floor":16.0,"turns":13.0},{"damage":14.0,"enemies":"2 Thieves","floor":18.0,"turns":4.0},{"damage":20.0,"enemies":"Chosen","floor":19.0,"turns":6.0},{"damage":15.0,"enemies":"Centurion and Healer","floor":21.0,"turns":9.0},{"damage":18.0,"enemies":"Book of Stabbing","floor":24.0,"turns":9.0},{"damage":18,"enemies":"Shelled Parasite and Fungi","floor":27,"turns":8},{"damage":19,"enemies":"Snecko","floor":28,"turns":3}],"seed_played":"-4421595298448848347","potions_obtained":[],"is_trial":false,"path_per_floor":["M","?","M","?","?","E","R","M","T","R","M","R","M","?","R","B",null,"M","M","$","M","?","R","E","R","T","M","M"],"character_chosen":"THE_SILENT","items_purchased":["Well Laid Plans+1","Well Laid Plans+1","Footwork+1","Footwork+1"],"campfire_rested":4,"item_purchase_floors":[20,20,20,20],"current_hp_per_floor":[55,55,55,70,70,30,51,41,41,62,56,56,56,39,39,14,56,42,22,22,7,7,28,10,31,31,13,0],"gold":188,"neow_bonus":"BOSS_RELIC","is_prod":false,"is_daily":false,"chose_seed":false,"campfire_upgraded":2,"win_rate":0,"timestamp":1548814934,"path_taken":["M","?","M","?","?","E","R","M","T","R","M","R","?","?","R","BOSS","M","M","$","M","?","R","E","R","T","?","M"],"build_version":"2019-01-23","purchased_purges":1,"victory":false,"max_hp_per_floor":[70,70,70,70,70,70,70,70,70,70,70,70,70,70,70,70,70,70,70,70,70,70,70,70,70,70,70,70],"card_choices":[{"not_picked":["Flying Knee","Underhanded Strike","Dodge and Roll"],"picked":"SKIP","floor":1.0},{"not_picked":["Prepared","Quick Slash","Flying Knee"],"picked":"SKIP","floor":3.0},{"not_picked":["Burst","Dagger Spray"],"picked":"Noxious Fumes","floor":6.0},{"not_picked":["Flying Knee","Slice"],"picked":"PiercingWail","floor":8.0},{"not_picked":["Poisoned Stab","Distraction"],"picked":"Blur","floor":11.0},{"not_picked":["Dodge and Roll","Backflip"],"picked":"Skewer","floor":13.0},{"not_picked":["Phantasmal Killer","Envenom+1"],"picked":"Burst","floor":16.0},{"not_picked":["Underhanded Strike","Tactician+1"],"picked":"Poisoned Stab+1","floor":18.0},{"not_picked":["Flechettes","Backflip"],"picked":"Leg Sweep","floor":19.0},{"not_picked":["Dodge and Roll","Distraction","PiercingWail"],"picked":"SKIP","floor":21.0},{"not_picked":["After Image+1","Distraction"],"picked":"Bullet Time","floor":24.0},{"not_picked":["Deadly Poison","Slice"],"picked":"Noxious Fumes+1","floor":27}],"player_experience":367511,"relics_obtained":[{"floor":5.0,"key":"Matryoshka"},{"floor":6.0,"key":"Frozen Egg 2"},{"floor":9.0,"key":"The Courier"},{"floor":9.0,"key":"War Paint"},{"floor":24.0,"key":"Turnip"},{"floor":26.0,"key":"Bag of Preparation"},{"floor":26.0,"key":"Singing Bowl"}],"event_choices":[{"damage_healed":0.0,"max_hp_gain":0.0,"max_hp_loss":0.0,"gold_gain":0.0,"event_name":"World of Goop","player_choice":"Left Gold","floor":2.0,"gold_loss":45.0,"damage_taken":0.0},{"damage_healed":23.0,"max_hp_gain":0.0,"max_hp_loss":0.0,"gold_gain":0.0,"event_name":"Big Fish","player_choice":"Banana","floor":4.0,"gold_loss":0.0,"damage_taken":0.0},{"damage_healed":0.0,"max_hp_gain":0.0,"max_hp_loss":0.0,"gold_gain":0.0,"event_name":"Wheel of Change","player_choice":"Relic","floor":5.0,"gold_loss":0.0,"damage_taken":0.0},{"damage_healed":0.0,"max_hp_gain":0.0,"max_hp_loss":0.0,"gold_gain":0.0,"event_name":"Golden Idol","player_choice":"Take Damage","floor":14.0,"gold_loss":0.0,"damage_taken":17.0,"relics_obtained":["Golden Idol"]},{"damage_healed":0.0,"max_hp_gain":0.0,"max_hp_loss":0.0,"gold_gain":0.0,"event_name":"The Woman in Blue","player_choice":"Bought 0 Potions","floor":22.0,"gold_loss":0.0,"damage_taken":0.0}],"is_beta":false,"boss_relics":[{"not_picked":["Runic Dome","Lizard Tail"],"picked":"Fusion Hammer"}],"items_purged_floors":[20],"is_endless":false,"potions_floor_spawned":[8,19,24],"killed_by":"Snecko","ascension_level":11}