{"gold_per_floor":[111,125,125,125,144,177,177,208,233,233,268,285,285,39,39,136,136,153,153,253,284,300,300,316,18,18,43,58,90,90,115,127,238,250,281,293,358,290,0,0,33,52,52,78,98,125,125,143,143,240,240,258,278,278,312,330,365,365,16,46,46,79,89,103,138,138,242,242,254,269,26,36,54,80,80,115,143,143,143,143,169,202,202,299,299,319,319,329,329,343,371,371,399,434,434,467,486,511,526,526,628,628,643,654,14,46,58,58,83,101,130,205,232,232,232,267,267,370,370,389,421,85,35,45,70,370,404,431,442,442,454,484,495,495,595,595,611,628,645,645,656,656,683,683,717,717],"floor_reached":146,"playtime":5911,"items_purged":["Strike_G","Regret","Defend_G","Defend_B"],"score":4913,"play_id":"21e639d4-d1a7-4fe9-8644-bcd85ec8be0d","local_time":"20190129021605","daily_mods":["SealedDeck","Chimera","Vintage","Heirloom","Time Dilation","DeadlyEvents","Elite Swarm","Uncertain Future"],"is_ascension_mode":false,"campfire_choices":[{"data":"Echo Form","floor":7,"key":"SMITH"},{"data":"Barricade","floor":10,"key":"SMITH"},{"data":"Demon Form","floor":15,"key":"SMITH"},{"data":"Armaments","floor":23,"key":"SMITH"},{"data":"Wraith Form v2","floor":30,"key":"SMITH"},{"data":"Juggernaut","floor":32,"key":"SMITH"},{"data":"Dark Embrace","floor":40,"key":"SMITH"},{"data":"Shockwave","floor":47,"key":"SMITH"},{"data":"Zap","floor":49,"key":"SMITH"},{"data":"Whirlwind","floor":58,"key":"SMITH"},{"data":"Impervious","floor":61,"key":"SMITH"},{"data":"Shrug It Off","floor":66,"key":"SMITH"},{"data":"Bash","floor":75,"key":"SMITH"},{"data":"Twin Strike","floor":78,"key":"SMITH"},{"data":"Fiend Fire","floor":83,"key":"SMITH"},{"data":"Disarm","floor":92,"key":"SMITH"},{"data":"Rampage","floor":95,"key":"SMITH"},{"data":"Headbutt","floor":100,"key":"SMITH"},{"floor":108,"key":"DIG"},{"floor":115,"key":"DIG"},{"floor":117,"key":"DIG"},{"floor":126,"key":"DIG"},{"floor":130,"key":"DIG"},{"data":"1","floor":134,"key":"LIFT"},{"data":"2","floor":142,"key":"LIFT"},{"data":"3","floor":144,"key":"LIFT"}],"neow_cost":"","seed_source_timestamp":649457418505846,"circlet_count":10,"master_deck":["Demon Form+1","Wraith Form v2+1","Echo Form+1","Bash+1","Survivor","Zap+1","Strike_R+1","Twin Strike+1","Shrug It Off+1","Carnage+1","Headbutt+1","Whirlwind+1","Armaments+1","Rampage+1","Shrug It Off+1","Shockwave+1","Disarm+1","Impervious+1","Barricade+1","Fiend Fire+1","Impervious+1","Impervious+1","Juggernaut+1","Offering+1","Dark Embrace+1","Limit Break+1","Exhume+1","Double Tap+1","Impervious+1","Wild Strike","Body Slam+1","Body Slam"],"relics":["Burning Blood","Unceasing Top","PreservedInsect","Whetstone","Mercury Hourglass","Bag of Preparation","Bronze Scales","Anchor","Turnip","Regal Pillow","Mummified Hand","Runic Dome","Toxic Egg 2","MutagenicStrength","Matryoshka","The Courier","Bottled Lightning","Dead Branch","Boot","Champion Belt","FossilizedHelix","Pen Nib","Kunai","MawBank","Cursed Key","Gremlin Horn","Lantern","Centennial Puzzle","Red Mask","Omamori","Strawberry","Oddly Smooth Stone","Pear","Dream Catcher","Self Forming Clay","Art of War","Sozu","Ancient Tea Set","War Paint","Blood Vial","Nunchaku","Bag of Marbles","Tiny Chest","Paper Frog","Ginger","Pocketwatch","Orichalcum","Red Skull","Vajra","Bottled Tornado","Torii","Pantograph","Singing Bowl","Blue Candle","Prayer Wheel","Shuriken","Smiling Mask","Shovel","Frozen Egg 2","Happy Flower","Potion Belt","Ornamental Fan","Letter Opener","Meat on the Bone","Darkstone Periapt","Ice Cream","Sundial","Calipers","Circlet","Incense Burner","Girya","Old Coin"],"potions_floor_usage":[50],"damage_taken":[{"damage":8,"enemies":"Small Slimes","floor":1,"turns":4},{"damage":5,"enemies":"2 Louse","floor":2,"turns":3},{"damage":6,"enemies":"Cultist","floor":5,"turns":4},{"damage":9,"enemies":"3 Sentries","floor":6,"turns":2},{"damage":1,"enemies":"Gremlin Nob","floor":8,"turns":4},{"damage":0,"enemies":"Lagavulin","floor":11,"turns":4},{"damage":0,"enemies":"3 Louse","floor":12,"turns":1},{"damage":0,"enemies":"Slime Boss","floor":16,"turns":9},{"damage":3,"enemies":"Chosen","floor":18,"turns":4},{"damage":0,"enemies":"Book of Stabbing","floor":21,"turns":5},{"damage":10,"enemies":"Shell Parasite","floor":22,"turns":4},{"damage":18,"enemies":"3 Cultists","floor":24,"turns":4},{"damage":0,"enemies":"Slavers","floor":27,"turns":3},{"damage":0,"enemies":"Centurion and Healer","floor":28,"turns":4},{"damage":4,"enemies":"Gremlin Leader","floor":29,"turns":5},{"damage":0,"enemies":"Book of Stabbing","floor":31,"turns":3},{"damage":7,"enemies":"Champ","floor":33,"turns":7},{"damage":0,"enemies":"Orb Walker","floor":35,"turns":1},{"damage":0,"enemies":"Nemesis","floor":41,"turns":3},{"damage":0,"enemies":"3 Shapes","floor":42,"turns":3},{"damage":0,"enemies":"Giant Head","floor":44,"turns":4},{"damage":3,"enemies":"Sphere and 2 Shapes","floor":45,"turns":2},{"damage":0,"enemies":"Nemesis","floor":46,"turns":4},{"damage":0,"enemies":"Writhing Mass","floor":48,"turns":1},{"damage":6,"enemies":"Awakened One","floor":50,"turns":6},{"damage":0,"enemies":"Small Slimes","floor":52,"turns":1},{"damage":0,"enemies":"2 Louse","floor":53,"turns":1},{"damage":19,"enemies":"3 Sentries","floor":55,"turns":3},{"damage":0,"enemies":"Jaw Worm","floor":56,"turns":1},{"damage":0,"enemies":"Gremlin Nob","floor":57,"turns":2},{"damage":0,"enemies":"3 Sentries","floor":62,"turns":2},{"damage":0,"enemies":"Red Slaver","floor":63,"turns":1},{"damage":0,"enemies":"3 Louse","floor":64,"turns":1},{"damage":0,"enemies":"Lagavulin","floor":65,"turns":2},{"damage":0,"enemies":"Hexaghost","floor":67,"turns":4},{"damage":0,"enemies":"Chosen","floor":69,"turns":1},{"damage":0,"enemies":"Spheric Guardian","floor":70,"turns":1},{"damage":0,"enemies":"Cultist and Chosen","floor":72,"turns":2},{"damage":0,"enemies":"Snake Plant","floor":73,"turns":1},{"damage":0,"enemies":"Book of Stabbing","floor":74,"turns":3},{"damage":0,"enemies":"Slavers","floor":76,"turns":2},{"damage":0,"enemies":"Book of Stabbing","floor":77,"turns":3},{"damage":0,"enemies":"Gremlin Leader","floor":81,"turns":1},{"damage":6,"enemies":"Book of Stabbing","floor":82,"turns":3},{"damage":6,"enemies":"Automaton","floor":84,"turns":6},{"damage":0,"enemies":"3 Darklings","floor":86,"turns":3},{"damage":0,"enemies":"Orb Walker","floor":88,"turns":4},{"damage":0,"enemies":"Sphere and 2 Shapes","floor":90,"turns":3},{"damage":0,"enemies":"Nemesis","floor":91,"turns":1},{"damage":0,"enemies":"Giant Head","floor":93,"turns":5},{"damage":0,"enemies":"Reptomancer","floor":94,"turns":1},{"damage":0,"enemies":"Giant Head","floor":96,"turns":4},{"damage":0,"enemies":"Jaw Worm Horde","floor":97,"turns":2},{"damage":0,"enemies":"Nemesis","floor":98,"turns":3},{"damage":0,"enemies":"4 Shapes","floor":99,"turns":3},{"damage":1,"enemies":"Donu and Deca","floor":101,"turns":7},{"damage":0,"enemies":"Jaw Worm","floor":103,"turns":2},{"damage":0,"enemies":"Cultist","floor":104,"turns":3},{"damage":0,"enemies":"Gremlin Nob","floor":106,"turns":3},{"damage":0,"enemies":"Small Slimes","floor":107,"turns":3},{"damage":0,"enemies":"3 Sentries","floor":109,"turns":3},{"damage":0,"enemies":"Exordium Thugs","floor":110,"turns":3},{"damage":0,"enemies":"Lagavulin","floor":111,"turns":3},{"damage":0,"enemies":"3 Sentries","floor":113,"turns":2},{"damage":0,"enemies":"Lagavulin","floor":116,"turns":2},{"damage":0,"enemies":"Hexaghost","floor":118,"turns":6},{"damage":0,"enemies":"3 Byrds","floor":120,"turns":4},{"damage":1,"enemies":"Masked Bandits","floor":121,"turns":4},{"damage":0,"enemies":"Spheric Guardian","floor":124,"turns":2},{"damage":0,"enemies":"Slavers","floor":125,"turns":3},{"damage":0,"enemies":"Gremlin Leader","floor":127,"turns":2},{"damage":0,"enemies":"Slavers","floor":128,"turns":3},{"damage":0,"enemies":"Snake Plant","floor":129,"turns":3},{"damage":0,"enemies":"Snecko","floor":131,"turns":4},{"damage":0,"enemies":"Gremlin Leader","floor":132,"turns":3},{"damage":1,"enemies":"Chosen and Byrds","floor":133,"turns":2},{"damage":0,"enemies":"Collector","floor":135,"turns":4},{"damage":0,"enemies":"Orb Walker","floor":137,"turns":2},{"damage":0,"enemies":"3 Darklings","floor":138,"turns":3},{"damage":54,"enemies":"4 Shapes","floor":139,"turns":4},{"damage":0,"enemies":"Jaw Worm Horde","floor":141,"turns":3},{"damage":2,"enemies":"Giant Head","floor":143,"turns":4},{"damage":0,"enemies":"Nemesis","floor":145,"turns":3},{"damage":77,"enemies":"Reptomancer","floor":146,"turns":2}],"seed_played":"8661511239938589757","potions_obtained":[{"floor":2,"key":"SneckoOil"},{"floor":11,"key":"PowerPotion"},{"floor":16,"key":"FearPotion"},{"floor":22,"key":"Fire Potion"},{"floor":50,"key":"LiquidBronze"}],"is_trial":true,"path_per_floor":["M","M","$","?","M","E","R","E","T","R","E","M","?","$","R","B",null,"M","?","?","E","M","R","M","$","T","E","M","E","R","E","R","B",null,"M","?","T","$","?","R","E","M","T","E","M","E","R","M","R","B",null,"M","M","?","E","M","E","R","$","T","R","E","M","M","E","R","B",null,"M","M","$","M","M","E","R","E","E","R","$","?","E","E","R","B",null,"M","?","M","$","M","E","R","E","E","R","E","M","E","M","R","B",null,"M","M","$","E","M","R","E","M","E","?","E","?","R","E","R","B",null,"M","?","$","$","M","E","R","E","E","M","R","M","E","M","R","B",null,"M","M","M","?","M","R","E","R","E","E"],"character_chosen":"IRONCLAD","items_purchased":["Mummified Hand","Dead Branch","Nunchaku","Bag of Marbles","Red Skull","Vajra","Frozen Egg 2","Happy Flower","Potion Belt","Ornamental Fan","Incense Burner","Body Slam"],"campfire_rested":0,"item_purchase_floors":[14,25,59,59,71,71,105,105,105,105,122,122],"current_hp_per_floor":[78,79,79,79,79,76,76,80,80,80,80,80,85,85,85,85,85,85,85,85,85,81,81,69,69,69,75,81,83,83,85,85,84,85,85,81,81,81,81,81,81,88,88,98,98,98,98,98,98,98,98,98,98,98,85,91,98,98,98,98,98,98,98,98,98,98,98,98,98,98,98,98,98,98,98,98,98,98,98,98,98,98,98,98,98,98,98,98,98,98,100,100,102,104,104,106,106,108,108,108,110,110,110,110,110,112,112,112,114,114,116,105,115,115,115,120,120,122,122,122,122,122,122,122,124,124,126,128,128,128,128,130,130,130,132,66,66,66,30,30,50,50,58,58,68,0],"gold":717,"neow_bonus":"","is_prod":false,"is_daily":false,"chose_seed":false,"campfire_upgraded":18,"win_rate":0,"timestamp":1548720965,"path_taken":["M","M","$","?","M","E","R","E","T","R","E","M","?","?","R","BOSS","M","?","?","?","M","R","M","$","T","E","M","E","R","E","R","BOSS","M","?","?","$","?","R","E","M","T","E","M","E","R","M","R","BOSS","M","M","?","?","?","E","R","$","T","R","E","M","M","E","R","BOSS","M","M","$","M","M","E","R","E","E","R","?","?","E","?","R","BOSS","M","?","M","$","M","E","R","?","E","R","E","?","E","M","R","BOSS","M","M","$","?","M","R","E","M","E","?","E","?","R","E","R","BOSS","M","?","?","$","M","E","R","?","E","M","R","M","E","M","R","BOSS","M","M","M","?","M","R","E","R","E","?"],"build_version":"2019-01-23","purchased_purges":4,"victory":false,"max_hp_per_floor":[80,80,80,80,80,80,80,80,80,80,80,80,85,85,85,85,85,85,85,85,85,85,85,85,85,85,85,85,85,85,85,85,85,85,85,81,81,81,81,81,81,88,88,98,98,98,98,98,98,98,98,98,98,98,98,98,98,98,98,98,98,98,98,98,98,98,98,98,98,98,98,98,98,98,98,98,98,98,98,98,98,98,98,98,98,98,98,98,98,98,100,100,102,104,104,106,106,108,108,108,110,110,110,110,110,112,112,112,114,114,116,116,118,118,118,120,120,122,122,122,122,122,122,122,124,124,126,128,128,128,128,130,130,130,132,66,66,66,66,66,66,66,68,68,70,70],"card_choices":[{"not_picked":["Offering","Brutality"],"picked":"Impervious","floor":6},{"not_picked":["Juggernaut","Dark Embrace"],"picked":"Barricade","floor":8},{"not_picked":["Berserk","Demon Form"],"picked":"Fiend Fire","floor":11},{"not_picked":["Demon Form","Brutality"],"picked":"Impervious","floor":16},{"not_picked":["Reaper","Berserk"],"picked":"Impervious+1","floor":21},{"not_picked":["Bludgeon","Demon Form"],"picked":"Juggernaut","floor":27},{"not_picked":["Brutality","Demon Form"],"picked":"Offering+1","floor":29},{"not_picked":["Offering+1","Demon Form","Bludgeon"],"picked":"SKIP","floor":31},{"not_picked":["Berserk","Brutality"],"picked":"Dark Embrace","floor":33},{"not_picked":["Impervious+1","Bludgeon"],"picked":"Limit Break+1","floor":41},{"not_picked":["Offering+1","Barricade"],"picked":"Exhume+1","floor":44},{"not_picked":["Feed","Impervious+1"],"picked":"Double Tap+1","floor":46},{"not_picked":["Demon Form","Immolate","Double Tap+1"],"picked":"SKIP","floor":55},{"not_picked":["Immolate","Reaper","Feed"],"picked":"SKIP","floor":57},{"not_picked":["Dark Embrace","Fiend Fire","Offering+1"],"picked":"SKIP","floor":62},{"not_picked":["Feed","Demon Form","Barricade"],"picked":"SKIP","floor":65},{"not_picked":["Reaper","Fiend Fire","Feed"],"picked":"SKIP","floor":74},{"not_picked":["Brutality","Fiend Fire","Demon Form"],"picked":"SKIP","floor":76},{"not_picked":["Offering+1","Exhume+1"],"picked":"Impervious+1","floor":77},{"not_picked":["Fiend Fire","Demon Form","Barricade"],"picked":"SKIP","floor":81},{"not_picked":["Brutality","Bludgeon","Reaper"],"picked":"SKIP","floor":82},{"not_picked":["Berserk","Offering+1","Bludgeon"],"picked":"Singing Bowl","floor":91},{"not_picked":["Demon Form","Offering+1","Bludgeon"],"picked":"Singing Bowl","floor":93},{"not_picked":["Exhume+1","Brutality","Fiend Fire"],"picked":"Singing Bowl","floor":94},{"not_picked":["Feed","Limit Break+1","Juggernaut"],"picked":"Singing Bowl","floor":96},{"not_picked":["Limit Break+1","Impervious+1","Immolate"],"picked":"Singing Bowl","floor":98},{"not_picked":["Offering+1","Impervious+1","Fiend Fire"],"picked":"Singing Bowl","floor":101},{"not_picked":["Offering+1","Dark Embrace+1","Brutality+1"],"picked":"Singing Bowl","floor":106},{"not_picked":["Feed","Brutality+1","Immolate"],"picked":"Singing Bowl","floor":109},{"not_picked":["Barricade+1","Double Tap+1","Dark Embrace+1"],"picked":"Singing Bowl","floor":111},{"not_picked":["Barricade+1","Dark Embrace+1","Brutality+1"],"picked":"Singing Bowl","floor":113},{"not_picked":["Barricade+1","Impervious+1","Brutality+1"],"picked":"Singing Bowl","floor":116},{"not_picked":["Juggernaut+1","Immolate","Impervious+1"],"picked":"Singing Bowl","floor":118},{"not_picked":["Bloodletting+1","Twin Strike"],"picked":"Body Slam+1","floor":121},{"not_picked":["Fiend Fire","Bludgeon","Dark Embrace+1"],"picked":"Singing Bowl","floor":125},{"not_picked":["Barricade+1","Juggernaut+1","Brutality+1"],"picked":"Singing Bowl","floor":127},{"not_picked":["Bludgeon","Berserk+1","Double Tap+1"],"picked":"Singing Bowl","floor":128},{"not_picked":["Juggernaut+1","Limit Break+1","Immolate"],"picked":"Singing Bowl","floor":132},{"not_picked":["Offering+1","Impervious+1","Juggernaut+1"],"picked":"Singing Bowl","floor":135},{"not_picked":["Dark Embrace+1","Offering+1","Double Tap+1"],"picked":"Singing Bowl","floor":143},{"not_picked":["Fiend Fire","Demon Form+1","Exhume+1"],"picked":"Singing Bowl","floor":145}],"player_experience":139037,"relics_obtained":[{"floor":1,"key":"PreservedInsect"},{"floor":2,"key":"Whetstone"},{"floor":5,"key":"Mercury Hourglass"},{"floor":6,"key":"Bag of Preparation"},{"floor":8,"key":"Bronze Scales"},{"floor":9,"key":"Anchor"},{"floor":11,"key":"Turnip"},{"floor":12,"key":"Regal Pillow"},{"floor":18,"key":"Toxic Egg 2"},{"floor":21,"key":"Matryoshka"},{"floor":22,"key":"The Courier"},{"floor":24,"key":"Bottled Lightning"},{"floor":26,"key":"Boot"},{"floor":26,"key":"Champion Belt"},{"floor":27,"key":"FossilizedHelix"},{"floor":28,"key":"Pen Nib"},{"floor":29,"key":"Kunai"},{"floor":31,"key":"MawBank"},{"floor":35,"key":"Gremlin Horn"},{"floor":37,"key":"Lantern"},{"floor":37,"key":"Centennial Puzzle"},{"floor":41,"key":"Omamori"},{"floor":42,"key":"Strawberry"},{"floor":43,"key":"Oddly Smooth Stone"},{"floor":44,"key":"Pear"},{"floor":45,"key":"Dream Catcher"},{"floor":46,"key":"Self Forming Clay"},{"floor":48,"key":"Art of War"},{"floor":52,"key":"Ancient Tea Set"},{"floor":53,"key":"War Paint"},{"floor":56,"key":"Blood Vial"},{"floor":60,"key":"Tiny Chest"},{"floor":63,"key":"Paper Frog"},{"floor":64,"key":"Ginger"},{"floor":69,"key":"Pocketwatch"},{"floor":70,"key":"Orichalcum"},{"floor":72,"key":"Bottled Tornado"},{"floor":73,"key":"Torii"},{"floor":86,"key":"Pantograph"},{"floor":88,"key":"Singing Bowl"},{"floor":90,"key":"Blue Candle"},{"floor":97,"key":"Prayer Wheel"},{"floor":99,"key":"Shuriken"},{"floor":103,"key":"Smiling Mask"},{"floor":104,"key":"Shovel"},{"floor":107,"key":"Letter Opener"},{"floor":108,"key":"Meat on the Bone"},{"floor":110,"key":"Darkstone Periapt"},{"floor":115,"key":"Ice Cream"},{"floor":117,"key":"Sundial"},{"floor":120,"key":"Calipers"},{"floor":121,"key":"Circlet"},{"floor":124,"key":"Girya"},{"floor":126,"key":"Old Coin"},{"floor":129,"key":"Circlet"},{"floor":130,"key":"Circlet"},{"floor":131,"key":"Circlet"},{"floor":133,"key":"Circlet"},{"floor":137,"key":"Circlet"},{"floor":138,"key":"Circlet"},{"floor":139,"key":"Circlet"},{"floor":141,"key":"Circlet"}],"event_choices":[{"damage_healed":0,"gold_gain":0,"player_choice":"Leave","damage_taken":0,"max_hp_gain":0,"max_hp_loss":0,"event_name":"The Cleric","floor":4,"gold_loss":0},{"damage_healed":0,"gold_gain":0,"player_choice":"Donut","damage_taken":0,"max_hp_gain":5,"max_hp_loss":0,"event_name":"Big Fish","floor":13,"gold_loss":0},{"damage_healed":0,"gold_gain":0,"player_choice":"Inject Mutagens","damage_taken":0,"relics_obtained":["MutagenicStrength"],"max_hp_gain":0,"max_hp_loss":0,"event_name":"Drug Dealer","floor":19,"gold_loss":0},{"damage_healed":0,"gold_gain":100,"player_choice":"Pray","damage_taken":0,"max_hp_gain":0,"max_hp_loss":0,"event_name":"Golden Shrine","floor":20,"gold_loss":0},{"damage_healed":0,"gold_gain":0,"player_choice":"Max HP","damage_taken":0,"max_hp_gain":0,"max_hp_loss":4,"event_name":"Winding Halls","floor":36,"gold_loss":0},{"damage_healed":0,"gold_gain":0,"player_choice":"Paid","damage_taken":0,"relics_obtained":["Red Mask"],"max_hp_gain":0,"max_hp_loss":0,"event_name":"Tomb of Lord Red Mask","floor":39,"gold_loss":290},{"damage_healed":0,"gold_gain":0,"player_choice":"Ignored","damage_taken":0,"max_hp_gain":0,"max_hp_loss":0,"event_name":"NoteForYourself","floor":54,"gold_loss":0},{"damage_healed":0,"gold_gain":0,"player_choice":"Got Potions","damage_taken":0,"max_hp_gain":0,"max_hp_loss":0,"event_name":"Lab","floor":80,"gold_loss":0},{"cards_removed":["Strike_B"],"damage_healed":0,"gold_gain":0,"player_choice":"Purged","damage_taken":0,"max_hp_gain":0,"max_hp_loss":0,"event_name":"Purifier","floor":87,"gold_loss":0},{"damage_healed":0,"gold_gain":75,"player_choice":"Gather Gold","damage_taken":11,"max_hp_gain":0,"max_hp_loss":0,"event_name":"World of Goop","floor":112,"gold_loss":0},{"damage_healed":0,"gold_gain":0,"cards_transformed":["Defend_R"],"player_choice":"Change","damage_taken":0,"max_hp_gain":0,"max_hp_loss":0,"event_name":"Living Wall","floor":114,"gold_loss":0,"cards_obtained":["Wild Strike"]},{"damage_healed":0,"gold_gain":0,"player_choice":"Fought Bandits","damage_taken":0,"max_hp_gain":0,"max_hp_loss":0,"event_name":"Masked Bandits","floor":121,"gold_loss":0},{"damage_healed":0,"gold_gain":0,"player_choice":"Gave Potion","damage_taken":0,"relics_obtained":["Circlet"],"max_hp_gain":0,"max_hp_loss":0,"event_name":"WeMeetAgain","floor":140,"gold_loss":0}],"is_beta":false,"boss_relics":[{"not_picked":["Eternal Feather","Snecko Eye"],"picked":"Runic Dome"},{"not_picked":["Calling Bell","White Beast Statue"],"picked":"Cursed Key"},{"not_picked":["Lizard Tail","Velvet Choker"],"picked":"Sozu"},{"not_picked":["MetallicRebirth"],"picked":"VoidEssence"},{"not_picked":["MetallicRebirth"],"picked":"TwistingMind"},{"not_picked":["MetallicRebirth"],"picked":"GraspOfShadows"},{"not_picked":["VoidEssence"],"picked":"MetallicRebirth"},{"not_picked":["GraspOfShadows"],"picked":"BlightedDurian"}],"items_purged_floors":[25,38,122,123],"is_endless":true,"potions_floor_spawned":[2,11,16,22,28,41,46,48,50,52,56,63,65,70,73,74,81,88,90,93,97,99,101,107,109,113,116,121,125,128,131,132,135,137,143,145],"killed_by":"Reptomancer","ascension_level":0}