{"gold_per_floor":[112,287,287,94,106,106,137,150,150,150,150,161,186,201,201,201],"floor_reached":16,"playtime":865,"items_purged":[],"score":165,"play_id":"387b096c-9be9-4e2e-8c55-f8a173d59f6d","local_time":"20190219193829","is_ascension_mode":true,"campfire_choices":[{"data":"Bash","floor":6,"key":"SMITH"},{"floor":10,"key":"REST"},{"floor":15,"key":"REST"}],"neow_cost":"NONE","seed_source_timestamp":349360968304889,"circlet_count":0,"master_deck":["AscendersBane","Strike_R","Strike_R","Strike_R","Strike_R","Defend_R","Defend_R+1","Defend_R","Defend_R+1","Bash+1","Heavy Blade","Iron Wave","Pommel Strike","Twin Strike","Shrug It Off","Infernal Blade","Uppercut"],"relics":["Burning Blood","Sling","War Paint","Pantograph","Kunai"],"potions_floor_usage":[16,16],"damage_taken":[{"damage":1,"enemies":"Cultist","floor":1,"turns":3},{"damage":2,"enemies":"Small Slimes","floor":5,"turns":4},{"damage":45,"enemies":"3 Sentries","floor":7,"turns":10},{"damage":12,"enemies":"Jaw Worm","floor":8,"turns":3},{"damage":19,"enemies":"Exordium Wildlife","floor":12,"turns":3},{"damage":32,"enemies":"Lagavulin","floor":13,"turns":5},{"damage":0,"enemies":"Large Slime","floor":14,"turns":2},{"damage":87,"enemies":"Hexaghost","floor":16,"turns":10}],"seed_played":"9098431659930202429","potions_obtained":[{"floor":5,"key":"Strength Potion"},{"floor":12,"key":"Swift Potion"},{"floor":13,"key":"Strength Potion"},{"floor":14,"key":"EssenceOfSteel"}],"is_trial":false,"path_per_floor":["M","?","?","$","M","R","E","M","T","R","?","M","E","M","R","B"],"character_chosen":"IRONCLAD","items_purchased":["Sling"],"campfire_rested":2,"item_purchase_floors":[4],"current_hp_per_floor":[85,85,85,85,88,88,49,43,43,69,69,56,30,36,62,0],"gold":201,"neow_bonus":"TEN_PERCENT_HP_BONUS","is_prod":false,"is_daily":false,"chose_seed":false,"campfire_upgraded":1,"win_rate":0,"timestamp":1550633909,"path_taken":["M","?","?","$","?","R","E","M","T","R","?","M","E","M","R","BOSS"],"build_version":"2019-01-23","purchased_purges":0,"victory":false,"max_hp_per_floor":[88,88,88,88,88,88,88,88,88,88,88,88,88,88,88,88],"card_choices":[{"not_picked":["Pummel","True Grit"],"picked":"Heavy Blade","floor":1},{"not_picked":["Havoc","Sword Boomerang"],"picked":"Iron Wave","floor":5},{"not_picked":["Headbutt","Rupture"],"picked":"Pommel Strike","floor":7},{"not_picked":["Heavy Blade","Carnage"],"picked":"Twin Strike","floor":8},{"not_picked":["Combust","Armaments"],"picked":"Shrug It Off","floor":12},{"not_picked":["Impervious","Clothesline"],"picked":"Infernal Blade","floor":13},{"not_picked":["Clothesline","True Grit"],"picked":"Uppercut","floor":14}],"player_experience":446328,"relics_obtained":[{"floor":7,"key":"War Paint"},{"floor":9,"key":"Pantograph"},{"floor":13,"key":"Kunai"}],"event_choices":[{"damage_healed":0,"gold_gain":175,"player_choice":"AGREE","damage_taken":0,"max_hp_gain":0,"max_hp_loss":0,"event_name":"Liars Game","floor":2,"gold_loss":0,"cards_obtained":["Doubt"]},{"cards_removed":["Doubt"],"damage_healed":0,"gold_gain":0,"player_choice":"Purged","damage_taken":0,"max_hp_gain":0,"max_hp_loss":0,"event_name":"Purifier","floor":3,"gold_loss":0},{"cards_removed":["Strike_R"],"damage_healed":0,"gold_gain":0,"player_choice":"Forget","damage_taken":0,"max_hp_gain":0,"max_hp_loss":0,"event_name":"Living Wall","floor":11,"gold_loss":0}],"is_beta":false,"boss_relics":[],"items_purged_floors":[],"is_endless":false,"potions_floor_spawned":[5,12,13,14],"killed_by":"Hexaghost","ascension_level":10}