{"gold_per_floor":[115,115,190,190,209,209,234,244,271,300,400,414,414,434,434,535,535,549,474,29,29,39,39,74,86,98,110,137,149],"floor_reached":29,"playtime":1533,"items_purged":["Strike_R"],"score":339,"play_id":"3063958a-3bf6-4bf2-8124-04dddf501bc4","local_time":"20190208001857","is_ascension_mode":true,"campfire_choices":[{"floor":6,"key":"REST"},{"floor":13,"key":"REST"},{"floor":15,"key":"REST"},{"floor":23,"key":"REST"},{"floor":27,"key":"REST"}],"neow_cost":"NONE","seed_source_timestamp":2289120274537477,"circlet_count":0,"master_deck":["Defend_R","Defend_R","Defend_R","Bash+1","Flex","Clothesline+1","Pommel Strike","Spot Weakness","Dropkick","Armaments","Metallicize","Demon Form","Twin Strike","Shame","Heavy Blade","Armaments+1","Bite","Bite","Bite","Bite","Bite","Shrug It Off"],"relics":["Burning Blood","Smiling Mask","Boot","Mercury Hourglass","Eternal Feather","Membership Card","Pear","Oddly Smooth Stone","Strawberry","MawBank","Molten Egg 2"],"potions_floor_usage":[10,16,16,24],"damage_taken":[{"damage":8,"enemies":"2 Louse","floor":1,"turns":2},{"damage":3,"enemies":"Small Slimes","floor":5,"turns":3},{"damage":45,"enemies":"3 Sentries","floor":7,"turns":10},{"damage":4,"enemies":"Jaw Worm","floor":8,"turns":4},{"damage":25,"enemies":"Lagavulin","floor":10,"turns":6},{"damage":6,"enemies":"Looter","floor":12,"turns":2},{"damage":5,"enemies":"Red Slaver","floor":14,"turns":3},{"damage":16,"enemies":"The Guardian","floor":16,"turns":11},{"damage":39,"enemies":"3 Byrds","floor":18,"turns":5},{"damage":17,"enemies":"Chosen","floor":22,"turns":5},{"damage":78,"enemies":"Slavers","floor":24,"turns":8},{"damage":30,"enemies":"Centurion and Healer","floor":28,"turns":6},{"damage":53,"enemies":"Book of Stabbing","floor":29,"turns":5}],"seed_played":"-8315381181753193198","potions_obtained":[{"floor":7,"key":"Energy Potion"},{"floor":10,"key":"GamblersBrew"},{"floor":14,"key":"SkillPotion"},{"floor":22,"key":"Dexterity Potion"}],"is_trial":false,"path_per_floor":["M","?","?","$","M","R","E","M","T","E","?","M","R","M","R","B",null,"M","?","$","?","M","R","E","?","T","R","M","E"],"character_chosen":"IRONCLAD","items_purchased":["Membership Card","Pear","Oddly Smooth Stone"],"campfire_rested":5,"item_purchase_floors":[20,20,20],"current_hp_per_floor":[78,62,51,51,54,78,39,41,41,22,22,22,46,47,71,61,75,42,42,52,59,48,86,14,14,14,46,34,0],"gold":149,"neow_bonus":"THREE_CARDS","is_prod":false,"is_daily":false,"chose_seed":false,"campfire_upgraded":0,"win_rate":0,"timestamp":1549613937,"path_taken":["M","?","?","?","M","R","E","M","T","E","?","?","R","M","R","BOSS","M","?","$","?","M","R","E","?","T","R","M","E"],"build_version":"2019-01-23","purchased_purges":1,"victory":false,"max_hp_per_floor":[80,80,80,80,80,80,80,80,80,80,80,80,80,80,80,80,80,80,80,90,97,97,97,97,67,67,67,67,67],"card_choices":[{"not_picked":["Anger","Body Slam"],"picked":"Flex","floor":0},{"not_picked":["Body Slam","Anger"],"picked":"Clothesline","floor":1},{"not_picked":["Cleave","Corruption"],"picked":"Pommel Strike","floor":5},{"not_picked":["Warcry","Shockwave"],"picked":"Spot Weakness","floor":7},{"not_picked":["Entrench","Flex","Clothesline"],"picked":"SKIP","floor":8},{"not_picked":["Thunderclap","Sword Boomerang"],"picked":"Dropkick","floor":10},{"not_picked":["Fiend Fire","Cleave"],"picked":"Armaments","floor":12},{"not_picked":["Body Slam","Twin Strike"],"picked":"Metallicize","floor":14},{"not_picked":["Double Tap","Berserk"],"picked":"Demon Form","floor":16},{"not_picked":["Uppercut","Sword Boomerang"],"picked":"Twin Strike","floor":18},{"not_picked":["Havoc+1","Sword Boomerang"],"picked":"Heavy Blade","floor":22},{"not_picked":["Thunderclap","Brutality"],"picked":"Armaments+1","floor":24},{"not_picked":["Corruption","Clash+1"],"picked":"Shrug It Off","floor":28}],"player_experience":265196,"relics_obtained":[{"floor":7,"key":"Smiling Mask"},{"floor":9,"key":"Boot"},{"floor":10,"key":"Mercury Hourglass"},{"floor":24,"key":"MawBank"},{"floor":26,"key":"Molten Egg 2"}],"event_choices":[{"damage_healed":0,"gold_gain":0,"player_choice":"Entered Light","damage_taken":16,"max_hp_gain":0,"max_hp_loss":0,"event_name":"Shining Light","floor":2,"gold_loss":0,"cards_upgraded":["Bash","Clothesline"]},{"damage_healed":0,"gold_gain":75,"player_choice":"Gather Gold","damage_taken":11,"max_hp_gain":0,"max_hp_loss":0,"event_name":"World of Goop","floor":3,"gold_loss":0},{"damage_healed":0,"gold_gain":100,"player_choice":"Gold","damage_taken":0,"max_hp_gain":0,"max_hp_loss":0,"event_name":"Wheel of Change","floor":11,"gold_loss":0},{"cards_removed":["Defend_R"],"damage_healed":0,"gold_gain":0,"player_choice":"Gave Gold","damage_taken":0,"max_hp_gain":0,"max_hp_loss":0,"event_name":"Beggar","floor":19,"gold_loss":75},{"damage_healed":0,"gold_gain":0,"player_choice":"Stole Relic","damage_taken":0,"relics_obtained":["Strawberry"],"max_hp_gain":0,"max_hp_loss":0,"event_name":"Addict","floor":21,"gold_loss":0,"cards_obtained":["Shame"]},{"damage_healed":0,"gold_gain":0,"player_choice":"Became a vampire","damage_taken":0,"max_hp_gain":0,"max_hp_loss":30,"event_name":"Vampires","floor":25,"gold_loss":0,"cards_obtained":["Bite","Bite","Bite","Bite","Bite"]}],"is_beta":false,"boss_relics":[{"not_picked":["Pandora\u0027s Box","Orrery"],"picked":"Eternal Feather"}],"items_purged_floors":[20],"is_endless":false,"potions_floor_spawned":[7,10,14,22],"killed_by":"Book of Stabbing","ascension_level":5}