{"gold_per_floor":[118,42,42,42,217,257,257,257,257,105,105,121,121,144,144,275,275,293,311,311],"floor_reached":20,"playtime":997,"items_purged":[],"score":238,"play_id":"f57af4d6-8f3c-4b4c-a661-8aa4d554b900","local_time":"20190214235811","is_ascension_mode":true,"campfire_choices":[{"floor":8,"key":"REST"},{"floor":13,"key":"REST"},{"floor":15,"key":"REST"}],"neow_cost":"NONE","seed_source_timestamp":84385830532037,"circlet_count":0,"master_deck":["Strike_B","Strike_B","Strike_B","Defend_B","Defend_B","Defend_B","Defend_B","Zap","Dualcast","Impatience","Gash","Self Repair","Doubt","Gash","Conserve Battery","Ball Lightning","Buffer","Rip and Tear","Gash"],"relics":["Cracked Core","Golden Idol","Darkstone Periapt","Gremlin Horn","Ornamental Fan","DataDisk","Inserter"],"potions_floor_usage":[16,18],"damage_taken":[{"damage":4,"enemies":"Small Slimes","floor":1,"turns":3},{"damage":36,"enemies":"Lagavulin","floor":6,"turns":8},{"damage":9,"enemies":"2 Louse","floor":12,"turns":3},{"damage":5,"enemies":"Cultist","floor":14,"turns":4},{"damage":72,"enemies":"Slime Boss","floor":16,"turns":10},{"damage":43,"enemies":"2 Thieves","floor":18,"turns":4},{"damage":11,"enemies":"Spheric Guardian","floor":19,"turns":4},{"damage":24,"enemies":"Masked Bandits","floor":20,"turns":2}],"seed_played":"-1073430592348966080","potions_obtained":[{"floor":12,"key":"Weak Potion"},{"floor":14,"key":"LiquidBronze"}],"is_trial":false,"path_per_floor":["M","$","?","?","?","E","T","R","T","$","?","M","R","M","R","B",null,"M","M","?"],"character_chosen":"DEFECT","items_purchased":["Self Repair","DataDisk"],"campfire_rested":3,"item_purchase_floors":[2,10],"current_hp_per_floor":[64,64,57,39,39,10,10,32,32,32,32,30,52,54,75,10,59,23,19,0],"gold":311,"neow_bonus":"RANDOM_COLORLESS","is_prod":false,"is_daily":false,"chose_seed":false,"campfire_upgraded":0,"win_rate":0,"timestamp":1550217491,"path_taken":["M","$","?","?","?","E","?","R","T","$","?","?","R","M","R","BOSS","M","?","?"],"build_version":"2019-01-23","purchased_purges":0,"victory":false,"max_hp_per_floor":[75,75,75,75,75,75,75,75,75,75,75,75,75,75,75,75,75,75,75,75],"card_choices":[{"not_picked":["Conserve Battery","Leap"],"picked":"Gash","floor":1},{"not_picked":["Darkness","Creative AI"],"picked":"Gash","floor":6},{"not_picked":["Steam","Storm"],"picked":"Conserve Battery","floor":12},{"not_picked":["Beam Cell","Skim"],"picked":"Ball Lightning","floor":14},{"not_picked":["Meteor Strike","Hyperbeam"],"picked":"Buffer","floor":16},{"not_picked":["Chill","Streamline"],"picked":"Rip and Tear","floor":18},{"not_picked":["Compile Driver","BootSequence"],"picked":"Gash","floor":19}],"player_experience":399708,"relics_obtained":[{"floor":6,"key":"Darkstone Periapt"},{"floor":7,"key":"Gremlin Horn"},{"floor":9,"key":"Ornamental Fan"}],"event_choices":[{"cards_removed":["Strike_B"],"damage_healed":0,"gold_gain":0,"player_choice":"Card Removal","damage_taken":7,"max_hp_gain":0,"max_hp_loss":0,"event_name":"Golden Wing","floor":3,"gold_loss":0},{"damage_healed":0,"gold_gain":0,"player_choice":"Take Damage","damage_taken":18,"relics_obtained":["Golden Idol"],"max_hp_gain":0,"max_hp_loss":0,"event_name":"Golden Idol","floor":4,"gold_loss":0},{"damage_healed":0,"gold_gain":175,"player_choice":"AGREE","damage_taken":0,"max_hp_gain":0,"max_hp_loss":0,"event_name":"Liars Game","floor":5,"gold_loss":0,"cards_obtained":["Doubt"]},{"damage_healed":0,"gold_gain":0,"player_choice":"Bought 0 Potions","damage_taken":0,"max_hp_gain":0,"max_hp_loss":0,"event_name":"The Woman in Blue","floor":11,"gold_loss":0},{"damage_healed":0,"gold_gain":0,"player_choice":"Fought Bandits","damage_taken":0,"max_hp_gain":0,"max_hp_loss":0,"event_name":"Masked Bandits","floor":20,"gold_loss":0}],"is_beta":false,"boss_relics":[{"not_picked":["Orrery","FrozenCore"],"picked":"Inserter"}],"items_purged_floors":[],"is_endless":false,"potions_floor_spawned":[12,14],"killed_by":"Masked Bandits","ascension_level":8}