{"gold_per_floor":[109,161,179,179,30,63,63,63,142,67,130,55,70,83,83,185,185,204,204,204,204,222,254,70,70,70,104,116,155,167,328,340,454,516,547,609,696,722,784,796,827,889,925,937,974,545,577,627,627,627],"floor_reached":51,"playtime":1422,"items_purged":["Strike_R","Regret"],"score":1241,"play_id":"ca17b72a-8d47-4a6f-9398-5adb43ad3057","local_time":"20190225153745","is_ascension_mode":true,"campfire_choices":[{"data":"Flame Barrier","floor":7.0,"key":"SMITH"},{"data":"Bash","floor":15.0,"key":"SMITH"},{"data":"Inflame","floor":25.0,"key":"SMITH"},{"floor":28.0,"key":"REST"},{"floor":32.0,"key":"REST"},{"data":"True Grit","floor":40.0,"key":"SMITH"},{"data":"Clothesline","floor":44.0,"key":"SMITH"},{"data":"Shockwave","floor":49.0,"key":"SMITH"}],"neow_cost":"NONE","seed_source_timestamp":93955271715580,"circlet_count":0,"master_deck":["AscendersBane","Strike_R+1","Strike_R+1","Strike_R+1","Strike_R+1","Defend_R+1","Defend_R+1","Defend_R+1","Defend_R+1","Bash+1","Bludgeon","Inflame+1","Shrug It Off","Flame Barrier+1","Pommel Strike+1","Flame Barrier","Immolate+1","Shrug It Off+1","Shrug It Off","Inflame+1","Feed+1","True Grit+1","Barricade+1","Sword Boomerang+1","Writhe","Clothesline+1","Regret","Shockwave+1","Finesse","Battle Trance","Doubt"],"special_seed":0,"relics":["Burning Blood","PreservedInsect","Omamori","Bottled Tornado","Tiny Chest","Cursed Key","Frozen Egg 2","Letter Opener","Juzu Bracelet","Sundial","MawBank","Whetstone","SsserpentHead","Tiny House","Smiling Mask","Oddly Smooth Stone","Shuriken","Bag of Marbles","Centennial Puzzle","Orichalcum"],"potions_floor_usage":[50,50],"damage_taken":[{"damage":7.0,"enemies":"Jaw Worm","floor":1.0,"turns":2.0},{"damage":7.0,"enemies":"2 Louse","floor":3.0,"turns":3.0},{"damage":24.0,"enemies":"Lagavulin","floor":6.0,"turns":5.0},{"damage":10.0,"enemies":"Gremlin Nob","floor":11.0,"turns":3.0},{"damage":2.0,"enemies":"Small Slimes","floor":13.0,"turns":4.0},{"damage":11.0,"enemies":"Looter","floor":14.0,"turns":2.0},{"damage":26.0,"enemies":"Hexaghost","floor":16.0,"turns":9.0},{"damage":14.0,"enemies":"Chosen","floor":18.0,"turns":5.0},{"damage":6.0,"enemies":"Shell Parasite","floor":22.0,"turns":6.0},{"damage":23.0,"enemies":"Book of Stabbing","floor":23.0,"turns":5.0},{"damage":21.0,"enemies":"Slavers","floor":27.0,"turns":3.0},{"damage":9.0,"enemies":"Gremlin Leader","floor":29.0,"turns":4.0},{"damage":79.0,"enemies":"Champ","floor":33.0,"turns":12.0},{"damage":37.0,"enemies":"3 Darklings","floor":35.0,"turns":3.0},{"damage":25.0,"enemies":"3 Shapes","floor":38.0,"turns":9.0},{"damage":44.0,"enemies":"Writhing Mass","floor":41.0,"turns":11.0},{"damage":78.0,"enemies":"Reptomancer","floor":45.0,"turns":6.0},{"damage":3.0,"enemies":"Nemesis","floor":47.0,"turns":5.0},{"damage":50,"enemies":"Time Eater","floor":50,"turns":6}],"seed_played":"1238553913139438605","potions_obtained":[{"floor":3.0,"key":"EntropicBrew"},{"floor":11.0,"key":"Fruit Juice"},{"floor":18.0,"key":"SpeedPotion"},{"floor":23.0,"key":"Strength Potion"},{"floor":33.0,"key":"Swift Potion"},{"floor":34.0,"key":"BloodPotion"},{"floor":38.0,"key":"PowerPotion"},{"floor":45.0,"key":"Fire Potion"},{"floor":47.0,"key":"SteroidPotion"}],"is_trial":false,"path_per_floor":["M","?","M","?","$","E","R","?","T","$","E","$","M","M","R","B",null,"M","?","?","T","M","E","$","R","T","E","R","E","?","?","R","B",null,"M","?","T","M","?","R","M","?","T","R","E","$","E","?","R","B",null],"character_chosen":"IRONCLAD","items_purchased":["PreservedInsect","Flame Barrier","Juzu Bracelet","Inflame+1","Bag of Marbles","Centennial Puzzle","Finesse"],"campfire_rested":2,"item_purchase_floors":[5,12,24,24,46,46,46],"current_hp_per_floor":[71,71,70,54,54,36,36,41,41,41,42,42,46,41,41,21,73,65,65,65,65,65,48,48,48,48,33,60,57,57,57,84,11,75,53,53,53,38,63,63,25,87,87,87,15,15,18,87,87,43],"gold":627,"neow_bonus":"ONE_RANDOM_RARE_CARD","is_prod":false,"is_daily":false,"chose_seed":false,"campfire_upgraded":6,"win_rate":0,"timestamp":1551101865,"path_taken":["M","?","M","?","?","E","R","?","T","$","E","?","M","M","R","BOSS","M","?","?","?","M","E","$","R","T","E","R","E","?","?","R","BOSS","M","?","?","M","?","R","M","?","T","R","E","$","E","?","R","BOSS"],"build_version":"2019-01-23","purchased_purges":2,"victory":true,"max_hp_per_floor":[80,80,80,80,80,80,80,85,85,85,90,90,90,90,90,90,90,90,90,90,90,90,90,90,90,90,90,90,90,90,90,90,90,95,95,95,95,99,99,99,99,87,87,87,87,87,87,87,87,87],"card_choices":[{"not_picked":["Sword Boomerang","Body Slam"],"picked":"Inflame","floor":1.0},{"not_picked":["Warcry","Second Wind"],"picked":"Shrug It Off","floor":3.0},{"not_picked":["True Grit","Iron Wave"],"picked":"Flame Barrier","floor":6.0},{"not_picked":["Dropkick","Rupture"],"picked":"Pommel Strike","floor":11.0},{"not_picked":["Sentinel","Infernal Blade","Sword Boomerang"],"picked":"SKIP","floor":13.0},{"not_picked":["Heavy Blade","Rampage","Pommel Strike"],"picked":"SKIP","floor":14.0},{"not_picked":["Exhume","Barricade"],"picked":"Immolate","floor":16.0},{"not_picked":["Armaments","Anger+1"],"picked":"Shrug It Off+1","floor":18.0},{"not_picked":["Entrench","Searing Blow"],"picked":"Shrug It Off","floor":22.0},{"not_picked":["Fiend Fire","Dropkick","Rupture+1"],"picked":"SKIP","floor":23.0},{"not_picked":["Pommel Strike+1","Headbutt"],"picked":"Feed","floor":27.0},{"not_picked":["Sword Boomerang","Fiend Fire"],"picked":"True Grit","floor":29.0},{"not_picked":["Immolate","Feed"],"picked":"Barricade+1","floor":33.0},{"not_picked":["Thunderclap","Searing Blow"],"picked":"Sword Boomerang+1","floor":35.0},{"not_picked":["True Grit","Anger","Iron Wave"],"picked":"SKIP","floor":38.0},{"not_picked":["Intimidate","Twin Strike"],"picked":"Clothesline","floor":41.0},{"not_picked":["Armaments+1","Twin Strike"],"picked":"Shockwave","floor":45.0},{"not_picked":["Rupture+1","Seeing Red"],"picked":"Battle Trance","floor":47.0}],"player_experience":222013,"relics_obtained":[{"floor":6.0,"key":"Omamori"},{"floor":9.0,"key":"Bottled Tornado"},{"floor":11.0,"key":"Tiny Chest"},{"floor":21.0,"key":"Frozen Egg 2"},{"floor":23.0,"key":"Letter Opener"},{"floor":26.0,"key":"Sundial"},{"floor":27.0,"key":"MawBank"},{"floor":29.0,"key":"Whetstone"},{"floor":37.0,"key":"Smiling Mask"},{"floor":43.0,"key":"Oddly Smooth Stone"},{"floor":45.0,"key":"Shuriken"},{"floor":47.0,"key":"Orichalcum"}],"event_choices":[{"damage_healed":0.0,"max_hp_gain":0.0,"max_hp_loss":0.0,"gold_gain":52.0,"event_name":"Golden Wing","player_choice":"Gained Gold","floor":2.0,"gold_loss":0.0,"damage_taken":0.0},{"damage_healed":0.0,"max_hp_gain":0.0,"max_hp_loss":0.0,"gold_gain":0.0,"event_name":"Shining Light","player_choice":"Entered Light","floor":4.0,"gold_loss":0.0,"damage_taken":16.0,"cards_upgraded":["Defend_R","Strike_R"]},{"damage_healed":0.0,"max_hp_gain":5.0,"max_hp_loss":0.0,"gold_gain":0.0,"event_name":"Big Fish","player_choice":"Donut","floor":8.0,"gold_loss":0.0,"damage_taken":0.0},{"damage_healed":0.0,"max_hp_gain":0.0,"max_hp_loss":0.0,"gold_gain":0.0,"event_name":"Back to Basics","player_choice":"Simplicity","floor":19.0,"gold_loss":0.0,"damage_taken":0.0,"cards_upgraded":["Strike_R","Strike_R","Strike_R","Defend_R","Defend_R","Defend_R"]},{"damage_healed":0.0,"max_hp_gain":0.0,"max_hp_loss":0.0,"gold_gain":0.0,"event_name":"Ghosts","player_choice":"Ignored","floor":20.0,"gold_loss":0.0,"damage_taken":0.0},{"damage_healed":0.0,"max_hp_gain":0.0,"max_hp_loss":0.0,"gold_gain":0.0,"event_name":"FaceTrader","player_choice":"Trade","floor":30.0,"gold_loss":0.0,"damage_taken":0.0,"relics_obtained":["SsserpentHead"]},{"damage_healed":0.0,"max_hp_gain":0.0,"max_hp_loss":0.0,"gold_gain":99.0,"event_name":"Nest","player_choice":"Stole From Cult","floor":31.0,"gold_loss":0.0,"damage_taken":0.0},{"damage_healed":0.0,"max_hp_gain":0.0,"max_hp_loss":0.0,"gold_gain":0.0,"event_name":"Mysterious Sphere","player_choice":"Ignored","floor":36.0,"gold_loss":0.0,"damage_taken":0.0},{"damage_healed":25.0,"max_hp_gain":0.0,"max_hp_loss":0.0,"gold_gain":0.0,"event_name":"Winding Halls","player_choice":"Writhe","floor":39.0,"gold_loss":0.0,"damage_taken":0.0,"cards_obtained":["Writhe"]},{"damage_healed":87.0,"max_hp_gain":0.0,"max_hp_loss":12.0,"gold_gain":0.0,"event_name":"The Moai Head","player_choice":"Heal","floor":42.0,"gold_loss":0.0,"damage_taken":0.0},{"damage_healed":69.0,"max_hp_gain":0.0,"max_hp_loss":0.0,"gold_gain":0.0,"event_name":"MindBloom","player_choice":"Heal","floor":48.0,"gold_loss":0.0,"damage_taken":0.0,"cards_obtained":["Doubt"]}],"is_beta":false,"boss_relics":[{"not_picked":["Empty Cage","Runic Pyramid"],"picked":"Cursed Key"},{"not_picked":["Astrolabe","Runic Dome"],"picked":"Tiny House"}],"items_purged_floors":[10,46],"is_endless":false,"potions_floor_spawned":[3,6,11,18,23,33,38,45,47],"ascension_level":12}