{"gold_per_floor":[117,164,164,176,176,176,196,196,220,220,230,260,276,307,307,407,407,423,440,24,24,41,76,76,91,91,91,91,91,108,108,108,108],"floor_reached":33,"playtime":5054,"items_purged":["Compile Driver"],"score":275,"play_id":"b64c222e-6ca1-4830-ba34-56f7290013c0","local_time":"20180630235115","is_ascension_mode":false,"campfire_choices":[{"data":"Redo","floor":6,"key":"SMITH"},{"data":"Tempest","floor":8,"key":"SMITH"},{"data":"Dualcast","floor":10,"key":"SMITH"},{"floor":15,"key":"REST"},{"floor":24,"key":"REST"},{"floor":27,"key":"REST"},{"floor":29,"key":"REST"},{"floor":32,"key":"REST"}],"neow_cost":"NONE","seed_source_timestamp":277658533744558,"circlet_count":0,"master_deck":["Strike_B+1","Strike_B","Strike_B","Defend_B","Defend_B","Defend_B","Defend_B","Zap+1","Dualcast+1","Tempest+1","Gash+1","Redo+1","Coolheaded+1","Hologram","Chaos","Thunder Strike+1","Electrodynamics","Ball Lightning","Leap+1","Compile Driver+1","Self Repair","Panacea","Amplify","FTL"],"special_seed":17713,"relics":["Cracked Core","Whetstone","Ancient Tea Set","Bottled Lightning","Pen Nib","Orrery","War Paint","Bronze Scales","Ornamental Fan"],"potions_floor_usage":[12,16,18,22,23,33,33],"damage_taken":[{"damage":10,"enemies":"Cultist","floor":1,"turns":4},{"damage":12,"enemies":"Small Slimes","floor":4,"turns":3},{"damage":6,"enemies":"2 Louse","floor":7,"turns":2},{"damage":0,"enemies":"Exordium Thugs","floor":11,"turns":3},{"damage":21,"enemies":"Lagavulin","floor":12,"turns":5},{"damage":0,"enemies":"2 Fungi Beasts","floor":13,"turns":2},{"damage":9,"enemies":"3 Sentries","floor":14,"turns":4},{"damage":25,"enemies":"Hexaghost","floor":16,"turns":8},{"damage":15,"enemies":"Chosen","floor":18,"turns":3},{"damage":8,"enemies":"Spheric Guardian","floor":19,"turns":3},{"damage":34,"enemies":"Snecko","floor":22,"turns":5},{"damage":11,"enemies":"Gremlin Leader","floor":23,"turns":7},{"damage":16,"enemies":"Centurion and Healer","floor":25,"turns":3},{"damage":31,"enemies":"Slaver and Parasite","floor":30,"turns":3},{"damage":86,"enemies":"Champ","floor":33,"turns":9}],"seed_played":"4107187906726352578","potions_obtained":[{"floor":7,"key":"Poison Potion"},{"floor":12,"key":"Fire Potion"},{"floor":16,"key":"Fire Potion"},{"floor":22,"key":"SkillPotion"},{"floor":23,"key":"LiquidBronze"},{"floor":30,"key":"Explosive Potion"}],"is_trial":false,"path_per_floor":["M","T","?","M","?","R","M","R","T","R","M","E","M","E","R","B",null,"M","M","$","?","M","E","R","M","T","R","?","R","M","?","R"],"character_chosen":"DEFECT","items_purchased":["Self Repair","FearPotion","War Paint","Panacea"],"campfire_rested":5,"item_purchase_floors":[20,20,20,20],"current_hp_per_floor":[65,65,58,46,71,71,65,65,65,65,65,44,44,35,57,32,75,60,52,52,75,48,37,59,50,50,72,58,80,56,56,80,0],"gold":108,"neow_bonus":"THREE_CARDS","is_prod":false,"is_daily":false,"chose_seed":false,"campfire_upgraded":3,"win_rate":0.0,"timestamp":1530417075,"path_taken":["M","?","?","M","?","R","M","R","T","R","M","E","?","E","R","BOSS","M","M","$","?","M","E","R","M","T","R","?","R","M","?","R","BOSS"],"build_version":"2018-06-28","purchased_purges":1,"victory":false,"max_hp_per_floor":[75,75,75,75,75,75,75,75,75,75,75,75,75,75,75,75,75,75,75,75,75,75,75,75,75,75,75,80,80,80,80,80,80],"card_choices":[{"not_picked":["Steam","Cold Snap"],"picked":"Tempest","floor":0},{"not_picked":["Conserve Battery","Heatsinks"],"picked":"Gash","floor":1},{"not_picked":["Cold Snap","Double Energy"],"picked":"Redo","floor":4},{"not_picked":["Sweeping Beam","Steam Power"],"picked":"Coolheaded","floor":7},{"not_picked":["Ball Lightning","Conserve Battery"],"picked":"Hologram","floor":11},{"not_picked":["Beam Cell","Barrage"],"picked":"Chaos","floor":12},{"not_picked":["Steam","Rebound"],"picked":"Compile Driver","floor":13},{"not_picked":["Rebound","Beam Cell"],"picked":"Thunder Strike","floor":14},{"not_picked":["Fission","Biased Cognition"],"picked":"Electrodynamics","floor":16},{"not_picked":["Stack","Loop"],"picked":"Reprogram","floor":17},{"not_picked":["Redo","Cold Snap"],"picked":"Ball Lightning","floor":17},{"not_picked":["Rebound","Streamline"],"picked":"Leap+1","floor":18},{"not_picked":["Cold Snap","Streamline"],"picked":"Compile Driver+1","floor":19},{"not_picked":["Sweeping Beam+1","Rebound","Coolheaded+1"],"picked":"SKIP","floor":22},{"not_picked":["Compile Driver+1","Steam"],"picked":"Amplify","floor":23},{"not_picked":["Loop","Aggregate","Sweeping Beam"],"picked":"SKIP","floor":25},{"not_picked":["Coolheaded","Storm"],"picked":"FTL","floor":30}],"player_experience":30025,"relics_obtained":[{"floor":2,"key":"Whetstone"},{"floor":9,"key":"Ancient Tea Set"},{"floor":12,"key":"Bottled Lightning"},{"floor":14,"key":"Pen Nib"},{"floor":23,"key":"Bronze Scales"},{"floor":26,"key":"Ornamental Fan"}],"event_choices":[{"event_name":"Golden Wing","player_choice":"Card Removal","floor":3,"damage_taken":0},{"event_name":"Big Fish","player_choice":"Banana","floor":5,"damage_taken":0},{"event_name":"Bonfire Elementals","player_choice":"UNCOMMON","floor":21,"damage_taken":0},{"event_name":"Forgotten Altar","player_choice":"Shed Blood","floor":28,"damage_taken":0},{"event_name":"Upgrade Shrine","player_choice":"Upgraded","floor":31,"damage_taken":0}],"boss_relics":[{"not_picked":["Inserter","Ectoplasm"],"picked":"Orrery"}],"items_purged_floors":[20],"is_endless":false,"potions_floor_spawned":[7,12,16,22,23,30],"killed_by":"Champ","ascension_level":0}