{"gold_per_floor":[112,112,112,112,62,62,82,82,82,82,98,110,126,126],"floor_reached":14,"playtime":457,"items_purged":[],"score":80,"play_id":"970e3572-1187-4785-9f9c-a4a2d11fdbc0","local_time":"20190226015231","is_ascension_mode":false,"campfire_choices":[{"floor":6,"key":"RECALL"},{"data":"Cloak And Dagger","floor":8,"key":"SMITH"},{"floor":10,"key":"REST"}],"neow_cost":"NONE","seed_source_timestamp":0,"circlet_count":0,"master_deck":["Defend_G","Defend_G","Defend_G","Defend_G","Defend_G","Strike_G","Strike_G","Survivor","Neutralize","Cloak And Dagger+1","PiercingWail","Escape Plan","Footwork"],"special_seed":0,"relics":["Ring of the Snake","Omamori","Ninja Scroll"],"potions_floor_usage":[],"damage_taken":[{"damage":1.0,"enemies":"Cultist","floor":1.0,"turns":4.0},{"damage":6,"enemies":"2 Louse","floor":7,"turns":3},{"damage":2,"enemies":"Jaw Worm","floor":11,"turns":4},{"damage":0,"enemies":"2 Fungi Beasts","floor":12,"turns":5},{"damage":0,"enemies":"Exordium Wildlife","floor":13,"turns":5},{"damage":56,"enemies":"Lagavulin","floor":14,"turns":19}],"seed_played":"-622121409715362580","potions_obtained":[{"floor":7,"key":"Energy Potion"}],"is_trial":false,"path_per_floor":["M","?","?","T","?","R","M","R","T","R","M","M","M","E"],"character_chosen":"THE_SILENT","items_purchased":[],"campfire_rested":1,"item_purchase_floors":[],"current_hp_per_floor":[69,62,62,62,62,62,56,56,56,70,68,68,68,12],"gold":126,"neow_bonus":"THREE_CARDS","is_prod":false,"is_daily":false,"chose_seed":false,"campfire_upgraded":1,"win_rate":0,"timestamp":1551163951,"path_taken":["M","?","?","?","?","R","M","R","T","R","?","M","M","E"],"build_version":"2019-01-23","purchased_purges":0,"victory":false,"max_hp_per_floor":[70,70,70,70,70,70,70,70,70,70,70,70,70,70],"card_choices":[{"not_picked":["Prepared","Quick Slash"],"picked":"Cloak And Dagger","floor":1},{"not_picked":["Quick Slash","Slice"],"picked":"PiercingWail","floor":7},{"not_picked":["Cloak And Dagger","Outmaneuver"],"picked":"Escape Plan","floor":11},{"not_picked":["Bullet Time","Deadly Poison"],"picked":"Footwork","floor":12},{"not_picked":["Backflip","Choke","Crippling Poison"],"picked":"SKIP","floor":13}],"player_experience":188249,"relics_obtained":[{"floor":4,"key":"Omamori"},{"floor":9,"key":"Ninja Scroll"}],"event_choices":[{"cards_removed":["Strike_G"],"damage_healed":0,"gold_gain":0,"player_choice":"Card Removal","damage_taken":7,"max_hp_gain":0,"max_hp_loss":0,"event_name":"Golden Wing","floor":2,"gold_loss":0},{"cards_removed":["Strike_G"],"damage_healed":0,"gold_gain":0,"player_choice":"Forget","damage_taken":0,"max_hp_gain":0,"max_hp_loss":0,"event_name":"Living Wall","floor":3,"gold_loss":0},{"cards_removed":["Strike_G"],"damage_healed":0,"gold_gain":0,"player_choice":"Card Removal","damage_taken":0,"max_hp_gain":0,"max_hp_loss":0,"event_name":"The Cleric","floor":5,"gold_loss":50}],"is_beta":false,"boss_relics":[],"items_purged_floors":[],"is_endless":false,"potions_floor_spawned":[7],"killed_by":"Lagavulin","ascension_level":0}