{"gold_per_floor":[114,114,133,133,152,177,177,211,236,295,295,351,5,15,15,113,113,124,137,137,154,154,154,69,69,96,2,21,33,33,48,48,153,153,167,167,183,62,78,78,98,98,98,112,112,126,126,126,126,126],"floor_reached":50,"playtime":4986,"items_purged":["Defend_B"],"score":477,"play_id":"84265cf3-f0ca-4ffb-8af5-f676282d3033","local_time":"20190224005656","is_ascension_mode":false,"campfire_choices":[{"data":"Rebound","floor":7.0,"key":"SMITH"},{"floor":11.0,"key":"REST"},{"data":"Gash","floor":15.0,"key":"SMITH"},{"data":"White Noise","floor":23,"key":"SMITH"},{"data":"Conserve Battery","floor":25,"key":"SMITH"},{"data":"White Noise","floor":32,"key":"SMITH"},{"floor":40,"key":"REST"},{"data":"Dualcast","floor":45,"key":"SMITH"},{"data":"Chrysalis","floor":49,"key":"SMITH"}],"neow_cost":"NONE","seed_source_timestamp":0,"circlet_count":0,"master_deck":["Defend_B","Defend_B","Zap+1","Dualcast+1","Cold Snap","Gash","Streamline","Rebound+1","Skim","Conserve Battery+1","Gash+1","All For One+1","Steam","Hologram","White Noise+1","Force Field","Force Field","Gash","White Noise+1","Coolheaded+1","Hologram+1","Conserve Battery","Leap+1","Writhe","Go for the Eyes+1","Self Repair","Gash+1","Beam Cell+1","Steam+1","Chrysalis+1"],"special_seed":0,"relics":["Cracked Core","Orichalcum","Blood Vial","Potion Belt","Ancient Tea Set","Bottled Flame","Astrolabe","Pen Nib","Smiling Mask","Nuclear Battery","Mummified Hand","Lantern"],"potions_floor_usage":[29,33,39,41,44,46,46,50,50,50,50],"damage_taken":[{"damage":0.0,"enemies":"Small Slimes","floor":1.0,"turns":3.0},{"damage":1.0,"enemies":"Jaw Worm","floor":3.0,"turns":3.0},{"damage":0.0,"enemies":"2 Louse","floor":5.0,"turns":2.0},{"damage":15.0,"enemies":"3 Sentries","floor":6.0,"turns":6.0},{"damage":9.0,"enemies":"Lagavulin","floor":8.0,"turns":5.0},{"damage":20.0,"enemies":"Lagavulin Event","floor":10.0,"turns":5.0},{"damage":0.0,"enemies":"2 Fungi Beasts","floor":14.0,"turns":2.0},{"damage":43.0,"enemies":"The Guardian","floor":16.0,"turns":7.0},{"damage":12.0,"enemies":"3 Byrds","floor":18.0,"turns":4.0},{"damage":0,"enemies":"Spheric Guardian","floor":19,"turns":3},{"damage":0,"enemies":"Chosen and Byrds","floor":21,"turns":3},{"damage":5,"enemies":"Centurion and Healer","floor":28,"turns":3},{"damage":10,"enemies":"Shelled Parasite and Fungi","floor":29,"turns":4},{"damage":5,"enemies":"Sentry and Sphere","floor":31,"turns":3},{"damage":26,"enemies":"Collector","floor":33,"turns":6},{"damage":13,"enemies":"3 Darklings","floor":35,"turns":4},{"damage":10,"enemies":"3 Shapes","floor":37,"turns":6},{"damage":39,"enemies":"Spire Growth","floor":39,"turns":5},{"damage":1,"enemies":"Transient","floor":41,"turns":5},{"damage":1,"enemies":"Maw","floor":44,"turns":5},{"damage":24,"enemies":"4 Shapes","floor":46,"turns":6},{"damage":84,"enemies":"Time Eater","floor":50,"turns":7}],"seed_played":"-6189640975004429916","potions_obtained":[{"floor":1.0,"key":"Ancient Potion"},{"floor":3.0,"key":"Weak Potion"},{"floor":6.0,"key":"Weak Potion"},{"floor":28,"key":"Weak Potion"},{"floor":31,"key":"Energy Potion"},{"floor":33,"key":"FearPotion"},{"floor":37,"key":"AttackPotion"},{"floor":39,"key":"FocusPotion"},{"floor":44,"key":"EntropicBrew"},{"floor":46,"key":"Energy Potion"}],"is_trial":false,"path_per_floor":["M","?","M","?","M","E","R","E","T","?","R","?","$","M","R","B",null,"M","M","?","M","?","R","?","R","T","$","M","M","$","M","R","B",null,"M","?","M","$","M","R","M","?","T","M","R","M","T","?","R","B"],"character_chosen":"DEFECT","items_purchased":["Gash","Bottled Flame","PowerPotion","Gash","White Noise","Self Repair"],"campfire_rested":2,"item_purchase_floors":[13,13,13,27,27,38],"current_hp_per_floor":[75,75,74,79,79,64,64,55,55,37,61,61,61,63,63,22,80,68,70,70,72,72,72,72,72,72,72,69,61,61,58,58,34,80,67,80,70,70,40,64,72,72,72,80,80,77,77,77,77,0],"gold":126,"neow_bonus":"REMOVE_CARD","is_prod":false,"is_daily":false,"chose_seed":false,"campfire_upgraded":7,"win_rate":0,"timestamp":1550987816,"path_taken":["M","?","M","?","M","E","R","E","T","?","R","?","$","M","R","BOSS","M","M","?","M","?","R","?","R","T","$","M","M","?","M","R","BOSS","M","?","M","$","M","R","M","?","T","M","R","M","?","?","R","BOSS"],"build_version":"2019-01-23","purchased_purges":1,"victory":false,"max_hp_per_floor":[75,75,75,80,80,80,80,80,80,80,80,80,80,80,80,80,80,80,80,80,80,80,80,80,80,80,80,80,80,80,80,80,80,80,80,80,80,80,80,80,80,80,80,80,80,80,80,80,80,80],"card_choices":[{"not_picked":["Sunder","Streamline"],"picked":"Cold Snap","floor":1.0},{"not_picked":["Steam","BootSequence"],"picked":"Gash","floor":3.0},{"not_picked":["Scrape","Ball Lightning"],"picked":"Streamline","floor":5.0},{"not_picked":["Sweeping Beam","Beam Cell"],"picked":"Rebound","floor":6.0},{"not_picked":["Darkness","Rip and Tear"],"picked":"Skim","floor":8.0},{"not_picked":["Steam","Compile Driver"],"picked":"Conserve Battery","floor":10.0},{"not_picked":["Force Field","Capacitor","Barrage"],"picked":"SKIP","floor":14.0},{"not_picked":["Tempest","Barrage"],"picked":"Steam","floor":18},{"not_picked":["Double Energy","Sunder"],"picked":"Hologram","floor":19},{"not_picked":["Compile Driver","Steam Power","Steam"],"picked":"SKIP","floor":21},{"not_picked":["Recycle","Reinforced Body"],"picked":"Coolheaded+1","floor":28},{"not_picked":["Stack","Coolheaded"],"picked":"Hologram+1","floor":29},{"not_picked":["Barrage+1","Consume"],"picked":"Conserve Battery","floor":31},{"not_picked":["Undo+1","Cold Snap+1"],"picked":"Leap+1","floor":35},{"not_picked":["Redo+1","Barrage"],"picked":"Go for the Eyes+1","floor":37},{"not_picked":["Rebound","Defragment+1"],"picked":"Gash+1","floor":39},{"not_picked":["Hyperbeam","Ball Lightning+1"],"picked":"Beam Cell+1","floor":41},{"not_picked":["Hologram+1","Ball Lightning+1"],"picked":"Steam+1","floor":44},{"not_picked":["Capacitor","Heatsinks+1","Conserve Battery"],"picked":"SKIP","floor":46},{"not_picked":["Sadistic Nature","Dark Shackles"],"picked":"Chrysalis","floor":48}],"player_experience":161124,"relics_obtained":[{"floor":6.0,"key":"Orichalcum"},{"floor":8.0,"key":"Blood Vial"},{"floor":9.0,"key":"Potion Belt"},{"floor":10.0,"key":"Ancient Tea Set"},{"floor":26,"key":"Smiling Mask"},{"floor":43,"key":"Mummified Hand"},{"floor":47,"key":"Lantern"}],"event_choices":[{"damage_healed":0.0,"max_hp_gain":0.0,"max_hp_loss":0.0,"gold_gain":0.0,"event_name":"Living Wall","player_choice":"Grow","floor":2.0,"gold_loss":0.0,"damage_taken":0.0,"cards_upgraded":["Zap"]},{"damage_healed":0.0,"max_hp_gain":5.0,"max_hp_loss":0.0,"gold_gain":0.0,"event_name":"Big Fish","player_choice":"Donut","floor":4.0,"gold_loss":0.0,"damage_taken":0.0},{"damage_healed":0.0,"max_hp_gain":0.0,"max_hp_loss":0.0,"gold_gain":0.0,"event_name":"Dead Adventurer","player_choice":"Searched \u00271\u0027 times","floor":10.0,"gold_loss":0.0,"damage_taken":0.0},{"damage_healed":0.0,"max_hp_gain":0.0,"max_hp_loss":0.0,"gold_gain":56.0,"event_name":"Golden Wing","player_choice":"Gained Gold","floor":12.0,"gold_loss":0.0,"damage_taken":0.0},{"damage_healed":0,"gold_gain":0,"player_choice":"Read","damage_taken":0,"max_hp_gain":0,"max_hp_loss":0,"event_name":"The Library","floor":20,"gold_loss":0,"cards_obtained":["White Noise"]},{"damage_healed":0,"gold_gain":0,"cards_transformed":["Thunder Strike","Defend_B"],"player_choice":"Became Test Subject","damage_taken":0,"max_hp_gain":0,"max_hp_loss":0,"event_name":"Drug Dealer","floor":22,"gold_loss":0,"cards_obtained":["Force Field","Force Field"]},{"damage_healed":0,"gold_gain":0,"player_choice":"Obtained Relic","damage_taken":0,"relics_obtained":["Pen Nib"],"max_hp_gain":0,"max_hp_loss":0,"event_name":"Addict","floor":24,"gold_loss":85},{"damage_healed":20,"gold_gain":0,"player_choice":"Writhe","damage_taken":0,"max_hp_gain":0,"max_hp_loss":0,"event_name":"Winding Halls","floor":36,"gold_loss":0,"cards_obtained":["Writhe"]},{"cards_removed":["Turbo"],"damage_healed":0,"gold_gain":0,"player_choice":"Removed Skill","damage_taken":0,"max_hp_gain":0,"max_hp_loss":0,"event_name":"Falling","floor":42,"gold_loss":0},{"damage_healed":0,"gold_gain":0,"player_choice":"Memory 1","damage_taken":0,"max_hp_gain":0,"max_hp_loss":0,"event_name":"SensoryStone","floor":48,"gold_loss":0}],"is_beta":false,"boss_relics":[{"not_picked":["Velvet Choker","Inserter"],"picked":"Astrolabe"},{"not_picked":["Philosopher\u0027s Stone","Runic Dome"],"picked":"Nuclear Battery"}],"items_purged_floors":[38],"is_endless":false,"potions_floor_spawned":[1,3,6,28,31,33,37,39,44,46],"killed_by":"Time Eater","ascension_level":0}