{"gold_per_floor":[110,130,150,168,186,186,202,202,202,232,232,249,20,20,20,115,115,130,60,60,111,111,111,136,151,151,167,183,147,147,164,164,164],"floor_reached":33,"playtime":3136,"items_purged":[],"score":359,"play_id":"a931dc1b-ed26-411a-9124-66a1c593109f","local_time":"20181030212107","is_ascension_mode":true,"campfire_choices":[{"data":"Consume","floor":6.0,"key":"SMITH"},{"floor":8.0,"key":"REST"},{"floor":15.0,"key":"REST"},{"data":"Capacitor","floor":23.0,"key":"SMITH"},{"floor":32,"key":"REST"}],"neow_cost":"NONE","seed_source_timestamp":160064854671842,"circlet_count":0,"master_deck":["Strike_B+1","Strike_B+1","Strike_B+1","Strike_B+1","Defend_B+1","Defend_B+1","Defend_B+1","Defend_B+1","Zap","Dualcast","Redo","Consume+1","Genetic Algorithm","Cold Snap","Glacier+1","Parasite","Ball Lightning","Self Repair","Melter","Thunder Strike","Leap","Leap","Sweeping Beam","Go for the Eyes","Doom and Gloom","Streamline+1","Capacitor+1","Melter+1","Ball Lightning","Loop","Ghostly","Ghostly","Ghostly","Ghostly","Ghostly"],"special_seed":0,"relics":["Cracked Core","Letter Opener","Blood Vial","Tiny Chest","War Paint","Orrery","Juzu Bracelet","Unceasing Top","Lantern"],"potions_floor_usage":[24,24,24,25],"damage_taken":[{"damage":0.0,"enemies":"Cultist","floor":1.0,"turns":2.0},{"damage":1.0,"enemies":"2 Louse","floor":2.0,"turns":3.0},{"damage":6.0,"enemies":"Small Slimes","floor":3.0,"turns":4.0},{"damage":16.0,"enemies":"3 Louse","floor":4.0,"turns":3.0},{"damage":5.0,"enemies":"2 Fungi Beasts","floor":5.0,"turns":4.0},{"damage":5.0,"enemies":"Exordium Wildlife","floor":7.0,"turns":3.0},{"damage":48.0,"enemies":"Gremlin Nob","floor":10.0,"turns":5.0},{"damage":10.0,"enemies":"Large Slime","floor":12.0,"turns":5.0},{"damage":4.0,"enemies":"The Guardian","floor":16.0,"turns":13.0},{"damage":35.0,"enemies":"Shell Parasite","floor":18.0,"turns":6.0},{"damage":63,"enemies":"Gremlin Leader","floor":24,"turns":11},{"damage":11,"enemies":"3 Byrds","floor":25,"turns":7},{"damage":2,"enemies":"Snecko","floor":27,"turns":3},{"damage":14,"enemies":"Snake Plant","floor":28,"turns":8},{"damage":8,"enemies":"Centurion and Healer","floor":31,"turns":10},{"damage":30,"enemies":"Collector","floor":33,"turns":9}],"seed_played":"1051905179765140391","potions_obtained":[{"floor":2.0,"key":"PowerPotion"},{"floor":4.0,"key":"Weak Potion"},{"floor":7.0,"key":"Weak Potion"},{"floor":10.0,"key":"Fire Potion"},{"floor":24,"key":"Weak Potion"},{"floor":25,"key":"FairyPotion"}],"is_trial":false,"path_per_floor":["M","M","M","M","M","R","M","R","T","E","?","M","$","?","R","B",null,"M","$","?","T","?","R","E","M","T","M","M","$","?","M","R"],"character_chosen":"DEFECT","items_purchased":["Self Repair","Tiny Chest","Melter","Capacitor","Loop"],"campfire_rested":3,"item_purchase_floors":[13,13,13,19,29],"current_hp_per_floor":[75,74,68,52,47,47,42,64,64,16,34,26,26,26,48,46,75,40,40,40,40,65,65,11,9,9,9,12,12,12,13,24,0],"gold":164,"neow_bonus":"THREE_CARDS","is_prod":false,"is_daily":false,"chose_seed":false,"campfire_upgraded":2,"win_rate":0,"timestamp":1540948867,"path_taken":["M","?","M","M","M","R","M","R","T","E","?","M","$","?","R","BOSS","M","$","?","?","?","R","E","M","T","M","M","$","?","M","R","BOSS"],"build_version":"2018-10-25v2","purchased_purges":0,"victory":false,"max_hp_per_floor":[75,75,75,75,75,75,75,75,75,75,75,75,75,75,75,75,75,75,75,75,75,75,75,75,75,75,75,75,75,37,37,37,37],"card_choices":[{"not_picked":["Steam","Beam Cell"],"picked":"Redo","floor":1.0},{"not_picked":["Conserve Battery","Barrage"],"picked":"Consume","floor":2.0},{"not_picked":["Steam","Multi-Cast"],"picked":"Genetic Algorithm","floor":3.0},{"not_picked":["Darkness","Streamline"],"picked":"Cold Snap","floor":4.0},{"not_picked":["Compile Driver","Heatsinks","Steam"],"picked":"SKIP","floor":5.0},{"not_picked":["Auto Shields","Go for the Eyes"],"picked":"Glacier","floor":7.0},{"not_picked":["Glacier","Tempest","Hyperbeam"],"picked":"SKIP","floor":10.0},{"not_picked":["Aggregate","Redo"],"picked":"Ball Lightning","floor":12.0},{"not_picked":["Multi-Cast","Reboot"],"picked":"Thunder Strike","floor":16.0},{"not_picked":["Turbo","Steam"],"picked":"Leap","floor":17.0},{"not_picked":["Stack","Reinforced Body"],"picked":"Leap","floor":17.0},{"not_picked":["Hologram","Undo"],"picked":"Sweeping Beam","floor":17.0},{"not_picked":["Cold Snap","Coolheaded"],"picked":"Go for the Eyes","floor":17.0},{"not_picked":["Rebound","Fusion"],"picked":"Doom and Gloom","floor":17.0},{"not_picked":["Rebound","Thunder Strike"],"picked":"Streamline+1","floor":18.0},{"not_picked":["Storm+1","Beam Cell+1"],"picked":"Melter+1","floor":24},{"not_picked":["Storm+1","Barrage"],"picked":"Ball Lightning","floor":25},{"not_picked":["Beam Cell","Turbo","Steam"],"picked":"SKIP","floor":27},{"not_picked":["Redo","Stack","Gash"],"picked":"SKIP","floor":28},{"not_picked":["Glacier","Ball Lightning+1","Core Surge"],"picked":"SKIP","floor":31}],"player_experience":132409,"relics_obtained":[{"floor":9.0,"key":"Letter Opener"},{"floor":10.0,"key":"Blood Vial"},{"floor":21.0,"key":"Juzu Bracelet"},{"floor":24,"key":"Unceasing Top"},{"floor":26,"key":"Lantern"}],"event_choices":[{"damage_healed":18.0,"max_hp_gain":0.0,"max_hp_loss":0.0,"gold_gain":0.0,"event_name":"Mushrooms","player_choice":"Healed and dodged fight","floor":11.0,"gold_loss":0.0,"damage_taken":0.0,"cards_obtained":["Parasite"]},{"damage_healed":0.0,"max_hp_gain":0.0,"max_hp_loss":0.0,"gold_gain":0.0,"event_name":"Dead Adventurer","player_choice":"Searched \u00271\u0027 times","floor":14.0,"gold_loss":0.0,"damage_taken":0.0,"relics_obtained":["War Paint"]},{"damage_healed":0.0,"max_hp_gain":0.0,"max_hp_loss":0.0,"gold_gain":0.0,"event_name":"Back to Basics","player_choice":"Simplicity","floor":20.0,"gold_loss":0.0,"damage_taken":0.0,"cards_upgraded":["Strike_B","Strike_B","Strike_B","Strike_B","Defend_B","Defend_B","Defend_B"]},{"damage_healed":25.0,"max_hp_gain":0.0,"max_hp_loss":0.0,"gold_gain":0.0,"event_name":"The Library","player_choice":"Heal","floor":22.0,"gold_loss":0.0,"damage_taken":0.0},{"damage_healed":0,"gold_gain":0,"player_choice":"Became a Ghost","damage_taken":0,"max_hp_gain":0,"max_hp_loss":38,"event_name":"Ghosts","floor":30,"gold_loss":0,"cards_obtained":["Ghostly","Ghostly","Ghostly","Ghostly","Ghostly"]}],"is_beta":false,"boss_relics":[{"not_picked":["Black Star","Eternal Feather"],"picked":"Orrery"}],"items_purged_floors":[],"is_endless":false,"potions_floor_spawned":[2,4,7,10,16,24,25],"killed_by":"Collector","ascension_level":3}