{"path_per_floor":["M","?","M","$","M","R","E","M","T","?","M","R","M","$","R","B",null,"M","?","?","M","M","R"],"character_chosen":"IRONCLAD","items_purchased":["Feel No Pain","True Grit"],"gold_per_floor":[113,113,125,58,70,70,98,109,109,89,107,107,119,21,21,119,119,132,132,132,142,157,157,157],"floor_reached":24,"campfire_rested":0,"playtime":1467,"current_hp_per_floor":[80,64,70,70,76,76,62,68,68,68,62,62,65,65,65,77,80,80,80,56,56,56,56,0],"items_purged":["Defend_R"],"gold":157,"score":274,"play_id":"220a493e-7bb6-4d89-a86d-039ee36b8810","local_time":"20180412150751","is_prod":false,"is_daily":false,"is_ascension_mode":false,"campfire_upgraded":4,"timestamp":1523542071,"path_taken":["M","?","M","$","M","R","E","M","T","?","M","R","M","?","R","BOSS","M","?","?","M","?","R","E"],"build_version":"2018-04-05v2","purchased_purges":1,"victory":false,"master_deck":["Defend_R","Defend_R","Bash+1","Barricade+1","Shrug It Off","Headbutt+1","Feel No Pain","Rage","Shrug It Off","Flame Barrier","Power Through+1","Feel No Pain","True Grit+1","Limit Break","Spot Weakness+1","Body Slam","Bite","Bite","Bite","Bite","Bite","Twin Strike+1","Intimidate+1"],"max_hp_per_floor":[80,80,80,80,80,80,80,80,80,80,80,80,80,80,80,80,80,80,80,56,56,56,56,56],"relics":["Burning Blood","Ice Cream","Bird Faced Urn","Mark of Pain"],"card_choices":[{"not_picked":["Warcry","Hemokinesis"],"picked":"Shrug It Off","floor":1},{"not_picked":["Flex","Perfected Strike"],"picked":"Headbutt","floor":3},{"not_picked":["Pommel Strike","Flex"],"picked":"Rage","floor":5},{"not_picked":["Perfected Strike","Reckless Charge"],"picked":"Shrug It Off","floor":7},{"not_picked":["Rampage","Spot Weakness"],"picked":"Flame Barrier","floor":8},{"not_picked":["Perfected Strike","True Grit"],"picked":"Power Through","floor":11},{"not_picked":["Rupture","Impervious"],"picked":"Feel No Pain","floor":13},{"not_picked":["Bludgeon","Fiend Fire"],"picked":"Limit Break","floor":16},{"not_picked":["Rupture","Twin Strike"],"picked":"Spot Weakness","floor":18},{"not_picked":["Second Wind","Sword Boomerang"],"picked":"Twin Strike","floor":21},{"not_picked":["Rupture","Perfected Strike"],"picked":"Intimidate","floor":22}],"player_experience":23850,"potions_floor_usage":[16,16],"damage_taken":[{"damage":0,"enemies":"2 Louse","floor":1,"turns":2},{"damage":0,"enemies":"Small Slimes","floor":3,"turns":4},{"damage":0,"enemies":"Cultist","floor":5,"turns":3},{"damage":20,"enemies":"3 Sentries","floor":7,"turns":9},{"damage":0,"enemies":"2 Fungi Beasts","floor":8,"turns":3},{"damage":16,"enemies":"Gremlin Gang","floor":11,"turns":7},{"damage":5,"enemies":"Blue Slaver","floor":13,"turns":4},{"damage":0,"enemies":"The Guardian","floor":16,"turns":20},{"damage":0,"enemies":"Chosen","floor":18,"turns":10},{"damage":16,"enemies":"Spheric Guardian","floor":21,"turns":7},{"damage":10,"enemies":"Centurion and Healer","floor":22,"turns":5},{"damage":75,"enemies":"Gremlin Leader","floor":24,"turns":7}],"event_choices":[{"event_name":"Shining Light","player_choice":"Entered Light","floor":2,"damage_taken":0},{"event_name":"The Woman in Blue","player_choice":"Bought 1 Potion","floor":10,"damage_taken":0},{"event_name":"The Library","player_choice":"Read","floor":19,"damage_taken":0},{"event_name":"Vampires","player_choice":"Became a vampire","floor":20,"damage_taken":0}],"boss_relics":[{"not_picked":["Lizard Tail","White Beast Statue"],"picked":"Mark of Pain"}],"potions_floor_spawned":[7,8,16,22],"seed_played":"-2126059950420456579","killed_by":"Gremlin Leader","ascension_level":0,"is_trial":false}