{"gold_per_floor":[115,115,40,40,61,95,95,134,134,150,169,190,190,190,190,190],"floor_reached":16,"playtime":250,"items_purged":["Regret"],"score":257,"play_id":"6aa86c85-ded9-4480-b136-a63317313ec5","local_time":"20190203230512","is_ascension_mode":true,"campfire_choices":[{"data":"Zap","floor":7,"key":"SMITH"},{"floor":15,"key":"REST"}],"neow_cost":"NONE","seed_source_timestamp":1163131680993641,"circlet_count":0,"master_deck":["AscendersBane","Strike_B","Strike_B","Strike_B","Strike_B","Defend_B","Defend_B","Defend_B","Defend_B","Zap+1","Dualcast","Ball Lightning","Hello World","Leap","Genetic Algorithm","Cold Snap","Self Repair","Auto Shields"],"relics":["Cracked Core","NeowsBlessing","Blue Candle","Golden Idol","Centennial Puzzle","Bottled Flame","Regal Pillow"],"potions_floor_usage":[],"damage_taken":[{"damage":0,"enemies":"Small Slimes","floor":1,"turns":1},{"damage":0,"enemies":"Jaw Worm","floor":5,"turns":1},{"damage":0,"enemies":"Gremlin Nob","floor":6,"turns":1},{"damage":38,"enemies":"Lagavulin","floor":8,"turns":8},{"damage":0,"enemies":"Cultist","floor":10,"turns":3},{"damage":8,"enemies":"Lots of Slimes","floor":11,"turns":4},{"damage":8,"enemies":"Large Slime","floor":12,"turns":5},{"damage":0,"enemies":"Hexaghost","floor":16,"turns":1}],"seed_played":"-6098633450893125586","potions_obtained":[{"floor":5,"key":"GamblersBrew"},{"floor":8,"key":"Fire Potion"}],"is_trial":false,"path_per_floor":["M","?","$","?","M","E","R","E","T","M","M","M","?","$","R","B"],"character_chosen":"DEFECT","items_purchased":[],"campfire_rested":1,"item_purchase_floors":[],"current_hp_per_floor":[64,64,64,64,64,64,64,26,26,26,18,17,17,17,51,51],"gold":190,"neow_bonus":"THREE_ENEMY_KILL","is_prod":false,"is_daily":false,"chose_seed":false,"campfire_upgraded":1,"win_rate":0,"timestamp":1549227912,"path_taken":["M","?","$","?","M","E","R","E","T","M","M","M","?","?","R","BOSS"],"build_version":"2019-01-23","purchased_purges":1,"victory":false,"max_hp_per_floor":[71,71,71,64,64,64,64,64,64,64,64,64,64,64,64,64],"card_choices":[{"not_picked":["Conserve Battery","Rebound"],"picked":"Ball Lightning","floor":1},{"not_picked":["Lockon","Gash"],"picked":"Hello World","floor":5},{"not_picked":["Sweeping Beam","Turbo"],"picked":"Leap","floor":6},{"not_picked":["FTL","Cold Snap"],"picked":"Genetic Algorithm","floor":8},{"not_picked":["Scrape","Gash"],"picked":"Cold Snap","floor":10},{"not_picked":["Turbo","Conserve Battery"],"picked":"Self Repair","floor":11},{"not_picked":["Compile Driver","Fusion"],"picked":"Auto Shields","floor":12}],"player_experience":179573,"relics_obtained":[{"floor":6,"key":"Centennial Puzzle"},{"floor":8,"key":"Bottled Flame"},{"floor":9,"key":"Regal Pillow"}],"event_choices":[{"damage_healed":0,"gold_gain":0,"player_choice":"Box","damage_taken":0,"relics_obtained":["Blue Candle"],"max_hp_gain":0,"max_hp_loss":0,"event_name":"Big Fish","floor":2,"gold_loss":0,"cards_obtained":["Regret"]},{"damage_healed":0,"gold_gain":0,"player_choice":"Lose Max HP","damage_taken":0,"relics_obtained":["Golden Idol"],"max_hp_gain":0,"max_hp_loss":7,"event_name":"Golden Idol","floor":4,"gold_loss":0},{"damage_healed":0,"gold_gain":0,"player_choice":"Ignored","damage_taken":0,"max_hp_gain":0,"max_hp_loss":0,"event_name":"Liars Game","floor":13,"gold_loss":0}],"is_beta":false,"boss_relics":[],"items_purged_floors":[3],"is_endless":false,"potions_floor_spawned":[5,8,12],"killed_by":"Hexaghost","ascension_level":18}