{"gold_per_floor":[112,15,28,28,41,41,61,74,130,130,130,12,12,27,27,132,132,148,3,13,13,13,13,13,13,13,13,13,46,46,57,57,154,154,174,174,97,113,128,128,228,228,253,253,273,273,273,301,301,301],"floor_reached":50,"playtime":1412,"items_purged":["Strike_R"],"score":476,"play_id":"992f6a0f-f8cb-40aa-8d63-4271ab79c8ce","local_time":"20190218025253","is_ascension_mode":false,"campfire_choices":[{"data":"Inflame","floor":6,"key":"SMITH"},{"data":"Sword Boomerang","floor":13,"key":"SMITH"},{"data":"Sword Boomerang","floor":15,"key":"SMITH"},{"data":"Juggernaut","floor":23,"key":"SMITH"},{"data":"Metallicize","floor":25,"key":"SMITH"},{"data":"Flex","floor":27,"key":"SMITH"},{"data":"Battle Trance","floor":32,"key":"SMITH"},{"data":"Juggernaut","floor":40,"key":"SMITH"},{"floor":44,"key":"DIG"},{"floor":47,"key":"DIG"},{"floor":49,"key":"REST"}],"neow_cost":"NONE","seed_source_timestamp":6588257015556,"circlet_count":0,"master_deck":["Strike_R+1","Strike_R+1","Strike_R+1","Defend_R+1","Defend_R+1","Defend_R+1","Defend_R+1","Bash","Battle Trance+1","Headbutt","Inflame+1","Sword Boomerang+1","Shrug It Off","Iron Wave","Metallicize+1","Sword Boomerang+1","Shrug It Off","Juggernaut+1","Flex+1","Offering","Fiend Fire","Second Wind+1","Juggernaut+1","Pummel","Feel No Pain","Iron Wave+1","Magnetism","Panache","Master of Strategy","Metallicize+1"],"relics":["Burning Blood","NeowsBlessing","Tiny Chest","Anchor","Eternal Feather","Vajra","Bottled Lightning","Ornamental Fan","Oddly Smooth Stone","Letter Opener","White Beast Statue","Shovel","Omamori","The Courier","Gremlin Horn","Happy Flower"],"potions_floor_usage":[29,33,38,38,45,50,50,50],"damage_taken":[{"damage":0,"enemies":"2 Louse","floor":1,"turns":1},{"damage":0,"enemies":"Cultist","floor":3,"turns":1},{"damage":0,"enemies":"Jaw Worm","floor":5,"turns":1},{"damage":27,"enemies":"Exordium Thugs","floor":7,"turns":4},{"damage":3,"enemies":"2 Fungi Beasts","floor":8,"turns":4},{"damage":2,"enemies":"Looter","floor":14,"turns":3},{"damage":18,"enemies":"The Guardian","floor":16,"turns":10},{"damage":4,"enemies":"Shell Parasite","floor":18,"turns":4},{"damage":15,"enemies":"2 Thieves","floor":20,"turns":5},{"damage":41,"enemies":"Gremlin Leader","floor":29,"turns":8},{"damage":6,"enemies":"Cultist and Chosen","floor":31,"turns":4},{"damage":29,"enemies":"Collector","floor":33,"turns":6},{"damage":6,"enemies":"Orb Walker","floor":35,"turns":4},{"damage":18,"enemies":"3 Darklings","floor":38,"turns":4},{"damage":25,"enemies":"Sphere and 2 Shapes","floor":39,"turns":5},{"damage":14,"enemies":"Mind Bloom Boss Battle","floor":41,"turns":7},{"damage":22,"enemies":"Jaw Worm Horde","floor":45,"turns":5},{"damage":39,"enemies":"Reptomancer","floor":48,"turns":6},{"damage":75,"enemies":"Awakened One","floor":50,"turns":11}],"seed_played":"-7909434624412203709","potions_obtained":[{"floor":1,"key":"Regen Potion"},{"floor":8,"key":"Swift Potion"},{"floor":31,"key":"SteroidPotion"},{"floor":33,"key":"LiquidBronze"},{"floor":35,"key":"Ancient Potion"},{"floor":36,"key":"EssenceOfSteel"},{"floor":38,"key":"Dexterity Potion"},{"floor":39,"key":"GamblersBrew"},{"floor":45,"key":"GamblersBrew"},{"floor":48,"key":"Strength Potion"}],"is_trial":false,"path_per_floor":["M","$","M","?","M","R","M","M","T","$","?","$","R","M","R","B",null,"M","$","M","T","?","R","$","R","T","R","?","E","T","M","R","B",null,"M","?","$","M","M","R","?","?","T","R","M","?","R","E","R","B"],"character_chosen":"IRONCLAD","items_purchased":["Headbutt","Metallicize","Sword Boomerang","Vajra","Feel No Pain"],"campfire_rested":1,"item_purchase_floors":[2,12,12,19,37],"current_hp_per_floor":[80,80,80,80,80,80,59,62,62,62,62,62,62,66,66,54,80,80,80,71,71,71,80,80,80,80,80,80,45,45,45,57,34,80,80,80,80,68,49,64,56,56,56,71,55,45,60,27,69,0],"gold":301,"neow_bonus":"THREE_ENEMY_KILL","is_prod":false,"is_daily":false,"chose_seed":false,"campfire_upgraded":8,"win_rate":0,"timestamp":1550479973,"path_taken":["M","$","M","?","?","R","M","M","T","?","?","$","R","M","R","BOSS","M","$","M","?","?","R","$","R","T","R","?","E","?","M","R","BOSS","M","?","$","?","M","R","?","?","T","R","M","?","R","E","R","BOSS"],"build_version":"2019-01-23","purchased_purges":1,"victory":false,"max_hp_per_floor":[80,80,80,80,80,80,80,80,80,80,80,80,80,80,80,80,80,80,80,80,80,80,80,80,80,80,80,80,80,80,80,80,80,80,80,80,80,80,80,80,80,80,80,80,80,80,80,80,80,80],"card_choices":[{"not_picked":["Anger","True Grit"],"picked":"Battle Trance","floor":1},{"not_picked":["Twin Strike","Clothesline"],"picked":"Inflame","floor":3},{"not_picked":["Body Slam","Reaper"],"picked":"Sword Boomerang","floor":5},{"not_picked":["Havoc","Thunderclap"],"picked":"Shrug It Off","floor":7},{"not_picked":["Body Slam","Bloodletting"],"picked":"Iron Wave","floor":8},{"not_picked":["Heavy Blade","Pommel Strike"],"picked":"Shrug It Off","floor":14},{"not_picked":["Exhume","Fiend Fire"],"picked":"Juggernaut","floor":16},{"not_picked":["Clash+1","Second Wind","True Grit"],"picked":"SKIP","floor":18},{"not_picked":["Headbutt","Cleave+1"],"picked":"Flex","floor":20},{"not_picked":["Twin Strike","Iron Wave"],"picked":"Fiend Fire","floor":29},{"not_picked":["Rage","Cleave"],"picked":"Second Wind+1","floor":31},{"not_picked":["Offering","Feed"],"picked":"Juggernaut","floor":33},{"not_picked":["Body Slam","Thunderclap"],"picked":"Pummel","floor":35},{"not_picked":["Headbutt","Cleave+1","Thunderclap"],"picked":"SKIP","floor":38},{"not_picked":["Clash","Warcry+1","Sword Boomerang"],"picked":"SKIP","floor":39},{"not_picked":["Blood for Blood+1","Evolve"],"picked":"Iron Wave+1","floor":45},{"not_picked":["Violence","Apotheosis"],"picked":"Magnetism","floor":46},{"not_picked":["Master of Strategy","Finesse"],"picked":"Panache","floor":46},{"not_picked":["Deep Breath","Dramatic Entrance"],"picked":"Master of Strategy","floor":46},{"not_picked":["Iron Wave","True Grit+1"],"picked":"Metallicize+1","floor":48}],"player_experience":867240,"relics_obtained":[{"floor":9,"key":"Tiny Chest"},{"floor":21,"key":"Bottled Lightning"},{"floor":26,"key":"Ornamental Fan"},{"floor":29,"key":"Oddly Smooth Stone"},{"floor":30,"key":"Letter Opener"},{"floor":41,"key":"Shovel"},{"floor":43,"key":"Omamori"},{"floor":44,"key":"The Courier"},{"floor":47,"key":"Gremlin Horn"},{"floor":48,"key":"Happy Flower"}],"event_choices":[{"cards_removed":["Strike_R"],"damage_healed":0,"gold_gain":0,"player_choice":"Offered Basic","damage_taken":0,"max_hp_gain":0,"max_hp_loss":0,"event_name":"Bonfire Elementals","floor":4,"gold_loss":0},{"damage_healed":0,"gold_gain":0,"player_choice":"Gave Potion","damage_taken":0,"relics_obtained":["Anchor"],"max_hp_gain":0,"max_hp_loss":0,"event_name":"WeMeetAgain","floor":11,"gold_loss":0},{"damage_healed":0,"gold_gain":0,"player_choice":"Read","damage_taken":0,"max_hp_gain":0,"max_hp_loss":0,"event_name":"The Library","floor":22,"gold_loss":0,"cards_obtained":["Offering"]},{"damage_healed":0,"gold_gain":0,"player_choice":"Simplicity","damage_taken":0,"max_hp_gain":0,"max_hp_loss":0,"event_name":"Back to Basics","floor":28,"gold_loss":0,"cards_upgraded":["Strike_R","Strike_R","Strike_R","Defend_R","Defend_R","Defend_R","Defend_R"]},{"damage_healed":0,"gold_gain":0,"player_choice":"Got Potions","damage_taken":0,"max_hp_gain":0,"max_hp_loss":0,"event_name":"Lab","floor":36,"gold_loss":0},{"damage_healed":0,"gold_gain":0,"player_choice":"Fight","damage_taken":0,"max_hp_gain":0,"max_hp_loss":0,"event_name":"MindBloom","floor":41,"gold_loss":0},{"damage_healed":0,"gold_gain":0,"player_choice":"Ignored","damage_taken":0,"max_hp_gain":0,"max_hp_loss":0,"event_name":"Mysterious Sphere","floor":42,"gold_loss":0},{"damage_healed":0,"gold_gain":0,"player_choice":"Memory 3","damage_taken":10,"max_hp_gain":0,"max_hp_loss":0,"event_name":"SensoryStone","floor":46,"gold_loss":0}],"is_beta":false,"boss_relics":[{"not_picked":["Empty Cage","Runic Cube"],"picked":"Eternal Feather"},{"not_picked":["Black Blood","Calling Bell"],"picked":"White Beast Statue"}],"items_purged_floors":[2],"is_endless":false,"potions_floor_spawned":[1,8,31,33,35,38,39,41,45,48],"killed_by":"Awakened One","ascension_level":0}