{"gold_per_floor":[118,166,166,176,176,176,208,208,238,313,345,345,363,381,381,484,484,496,510,510,510,143,143,177,22,45,45,45,45,80,107,107,210,210,224,224,446,465,480,480,490,490,513,315,315,350,367,396,396,396],"floor_reached":50,"playtime":3157,"items_purged":["Strike_R","Regret"],"score":700,"play_id":"67e34501-b36b-4539-832b-ed84cc6efa3d","local_time":"20190123014022","is_ascension_mode":true,"campfire_choices":[{"data":"Spot Weakness","floor":6,"key":"SMITH"},{"data":"Heavy Blade","floor":8,"key":"SMITH"},{"floor":15,"key":"REST"},{"data":"Inflame","floor":23,"key":"SMITH"},{"data":"Sentinel","floor":27,"key":"SMITH"},{"data":"Iron Wave","floor":32,"key":"SMITH"},{"data":"Bash","floor":40,"key":"SMITH"},{"data":"Thunderclap","floor":42,"key":"SMITH"},{"data":"Defend_R","floor":49,"key":"SMITH"}],"neow_cost":"TEN_PERCENT_HP_LOSS","seed_source_timestamp":909972802060859,"circlet_count":0,"master_deck":["Strike_R","Strike_R","Strike_R","Defend_R+1","Defend_R","Defend_R","Bash+1","Heavy Blade+1","Spot Weakness+1","Sentinel+1","Cleave","Inflame+1","Feed+1","Iron Wave+1","Sentinel+1","Thunderclap+1","Apotheosis+1","Whirlwind+1","Ghostly+1","Ghostly+1","Ghostly+1","Ghostly+1","Ghostly+1","Iron Wave+1","Flex+1","Warcry+1","Flex+1"],"relics":["Burning Blood","Pocketwatch","Juzu Bracelet","Matryoshka","Smiling Mask","Tiny Chest","Centennial Puzzle","Singing Bowl","Toxic Egg 2","Red Skull","Coffee Dripper","PreservedInsect","Shuriken","Oddly Smooth Stone","Boot","Red Mask","Vajra","Cursed Key","Blood Vial","Strawberry","Anchor"],"potions_floor_usage":[16,18,24,31,31,46,48,50,50],"damage_taken":[{"damage":1,"enemies":"Cultist","floor":1,"turns":3},{"damage":0,"enemies":"Small Slimes","floor":4,"turns":3},{"damage":20,"enemies":"3 Sentries","floor":7,"turns":5},{"damage":18,"enemies":"Gremlin Nob","floor":11,"turns":3},{"damage":2,"enemies":"Jaw Worm","floor":13,"turns":3},{"damage":2,"enemies":"Looter","floor":14,"turns":4},{"damage":36,"enemies":"Slime Boss","floor":16,"turns":7},{"damage":23,"enemies":"2 Thieves","floor":18,"turns":4},{"damage":0,"enemies":"Chosen","floor":19,"turns":3},{"damage":7,"enemies":"Book of Stabbing","floor":24,"turns":4},{"damage":0,"enemies":"Masked Bandits","floor":30,"turns":2},{"damage":3,"enemies":"Slavers","floor":31,"turns":6},{"damage":42,"enemies":"Automaton","floor":33,"turns":7},{"damage":0,"enemies":"3 Darklings","floor":35,"turns":1},{"damage":4,"enemies":"3 Shapes","floor":38,"turns":2},{"damage":3,"enemies":"3 Darklings","floor":39,"turns":3},{"damage":0,"enemies":"Maw","floor":41,"turns":6},{"damage":23,"enemies":"Reptomancer","floor":46,"turns":4},{"damage":0,"enemies":"Jaw Worm Horde","floor":47,"turns":4},{"damage":9,"enemies":"Nemesis","floor":48,"turns":3},{"damage":61,"enemies":"Donu and Deca","floor":50,"turns":8}],"seed_played":"-4218387364098380660","potions_obtained":[{"floor":7,"key":"Explosive Potion"},{"floor":13,"key":"Swift Potion"},{"floor":14,"key":"Weak Potion"},{"floor":16,"key":"SmokeBomb"},{"floor":18,"key":"Weak Potion"},{"floor":24,"key":"GamblersBrew"},{"floor":38,"key":"SkillPotion"},{"floor":39,"key":"Strength Potion"},{"floor":41,"key":"SkillPotion"},{"floor":48,"key":"Explosive Potion"}],"is_trial":false,"path_per_floor":["M","T","?","M","?","R","E","R","T","T","E","?","M","M","R","B",null,"M","M","?","?","$","R","E","$","T","R","$","?","?","E","R","B",null,"M","?","?","M","M","R","M","R","T","$","?","E","M","E","R","B"],"character_chosen":"IRONCLAD","items_purchased":["PreservedInsect","Apotheosis+1","Oddly Smooth Stone","Blood Vial"],"campfire_rested":1,"item_purchase_floors":[22,22,25,44],"current_hp_per_floor":[72,72,72,72,65,65,51,51,51,51,39,44,48,52,75,45,77,63,72,72,72,72,72,75,75,75,75,75,43,43,43,43,9,45,45,45,45,47,49,49,51,51,51,51,48,38,52,57,57,0],"gold":396,"neow_bonus":"ONE_RARE_RELIC","is_prod":false,"is_daily":false,"chose_seed":false,"campfire_upgraded":8,"win_rate":0,"timestamp":1548236422,"path_taken":["M","?","?","M","?","R","E","R","T","?","E","?","M","M","R","BOSS","M","M","?","?","?","R","E","$","T","R","$","?","?","E","R","BOSS","M","?","?","M","M","R","M","R","T","$","?","E","M","E","R","BOSS"],"build_version":"2019-01-17v2","purchased_purges":2,"victory":false,"max_hp_per_floor":[72,72,72,72,72,72,72,72,72,72,72,77,77,77,77,77,77,80,83,83,83,83,83,87,87,87,87,87,43,43,43,43,45,45,45,45,45,47,49,49,51,51,51,51,48,55,61,67,67,67],"card_choices":[{"not_picked":["Havoc","Disarm"],"picked":"Heavy Blade","floor":1},{"not_picked":["Dropkick","Dual Wield"],"picked":"Spot Weakness","floor":4},{"not_picked":["Uppercut","Body Slam"],"picked":"Sentinel","floor":7},{"not_picked":["Clothesline","Shrug It Off+1"],"picked":"Cleave","floor":11},{"not_picked":["Dropkick","Headbutt"],"picked":"Inflame","floor":13},{"not_picked":["Reckless Charge","Sword Boomerang"],"picked":"Thunderclap","floor":14},{"not_picked":["Exhume+1","Limit Break+1"],"picked":"Feed","floor":16},{"not_picked":["Havoc+1","Inflame"],"picked":"Iron Wave+1","floor":18},{"not_picked":["Combust","Disarm+1"],"picked":"Sentinel+1","floor":19},{"not_picked":["Inflame","Double Tap+1"],"picked":"Whirlwind+1","floor":24},{"not_picked":["Clothesline","Dropkick+1"],"picked":"Iron Wave","floor":30},{"not_picked":["Pommel Strike","Twin Strike+1"],"picked":"Flex+1","floor":31},{"not_picked":["Double Tap+1","Demon Form","Reaper"],"picked":"Singing Bowl","floor":33},{"not_picked":["Wild Strike+1","Fire Breathing"],"picked":"Warcry+1","floor":35},{"not_picked":["Carnage","Power Through+1","Havoc+1"],"picked":"Singing Bowl","floor":38},{"not_picked":["Wild Strike","Cleave+1","Iron Wave"],"picked":"Singing Bowl","floor":39},{"not_picked":["Entrench+1","Clothesline","Uppercut+1"],"picked":"Singing Bowl","floor":41},{"not_picked":["Bludgeon","Clash"],"picked":"Flex+1","floor":46},{"not_picked":["True Grit+1","Whirlwind","Wild Strike"],"picked":"Singing Bowl","floor":47},{"not_picked":["Searing Blow+1","Iron Wave+1","Perfected Strike"],"picked":"Singing Bowl","floor":48}],"player_experience":206732,"relics_obtained":[{"floor":2,"key":"Juzu Bracelet"},{"floor":7,"key":"Smiling Mask"},{"floor":9,"key":"Tiny Chest"},{"floor":9,"key":"Centennial Puzzle"},{"floor":10,"key":"Singing Bowl"},{"floor":10,"key":"Toxic Egg 2"},{"floor":11,"key":"Red Skull"},{"floor":24,"key":"Shuriken"},{"floor":26,"key":"Boot"},{"floor":30,"key":"Red Mask"},{"floor":31,"key":"Vajra"},{"floor":46,"key":"Strawberry"},{"floor":48,"key":"Anchor"}],"event_choices":[{"cards_removed":["Defend_R"],"damage_healed":0,"gold_gain":0,"player_choice":"Offered Basic","damage_taken":0,"max_hp_gain":0,"max_hp_loss":0,"event_name":"Bonfire Elementals","floor":3,"gold_loss":0},{"damage_healed":0,"gold_gain":0,"player_choice":"Success","damage_taken":7,"relics_obtained":["Matryoshka"],"max_hp_gain":0,"max_hp_loss":0,"event_name":"Scrap Ooze","floor":5,"gold_loss":0},{"damage_healed":0,"gold_gain":0,"player_choice":"Donut","damage_taken":0,"max_hp_gain":5,"max_hp_loss":0,"event_name":"Big Fish","floor":12,"gold_loss":0},{"damage_healed":0,"gold_gain":0,"cards_transformed":["Strike_R"],"player_choice":"Transformed","damage_taken":0,"max_hp_gain":0,"max_hp_loss":0,"event_name":"Transmorgrifier","floor":20,"gold_loss":0,"cards_obtained":["Thunderclap"]},{"damage_healed":0,"gold_gain":0,"player_choice":"Forge","damage_taken":0,"max_hp_gain":0,"max_hp_loss":0,"event_name":"Accursed Blacksmith","floor":21,"gold_loss":0,"cards_upgraded":["Feed"]},{"damage_healed":0,"gold_gain":0,"player_choice":"Became a Ghost","damage_taken":0,"max_hp_gain":0,"max_hp_loss":44,"event_name":"Ghosts","floor":29,"gold_loss":0,"cards_obtained":["Ghostly","Ghostly","Ghostly","Ghostly","Ghostly"]},{"damage_healed":0,"gold_gain":0,"player_choice":"Fought Bandits","damage_taken":0,"max_hp_gain":0,"max_hp_loss":0,"event_name":"Masked Bandits","floor":30,"gold_loss":0},{"cards_removed":["Thunderclap"],"damage_healed":0,"gold_gain":0,"player_choice":"Removed Attack","damage_taken":0,"max_hp_gain":0,"max_hp_loss":0,"event_name":"Falling","floor":36,"gold_loss":0},{"damage_healed":0,"gold_gain":222,"player_choice":"Wore Mask","damage_taken":0,"max_hp_gain":0,"max_hp_loss":0,"event_name":"Tomb of Lord Red Mask","floor":37,"gold_loss":0},{"damage_healed":0,"gold_gain":0,"player_choice":"Max HP","damage_taken":0,"max_hp_gain":0,"max_hp_loss":3,"event_name":"Winding Halls","floor":45,"gold_loss":0}],"is_beta":false,"boss_relics":[{"not_picked":["Black Blood","Astrolabe"],"picked":"Coffee Dripper"},{"not_picked":["Snecko Eye","Calling Bell"],"picked":"Cursed Key"}],"items_purged_floors":[22,44],"is_endless":false,"potions_floor_spawned":[7,13,14,16,18,24,38,39,41,48],"killed_by":"Donu and Deca","ascension_level":4}