{"gold_per_floor":[116,126,126,126,126,126,143,168,168,168,184,184,215,240,240,334,397,411,411,69,88,104,104,125,125,201,201,241,291,566,580,580,580],"floor_reached":33,"playtime":1412,"items_purged":["Strike_B"],"score":536,"play_id":"0f744d3b-2e20-4aba-9ecd-0840cd10f455","local_time":"20190213121013","is_ascension_mode":true,"campfire_choices":[{"data":"Dualcast","floor":6.0,"key":"SMITH"},{"floor":12.0,"key":"REST"},{"data":"Zap","floor":15.0,"key":"SMITH"},{"data":"Hologram","floor":23.0,"key":"SMITH"},{"data":"Hologram","floor":25.0,"key":"SMITH"},{"data":"Coolheaded","floor":27.0,"key":"SMITH"},{"data":"Echo Form","floor":32.0,"key":"SMITH"}],"neow_cost":"NONE","seed_source_timestamp":1986213658094769,"circlet_count":0,"master_deck":["AscendersBane","Strike_B","Strike_B","Strike_B+1","Defend_B","Defend_B","Defend_B","Defend_B","Zap+1","Dualcast+1","Conserve Battery","Hologram+1","Leap","Seek","Doom and Gloom","Conserve Battery","Ball Lightning","Echo Form+1","Cold Snap","Loop","Ghostly","Ghostly","Ghostly","Coolheaded+1","Hologram+1"],"special_seed":0,"relics":["Cracked Core","Boot","Emotion Chip","Meat on the Bone","Du-Vu Doll","Golden Idol","Omamori","Tiny House","Kunai","Pantograph","Frozen Egg 2"],"potions_floor_usage":[],"damage_taken":[{"damage":4.0,"enemies":"Jaw Worm","floor":1.0,"turns":4.0},{"damage":2.0,"enemies":"2 Louse","floor":2.0,"turns":4.0},{"damage":1.0,"enemies":"Cultist","floor":7.0,"turns":3.0},{"damage":41.0,"enemies":"Lagavulin","floor":8.0,"turns":10.0},{"damage":7.0,"enemies":"Large Slime","floor":11.0,"turns":4.0},{"damage":14.0,"enemies":"3 Sentries","floor":13.0,"turns":5.0},{"damage":0.0,"enemies":"Looter","floor":14.0,"turns":4.0},{"damage":24.0,"enemies":"The Guardian","floor":16.0,"turns":10.0},{"damage":15.0,"enemies":"2 Thieves","floor":18.0,"turns":3.0},{"damage":7.0,"enemies":"Shell Parasite","floor":21.0,"turns":6.0},{"damage":0.0,"enemies":"Sentry and Sphere","floor":22.0,"turns":6.0},{"damage":0.0,"enemies":"Snecko","floor":24.0,"turns":5.0},{"damage":21.0,"enemies":"Gremlin Leader","floor":28.0,"turns":10.0},{"damage":16.0,"enemies":"Cultist and Chosen","floor":31.0,"turns":7.0},{"damage":37,"enemies":"Automaton","floor":33,"turns":10}],"seed_played":"5438441416614956945","potions_obtained":[{"floor":7.0,"key":"SteroidPotion"},{"floor":11.0,"key":"Regen Potion"},{"floor":13.0,"key":"Swift Potion"},{"floor":14.0,"key":"AttackPotion"},{"floor":17.0,"key":"Poison Potion"},{"floor":21.0,"key":"PowerPotion"},{"floor":24.0,"key":"Weak Potion"}],"is_trial":false,"path_per_floor":["M","M","?","?","?","R","M","E","T","?","M","R","E","M","R","B",null,"M","?","$","M","M","R","M","R","T","R","E","?","?","M","R","B"],"character_chosen":"DEFECT","items_purchased":["Kunai"],"campfire_rested":1,"item_purchase_floors":[20],"current_hp_per_floor":[60,58,32,32,55,55,54,13,13,13,18,37,37,37,37,25,59,44,34,34,27,27,27,27,27,27,27,18,18,18,14,14,0],"gold":580,"neow_bonus":"RANDOM_COMMON_RELIC","is_prod":false,"is_daily":false,"chose_seed":false,"campfire_upgraded":6,"win_rate":0,"timestamp":1550052613,"path_taken":["M","M","?","?","?","R","M","E","T","?","?","R","E","M","R","BOSS","M","?","$","M","M","R","M","R","T","R","E","?","?","?","R","BOSS"],"build_version":"2019-01-23","purchased_purges":1,"victory":false,"max_hp_per_floor":[71,71,71,71,71,71,71,71,71,64,64,64,64,64,64,64,69,69,34,34,34,34,34,34,34,34,34,34,34,34,34,34,34],"card_choices":[{"not_picked":["Rebound","Darkness"],"picked":"Conserve Battery","floor":1.0},{"not_picked":["Turbo","Fusion"],"picked":"Hologram","floor":2.0},{"not_picked":["Stack","Turbo"],"picked":"Leap","floor":7.0},{"not_picked":["Tempest","Barrage"],"picked":"Seek","floor":8.0},{"not_picked":["Leap","Steam Power"],"picked":"Doom and Gloom","floor":11.0},{"not_picked":["Hologram","Blizzard"],"picked":"Conserve Battery","floor":13.0},{"not_picked":["Rebound","Go for the Eyes"],"picked":"Ball Lightning","floor":14.0},{"not_picked":["Reboot","Rainbow"],"picked":"Echo Form","floor":16.0},{"not_picked":["Rebound","Reprogram"],"picked":"Cold Snap","floor":17.0},{"not_picked":["Turbo","Genetic Algorithm"],"picked":"Loop","floor":18.0},{"not_picked":["Darkness+1","Ball Lightning"],"picked":"Coolheaded","floor":21.0},{"not_picked":["Cold Snap","Gash"],"picked":"Hologram","floor":22.0},{"not_picked":["Double Energy","Leap","Ball Lightning"],"picked":"SKIP","floor":24.0},{"not_picked":["Reinforced Body","Streamline","Turbo"],"picked":"SKIP","floor":28.0},{"not_picked":["Lockon","Aggregate","Reinforced Body"],"picked":"SKIP","floor":31.0}],"player_experience":190498,"relics_obtained":[{"floor":8.0,"key":"Meat on the Bone"},{"floor":9.0,"key":"Du-Vu Doll"},{"floor":13.0,"key":"Omamori"},{"floor":26.0,"key":"Pantograph"},{"floor":28.0,"key":"Frozen Egg 2"}],"event_choices":[{"damage_healed":0.0,"max_hp_gain":0.0,"max_hp_loss":0.0,"gold_gain":0.0,"event_name":"Scrap Ooze","player_choice":"Success","floor":3.0,"gold_loss":0.0,"damage_taken":26.0,"relics_obtained":["Emotion Chip"]},{"damage_healed":0.0,"max_hp_gain":0.0,"max_hp_loss":0.0,"gold_gain":0.0,"event_name":"Golden Wing","player_choice":"Ignored","floor":4.0,"gold_loss":0.0,"damage_taken":0.0},{"damage_healed":23.0,"max_hp_gain":0.0,"max_hp_loss":0.0,"gold_gain":0.0,"event_name":"Big Fish","player_choice":"Banana","floor":5.0,"gold_loss":0.0,"damage_taken":0.0},{"damage_healed":0.0,"max_hp_gain":0.0,"max_hp_loss":7.0,"gold_gain":0.0,"event_name":"Golden Idol","player_choice":"Lose Max HP","floor":10.0,"gold_loss":0.0,"damage_taken":0.0,"relics_obtained":["Golden Idol"]},{"damage_healed":0.0,"max_hp_gain":0.0,"max_hp_loss":35.0,"gold_gain":0.0,"event_name":"Ghosts","player_choice":"Became a Ghost","floor":19.0,"gold_loss":0.0,"damage_taken":0.0,"cards_obtained":["Ghostly","Ghostly","Ghostly"]},{"damage_healed":0.0,"max_hp_gain":0.0,"max_hp_loss":0.0,"gold_gain":50.0,"event_name":"Nest","player_choice":"Stole From Cult","floor":29.0,"gold_loss":0.0,"damage_taken":0.0},{"damage_healed":0.0,"max_hp_gain":0.0,"max_hp_loss":0.0,"gold_gain":275.0,"event_name":"Golden Shrine","player_choice":"Desecrate","floor":30.0,"gold_loss":0.0,"damage_taken":0.0,"cards_obtained":["Regret"]}],"is_beta":false,"boss_relics":[{"not_picked":["Runic Dome","Black Star"],"picked":"Tiny House"}],"items_purged_floors":[20],"is_endless":false,"potions_floor_spawned":[7,11,13,14,21,22,24],"killed_by":"Automaton","ascension_level":19}