{"gold_per_floor":[418,436,450,460,560,585,585,598,598,598,612,687,707,782,782,782],"floor_reached":16,"playtime":1043,"items_purged":[],"score":114,"play_id":"fafe9908-d131-4a32-8392-19698257388c","local_time":"20190109010049","is_ascension_mode":true,"campfire_choices":[{"floor":7,"key":"REST"},{"floor":10,"key":"REST"},{"data":"Armaments","floor":15,"key":"SMITH"}],"neow_cost":"PERCENT_DAMAGE","seed_source_timestamp":795863568838277,"circlet_count":0,"master_deck":["Strike_R","Strike_R","Strike_R","Strike_R","Strike_R","Defend_R","Defend_R","Defend_R","Defend_R","Bash","Twin Strike","Sword Boomerang","Armaments+1","Inflame","Immolate","Seeing Red"],"relics":["Burning Blood","Old Coin","Vajra","Question Card"],"potions_floor_usage":[4,16],"damage_taken":[{"damage":1,"enemies":"Cultist","floor":1,"turns":3},{"damage":2,"enemies":"Jaw Worm","floor":2,"turns":4},{"damage":4,"enemies":"2 Louse","floor":3,"turns":3},{"damage":21,"enemies":"Exordium Thugs","floor":4,"turns":6},{"damage":31,"enemies":"Lagavulin","floor":6,"turns":10},{"damage":11,"enemies":"Blue Slaver","floor":8,"turns":3},{"damage":1,"enemies":"Red Slaver","floor":11,"turns":4},{"damage":1,"enemies":"Exordium Wildlife","floor":13,"turns":3},{"damage":63,"enemies":"Hexaghost","floor":16,"turns":9}],"seed_played":"-5386375338704986572","potions_obtained":[{"floor":3,"key":"LiquidBronze"},{"floor":13,"key":"PowerPotion"}],"is_trial":false,"path_per_floor":["M","M","M","M","?","E","R","M","T","R","M","?","M","?","R","B"],"character_chosen":"IRONCLAD","items_purchased":[],"campfire_rested":2,"item_purchase_floors":[],"current_hp_per_floor":[61,65,67,52,52,27,51,46,46,70,75,64,69,61,61,0],"gold":782,"neow_bonus":"ONE_RARE_RELIC","is_prod":false,"is_daily":false,"chose_seed":false,"campfire_upgraded":1,"win_rate":0,"timestamp":1547024449,"path_taken":["M","M","?","?","?","E","R","?","T","R","M","?","M","?","R","BOSS"],"build_version":"2019-01-03v4","purchased_purges":0,"victory":false,"max_hp_per_floor":[80,80,80,80,80,80,80,80,80,80,80,80,80,80,80,80],"card_choices":[{"not_picked":["Power Through","Warcry"],"picked":"Twin Strike","floor":1},{"not_picked":["Heavy Blade","Sever Soul"],"picked":"Sword Boomerang","floor":2},{"not_picked":["Anger","Heavy Blade"],"picked":"Armaments","floor":3},{"not_picked":["True Grit","Clash","Perfected Strike"],"picked":"SKIP","floor":4},{"not_picked":["Havoc","Heavy Blade"],"picked":"Inflame","floor":6},{"not_picked":["Infernal Blade","Body Slam","Thunderclap"],"picked":"SKIP","floor":8},{"not_picked":["Flame Barrier","Shockwave","Clothesline"],"picked":"Immolate","floor":11},{"not_picked":["Sever Soul","Rupture","Clash"],"picked":"Seeing Red","floor":13}],"player_experience":56857,"relics_obtained":[{"floor":6,"key":"Vajra"},{"floor":9,"key":"Question Card"}],"event_choices":[{"damage_healed":0,"gold_gain":100,"player_choice":"Pray","damage_taken":0,"max_hp_gain":0,"max_hp_loss":0,"event_name":"Golden Shrine","floor":5,"gold_loss":0},{"damage_healed":0,"gold_gain":75,"player_choice":"Gather Gold","damage_taken":11,"max_hp_gain":0,"max_hp_loss":0,"event_name":"World of Goop","floor":12,"gold_loss":0},{"damage_healed":0,"gold_gain":75,"player_choice":"Touch","damage_taken":8,"max_hp_gain":0,"max_hp_loss":0,"event_name":"FaceTrader","floor":14,"gold_loss":0}],"is_beta":false,"boss_relics":[],"items_purged_floors":[],"is_endless":false,"potions_floor_spawned":[3,13],"killed_by":"Hexaghost","ascension_level":2}