{"gold_per_floor":[115,132,146,146,146,146,180,191,241,261,227,227,237,256,256,355,355,366,62,80,96,96,96,96,96],"floor_reached":25,"playtime":861,"items_purged":["Normality"],"score":328,"play_id":"7ecf2816-1a3a-4921-89b6-d586bb1fbc5b","local_time":"20190131142546","is_ascension_mode":true,"campfire_choices":[{"data":"Zap","floor":6,"key":"SMITH"},{"floor":12,"key":"REST"},{"floor":15,"key":"REST"},{"floor":23,"key":"REST"}],"neow_cost":"NONE","seed_source_timestamp":872152127023179,"circlet_count":0,"master_deck":["AscendersBane","Strike_B","Strike_B","Strike_B","Defend_B","Defend_B+1","Defend_B+1","Defend_B","Zap+1","Dualcast+1","Gash","Leap","Coolheaded","Genetic Algorithm","Ball Lightning","Defragment","Cold Snap","White Noise","Biased Cognition","Doubt","Doubt","Capacitor+1","Defragment+1","Auto Shields","Conserve Battery","Decay"],"relics":["Cracked Core","Bottled Lightning","Anchor","Calling Bell","Bag of Preparation","Frozen Egg 2","Pocketwatch","War Paint"],"potions_floor_usage":[7,10,20,21,25],"damage_taken":[{"damage":0,"enemies":"Cultist","floor":1,"turns":3},{"damage":3,"enemies":"2 Louse","floor":2,"turns":2},{"damage":0,"enemies":"Small Slimes","floor":3,"turns":3},{"damage":38,"enemies":"Gremlin Nob","floor":7,"turns":5},{"damage":18,"enemies":"2 Fungi Beasts","floor":8,"turns":4},{"damage":0,"enemies":"Lots of Slimes","floor":10,"turns":2},{"damage":5,"enemies":"Blue Slaver","floor":13,"turns":3},{"damage":0,"enemies":"Exordium Wildlife","floor":14,"turns":4},{"damage":34,"enemies":"Hexaghost","floor":16,"turns":9},{"damage":20,"enemies":"2 Thieves","floor":18,"turns":4},{"damage":0,"enemies":"Chosen","floor":20,"turns":4},{"damage":23,"enemies":"Snecko","floor":21,"turns":5},{"damage":63,"enemies":"Slavers","floor":25,"turns":4}],"seed_played":"-3884178711481436426","potions_obtained":[{"floor":3,"key":"Fire Potion"},{"floor":8,"key":"Explosive Potion"},{"floor":10,"key":"Fire Potion"},{"floor":13,"key":"SneckoOil"},{"floor":16,"key":"Regen Potion"},{"floor":20,"key":"Explosive Potion"}],"is_trial":false,"path_per_floor":["M","M","M","?","?","R","E","M","T","M","?","R","M","M","R","B",null,"M","$","M","M","$","R","?","E"],"character_chosen":"DEFECT","items_purchased":["Defragment+1","War Paint"],"campfire_rested":3,"item_purchase_floors":[19,19],"current_hp_per_floor":[68,65,65,65,65,65,27,9,9,9,9,31,26,26,48,14,60,40,40,40,31,31,53,53,0],"gold":96,"neow_bonus":"UPGRADE_CARD","is_prod":false,"is_daily":false,"chose_seed":false,"campfire_upgraded":1,"win_rate":0,"timestamp":1548937546,"path_taken":["M","M","M","?","?","R","E","M","T","?","?","R","M","M","R","BOSS","M","$","M","M","$","R","?","E"],"build_version":"2019-01-23","purchased_purges":1,"victory":false,"max_hp_per_floor":[75,75,75,75,75,75,75,75,75,75,75,75,75,75,75,75,75,75,75,75,75,75,75,75,75],"card_choices":[{"not_picked":["Chill","Barrage"],"picked":"Gash","floor":1},{"not_picked":["Undo","Turbo"],"picked":"Leap","floor":2},{"not_picked":["Skim","Leap"],"picked":"Coolheaded","floor":3},{"not_picked":["Conserve Battery","Genetic Algorithm"],"picked":"Ball Lightning","floor":7},{"not_picked":["Streamline","FTL"],"picked":"Defragment","floor":8},{"not_picked":["Stack","Sweeping Beam","Aggregate"],"picked":"SKIP","floor":10},{"not_picked":["Streamline","Ball Lightning"],"picked":"Cold Snap","floor":13},{"not_picked":["Cold Snap","Streamline"],"picked":"White Noise","floor":14},{"not_picked":["Machine Learning","Rainbow"],"picked":"Biased Cognition","floor":16},{"not_picked":["Sweeping Beam","Sunder"],"picked":"Capacitor+1","floor":18},{"not_picked":["Chaos","Steam Power"],"picked":"Auto Shields","floor":20},{"not_picked":["Compile Driver","Barrage+1"],"picked":"Conserve Battery","floor":21}],"player_experience":149843,"relics_obtained":[{"floor":7,"key":"Bottled Lightning"},{"floor":9,"key":"Anchor"},{"floor":17,"key":"Bag of Preparation"},{"floor":17,"key":"Frozen Egg 2"},{"floor":17,"key":"Pocketwatch"}],"event_choices":[{"damage_healed":0,"gold_gain":0,"player_choice":"Ignored","damage_taken":0,"max_hp_gain":0,"max_hp_loss":0,"event_name":"Liars Game","floor":4,"gold_loss":0},{"damage_healed":0,"gold_gain":0,"cards_transformed":["Strike_B"],"player_choice":"Transformed","damage_taken":0,"max_hp_gain":0,"max_hp_loss":0,"event_name":"Transmorgrifier","floor":5,"gold_loss":0,"cards_obtained":["Genetic Algorithm"]},{"damage_healed":0,"gold_gain":0,"player_choice":"Left Gold","damage_taken":0,"max_hp_gain":0,"max_hp_loss":0,"event_name":"World of Goop","floor":11,"gold_loss":34},{"damage_healed":0,"gold_gain":0,"player_choice":"Smashed Altar","damage_taken":0,"max_hp_gain":0,"max_hp_loss":0,"event_name":"Forgotten Altar","floor":24,"gold_loss":0,"cards_obtained":["Decay"]}],"is_beta":false,"boss_relics":[{"not_picked":["Philosopher\u0027s Stone","Astrolabe"],"picked":"Calling Bell"}],"items_purged_floors":[19],"is_endless":false,"potions_floor_spawned":[3,8,10,13,16,20],"killed_by":"Slavers","ascension_level":12}