{"gold_per_floor":[112,132,149,149,149,149,164,198,276,276,59,59,59,72,72,168,168,187,137,149,149,163,163,40,60,108,108,208,0,0,0,0,103,103,116,133,33,46,57,84,84,103,128,128,141,161,84,104,104,104],"floor_reached":51,"playtime":2636,"items_purged":["Defend_G","Strike_G+1"],"score":762,"play_id":"1de000cf-f079-4ad4-ae8c-260fb5efe38b","local_time":"20190227014512","is_ascension_mode":true,"campfire_choices":[{"data":"Well Laid Plans","floor":6,"key":"SMITH"},{"floor":10,"key":"REST"},{"data":"1","floor":12,"key":"LIFT"},{"data":"Catalyst","floor":15,"key":"SMITH"},{"floor":23,"key":"REST"},{"floor":30,"key":"REST"},{"data":"Backstab","floor":32,"key":"SMITH"},{"floor":41,"key":"REST"},{"data":"Deadly Poison","floor":44,"key":"SMITH"},{"data":"Footwork","floor":49,"key":"SMITH"}],"neow_cost":"NONE","seed_source_timestamp":609202029749500,"circlet_count":0,"master_deck":["Defend_G+1","Defend_G+1","Defend_G+1","Defend_G+1","Strike_G+1","Strike_G+1","Strike_G+1","Survivor","Neutralize","Deadly Poison+1","Well Laid Plans+1","Footwork+1","Escape Plan","Sucker Punch","Catalyst+1","Acrobatics","Malaise","Deadly Poison+1","Deadly Poison+1","Crippling Poison","Deflect","Footwork","Backstab+1","Corpse Explosion","Parasite","Dash","Backstab+1","Backstab","Deadly Poison+1"],"relics":["Velvet Choker","Girya","Mercury Hourglass","Oddly Smooth Stone","WristBlade","Potion Belt","FossilizedHelix","Meat on the Bone","TheAbacus","Eternal Feather","Orichalcum","Bag of Preparation"],"potions_floor_usage":[28,28,28,42,50,50],"damage_taken":[{"damage":2,"enemies":"Cultist","floor":1,"turns":5},{"damage":3,"enemies":"Small Slimes","floor":2,"turns":3},{"damage":2,"enemies":"Jaw Worm","floor":3,"turns":4},{"damage":2,"enemies":"2 Fungi Beasts","floor":7,"turns":4},{"damage":26,"enemies":"3 Sentries","floor":8,"turns":13},{"damage":3,"enemies":"Red Slaver","floor":14,"turns":3},{"damage":6,"enemies":"Hexaghost","floor":16,"turns":8},{"damage":2,"enemies":"Shell Parasite","floor":18,"turns":4},{"damage":15,"enemies":"2 Thieves","floor":20,"turns":4},{"damage":16,"enemies":"Chosen and Byrds","floor":22,"turns":4},{"damage":2,"enemies":"Centurion and Healer","floor":25,"turns":5},{"damage":9,"enemies":"Colosseum Slavers","floor":28,"turns":3},{"damage":7,"enemies":"Colosseum Nobs","floor":28,"turns":5},{"damage":6,"enemies":"Champ","floor":33,"turns":11},{"damage":0,"enemies":"3 Shapes","floor":35,"turns":4},{"damage":0,"enemies":"Orb Walker","floor":36,"turns":2},{"damage":12,"enemies":"Sphere and 2 Shapes","floor":38,"turns":5},{"damage":0,"enemies":"Transient","floor":39,"turns":5},{"damage":13,"enemies":"Nemesis","floor":40,"turns":7},{"damage":14,"enemies":"Writhing Mass","floor":42,"turns":4},{"damage":10,"enemies":"Jaw Worm Horde","floor":45,"turns":3},{"damage":0,"enemies":"Maw","floor":46,"turns":8},{"damage":0,"enemies":"3 Darklings","floor":48,"turns":3},{"damage":9,"enemies":"Time Eater","floor":50,"turns":8}],"seed_played":"8987894617882683207","potions_obtained":[{"floor":2,"key":"SteroidPotion"},{"floor":8,"key":"Swift Potion"},{"floor":16,"key":"Explosive Potion"},{"floor":33,"key":"Weak Potion"},{"floor":39,"key":"GamblersBrew"},{"floor":40,"key":"Fire Potion"},{"floor":48,"key":"Swift Potion"}],"is_trial":false,"path_per_floor":["M","M","M","?","?","R","M","E","T","R","$","R","?","M","R","B",null,"M","?","M","?","M","R","$","M","T","?","?","$","R","$","R","B",null,"M","M","$","M","M","E","R","M","T","R","M","M","$","M","R","B",null],"character_chosen":"THE_SILENT","items_purchased":["Catalyst","Oddly Smooth Stone","Deflect","TheAbacus","Backstab"],"campfire_rested":4,"item_purchase_floors":[11,11,24,29,47],"current_hp_per_floor":[68,65,63,63,63,63,61,35,35,56,56,56,70,67,67,61,70,68,68,53,53,37,58,58,56,56,56,40,40,61,61,61,55,70,70,70,70,58,58,45,70,56,56,70,60,60,60,60,70,61],"gold":104,"neow_bonus":"BOSS_RELIC","is_prod":false,"is_daily":false,"chose_seed":false,"campfire_upgraded":5,"win_rate":0,"timestamp":1551203112,"path_taken":["M","M","M","?","?","R","?","E","T","R","$","R","?","M","R","BOSS","M","?","?","?","M","R","$","M","T","?","?","?","R","$","R","BOSS","M","M","$","?","M","E","R","M","T","R","M","M","$","M","R","BOSS"],"build_version":"2019-01-23","purchased_purges":2,"victory":true,"max_hp_per_floor":[70,70,70,70,70,70,70,70,70,70,70,70,70,70,70,70,70,70,70,70,70,70,70,70,70,70,70,70,70,70,70,70,70,70,70,70,70,70,70,70,70,70,70,70,70,70,70,70,70,70],"card_choices":[{"not_picked":["Dodge and Roll","Backflip"],"picked":"Deadly Poison","floor":1},{"not_picked":["Prepared","Concentrate"],"picked":"Well Laid Plans","floor":2},{"not_picked":["Poisoned Stab","Sucker Punch"],"picked":"Footwork","floor":3},{"not_picked":["Tactician","Terror"],"picked":"Escape Plan","floor":7},{"not_picked":["Acrobatics","Dodge and Roll"],"picked":"Sucker Punch","floor":8},{"not_picked":["Underhanded Strike","Finisher"],"picked":"Acrobatics","floor":14},{"not_picked":["Venomology","Envenom"],"picked":"Malaise","floor":16},{"not_picked":["Acrobatics","Cloak And Dagger+1"],"picked":"Deadly Poison","floor":18},{"not_picked":["Riddle With Holes","Flying Knee"],"picked":"Deadly Poison+1","floor":20},{"not_picked":["Blade Dance","Flying Knee+1"],"picked":"Crippling Poison","floor":22},{"not_picked":["Dagger Throw+1","All Out Attack"],"picked":"Footwork","floor":25},{"not_picked":["Tactician+1","Infinite Blades"],"picked":"Backstab","floor":28},{"not_picked":["Doppelganger","Wraith Form v2"],"picked":"Corpse Explosion","floor":33},{"not_picked":["Masterful Stab+1","Dagger Spray+1","Choke"],"picked":"SKIP","floor":35},{"not_picked":["Concentrate","Poisoned Stab","Infinite Blades"],"picked":"SKIP","floor":36},{"not_picked":["Sucker Punch","PiercingWail","Tactician"],"picked":"SKIP","floor":38},{"not_picked":["Sucker Punch+1","Blade Dance+1","Quick Slash+1"],"picked":"SKIP","floor":39},{"not_picked":["Doppelganger","Blade Dance+1","Bane"],"picked":"SKIP","floor":40},{"not_picked":["Underhanded Strike","Infinite Blades+1"],"picked":"Dash","floor":42},{"not_picked":["Infinite Blades","Sucker Punch"],"picked":"Backstab+1","floor":45},{"not_picked":["PiercingWail+1","Quick Slash+1","Blade Dance"],"picked":"SKIP","floor":46},{"not_picked":["Dagger Throw+1","Blade Dance"],"picked":"Deadly Poison+1","floor":48}],"player_experience":100984,"relics_obtained":[{"floor":8,"key":"Girya"},{"floor":9,"key":"Mercury Hourglass"},{"floor":26,"key":"Potion Belt"},{"floor":28,"key":"FossilizedHelix"},{"floor":28,"key":"Meat on the Bone"},{"floor":40,"key":"Orichalcum"},{"floor":43,"key":"Bag of Preparation"}],"event_choices":[{"cards_removed":["Strike_G"],"damage_healed":0,"gold_gain":0,"player_choice":"Forget","damage_taken":0,"max_hp_gain":0,"max_hp_loss":0,"event_name":"Living Wall","floor":4,"gold_loss":0},{"damage_healed":0,"gold_gain":0,"player_choice":"Upgraded","damage_taken":0,"max_hp_gain":0,"max_hp_loss":0,"event_name":"Upgrade Shrine","floor":5,"gold_loss":0,"cards_upgraded":["Deadly Poison"]},{"damage_healed":23,"gold_gain":0,"player_choice":"Banana","damage_taken":0,"max_hp_gain":0,"max_hp_loss":0,"event_name":"Big Fish","floor":13,"gold_loss":0},{"damage_healed":0,"gold_gain":0,"player_choice":"Bet on Murderer","damage_taken":0,"max_hp_gain":0,"max_hp_loss":0,"event_name":"The Joust","floor":19,"gold_loss":50},{"damage_healed":0,"gold_gain":0,"player_choice":"Ignored","damage_taken":0,"max_hp_gain":0,"max_hp_loss":0,"event_name":"Ghosts","floor":21,"gold_loss":0},{"damage_healed":0,"gold_gain":0,"player_choice":"Simplicity","damage_taken":0,"max_hp_gain":0,"max_hp_loss":0,"event_name":"Back to Basics","floor":27,"gold_loss":0,"cards_upgraded":["Defend_G","Defend_G","Defend_G","Defend_G","Strike_G","Strike_G","Strike_G","Strike_G"]},{"damage_healed":0,"gold_gain":0,"player_choice":"Fight","damage_taken":0,"max_hp_gain":0,"max_hp_loss":0,"event_name":"Colosseum","floor":28,"gold_loss":0},{"damage_healed":0,"gold_gain":0,"player_choice":"Fought Nobs","damage_taken":0,"max_hp_gain":0,"max_hp_loss":0,"event_name":"Colosseum","floor":28,"gold_loss":0}],"is_beta":false,"boss_relics":[{"not_picked":["Calling Bell","Coffee Dripper"],"picked":"WristBlade"},{"not_picked":["HoveringKite","Tiny House"],"picked":"Eternal Feather"}],"items_purged_floors":[24,37],"is_endless":false,"potions_floor_spawned":[2,8,16,20,22,33,39,40,48],"ascension_level":1}