{"gold_per_floor":[113,113,131,142,142,172,182,212,212,240,240,254,254,143,143,247,247,261,261,261,361,361,361,361],"floor_reached":24,"playtime":2270,"items_purged":["Parasite"],"score":330,"play_id":"059bd04d-bd8b-47d2-8742-f1381c50fb31","local_time":"20190214020317","is_ascension_mode":true,"campfire_choices":[{"data":"Barricade","floor":11.0,"key":"SMITH"},{"data":"Entrench","floor":15.0,"key":"SMITH"},{"data":"Battle Trance","floor":23.0,"key":"SMITH"}],"neow_cost":"NONE","seed_source_timestamp":1318434273130200,"circlet_count":0,"master_deck":["Strike_R","Strike_R","Strike_R","Strike_R","Defend_R","Defend_R","Defend_R","Defend_R","Bash","Shrug It Off+1","Body Slam","Pommel Strike","Barricade+1","Entrench+1","Battle Trance+1","Body Slam","Ghostly Armor","Reaper","Metallicize+1","Bludgeon"],"special_seed":0,"relics":["Burning Blood","Centennial Puzzle","Shuriken","Question Card","Unceasing Top","Incense Burner","Cursed Key","Enchiridion","Torii","Bottled Flame"],"potions_floor_usage":[],"damage_taken":[{"damage":5.0,"enemies":"Cultist","floor":1.0,"turns":5.0},{"damage":0.0,"enemies":"Jaw Worm","floor":3.0,"turns":5.0},{"damage":1.0,"enemies":"2 Louse","floor":4.0,"turns":4.0},{"damage":28.0,"enemies":"Lagavulin","floor":6.0,"turns":9.0},{"damage":3.0,"enemies":"Blue Slaver","floor":7.0,"turns":4.0},{"damage":24.0,"enemies":"Gremlin Nob","floor":8.0,"turns":5.0},{"damage":14.0,"enemies":"Lagavulin","floor":10.0,"turns":11.0},{"damage":24.0,"enemies":"Exordium Wildlife","floor":12.0,"turns":6.0},{"damage":0.0,"enemies":"Slime Boss","floor":16.0,"turns":18.0},{"damage":0.0,"enemies":"Chosen","floor":18.0,"turns":4.0},{"damage":12.0,"enemies":"Colosseum Slavers","floor":21.0,"turns":6.0},{"damage":41.0,"enemies":"Colosseum Nobs","floor":21.0,"turns":5.0},{"damage":29,"enemies":"Gremlin Leader","floor":24,"turns":4}],"seed_played":"-1627038723713455710","potions_obtained":[{"floor":6.0,"key":"GamblersBrew"},{"floor":10.0,"key":"Fire Potion"},{"floor":16.0,"key":"Poison Potion"},{"floor":21.0,"key":"LiquidBronze"}],"is_trial":false,"path_per_floor":["M","?","M","M","?","E","M","E","T","E","R","M","?","$","R","B",null,"M","?","?","?","?","R","E"],"character_chosen":"IRONCLAD","items_purchased":["Ghostly Armor"],"campfire_rested":0,"item_purchase_floors":[14],"current_hp_per_floor":[80,80,80,80,85,63,66,48,48,40,40,22,43,43,43,49,82,82,66,50,29,29,29,0],"gold":361,"neow_bonus":"RANDOM_COMMON_RELIC","is_prod":false,"is_daily":false,"chose_seed":false,"campfire_upgraded":3,"win_rate":0,"timestamp":1550106197,"path_taken":["M","?","?","M","?","E","M","E","T","E","R","M","?","$","R","BOSS","M","?","?","?","?","R","E"],"build_version":"2019-01-23","purchased_purges":1,"victory":false,"max_hp_per_floor":[80,80,80,80,85,85,85,85,85,85,85,85,85,82,82,82,82,82,87,87,87,87,87,87],"card_choices":[{"not_picked":["True Grit","Heavy Blade"],"picked":"Shrug It Off","floor":1.0},{"not_picked":["Headbutt","Shrug It Off"],"picked":"Body Slam","floor":3.0},{"not_picked":["Searing Blow","Rupture"],"picked":"Pommel Strike","floor":4.0},{"not_picked":["Shrug It Off","Infernal Blade"],"picked":"Barricade","floor":6.0},{"not_picked":["Clash","Headbutt"],"picked":"Entrench","floor":7.0},{"not_picked":["Fire Breathing","Thunderclap","Rampage"],"picked":"SKIP","floor":8.0},{"not_picked":["Heavy Blade","Burning Pact","Intimidate"],"picked":"Battle Trance","floor":10.0},{"not_picked":["Havoc","Second Wind","Flex"],"picked":"Body Slam","floor":12.0},{"not_picked":["Bludgeon","Barricade","Demon Form"],"picked":"Reaper","floor":16.0},{"not_picked":["Second Wind","Thunderclap","Perfected Strike","Rupture"],"picked":"SKIP","floor":18.0},{"not_picked":["Perfected Strike","Clothesline","Shrug It Off"],"picked":"Metallicize+1","floor":21.0}],"player_experience":149951,"relics_obtained":[{"floor":6.0,"key":"Shuriken"},{"floor":8.0,"key":"Question Card"},{"floor":9.0,"key":"Unceasing Top"},{"floor":10.0,"key":"Incense Burner"},{"floor":20.0,"key":"Enchiridion"},{"floor":21.0,"key":"Torii"},{"floor":21.0,"key":"Bottled Flame"}],"event_choices":[{"damage_healed":0.0,"max_hp_gain":0.0,"max_hp_loss":0.0,"gold_gain":0.0,"event_name":"Accursed Blacksmith","player_choice":"Forge","floor":2.0,"gold_loss":0.0,"damage_taken":0.0,"cards_upgraded":["Shrug It Off"]},{"damage_healed":0.0,"max_hp_gain":5.0,"max_hp_loss":0.0,"gold_gain":0.0,"event_name":"Big Fish","player_choice":"Donut","floor":5.0,"gold_loss":0.0,"damage_taken":0.0},{"damage_healed":21.0,"max_hp_gain":0.0,"max_hp_loss":0.0,"gold_gain":0.0,"event_name":"Mushrooms","player_choice":"Healed and dodged fight","floor":13.0,"gold_loss":0.0,"damage_taken":0.0,"cards_obtained":["Parasite"]},{"damage_healed":0.0,"max_hp_gain":5.0,"max_hp_loss":0.0,"gold_gain":0.0,"event_name":"Forgotten Altar","player_choice":"Shed Blood","floor":19.0,"gold_loss":0.0,"damage_taken":21.0},{"damage_healed":0.0,"max_hp_gain":0.0,"max_hp_loss":0.0,"gold_gain":0.0,"event_name":"Cursed Tome","player_choice":"Obtained Book","floor":20.0,"gold_loss":0.0,"damage_taken":16.0},{"damage_healed":0.0,"max_hp_gain":0.0,"max_hp_loss":0.0,"gold_gain":0.0,"event_name":"Colosseum","player_choice":"Fight","floor":21.0,"gold_loss":0.0,"damage_taken":0.0},{"damage_healed":0.0,"max_hp_gain":0.0,"max_hp_loss":0.0,"gold_gain":0.0,"event_name":"Colosseum","player_choice":"Fought Nobs","floor":21.0,"gold_loss":0.0,"damage_taken":0.0},{"damage_healed":0.0,"max_hp_gain":0.0,"max_hp_loss":0.0,"gold_gain":0.0,"cards_transformed":["Strike_R"],"event_name":"Transmorgrifier","player_choice":"Transformed","floor":22.0,"gold_loss":0.0,"damage_taken":0.0,"cards_obtained":["Bludgeon"]}],"is_beta":false,"boss_relics":[{"not_picked":["Black Star","Sozu"],"picked":"Cursed Key"}],"items_purged_floors":[14],"is_endless":false,"potions_floor_spawned":[6,10,16,21],"killed_by":"Gremlin Leader","ascension_level":3}