{"gold_per_floor":[118,118,118,16,36,67,77,112,112,112,112,187,187,221,221,349,349,370,391,391,430,450,450,471,489,543,543,561,561],"floor_reached":29,"playtime":1688,"items_purged":["Normality"],"score":243,"play_id":"4ba73a2d-87dc-4696-bc8e-e0c53df0011f","local_time":"20180808215815","is_ascension_mode":false,"campfire_choices":[{"floor":11,"key":"REST"},{"floor":13,"key":"REST"},{"floor":15,"key":"REST"},{"data":"Creative AI","floor":23,"key":"SMITH"},{"floor":27,"key":"REST"}],"neow_cost":"TEN_PERCENT_HP_LOSS","seed_source_timestamp":3591941835546080,"circlet_count":0,"master_deck":["Strike_B","Defend_B","Defend_B","Defend_B","Defend_B","Zap","Dualcast","Conserve Battery","Cold Snap","Sunder","Seek","Skim","Beam Cell","Doom and Gloom","Creative AI+1","Streamline+1","Genetic Algorithm","Heatsinks","Hologram","Steam Power","Defragment+1"],"relics":["Cracked Core","Bag of Marbles","Torii","Mummified Hand","Darkstone Periapt","Golden Idol","Pen Nib","Runic Dome","Red Mask","Bronze Scales"],"potions_floor_usage":[25],"damage_taken":[{"damage":0,"enemies":"Small Slimes","floor":1,"turns":4},{"damage":0,"enemies":"2 Louse","floor":5,"turns":2},{"damage":23,"enemies":"Gremlin Nob","floor":6,"turns":4},{"damage":0,"enemies":"Cultist","floor":7,"turns":2},{"damage":22,"enemies":"Lagavulin","floor":8,"turns":6},{"damage":22,"enemies":"Gremlin Nob","floor":14,"turns":4},{"damage":23,"enemies":"Slime Boss","floor":16,"turns":9},{"damage":9,"enemies":"Shell Parasite","floor":18,"turns":5},{"damage":6,"enemies":"3 Byrds","floor":19,"turns":3},{"damage":15,"floor":21,"turns":4},{"damage":2,"enemies":"Snake Plant","floor":22,"turns":2},{"damage":32,"enemies":"Slaver and Parasite","floor":24,"turns":6},{"damage":16,"enemies":"Snecko","floor":25,"turns":4},{"damage":20,"enemies":"Chosen and Byrds","floor":28,"turns":5},{"damage":11,"enemies":"Slaver and Parasite","floor":29,"turns":1}],"seed_played":"-6172410992240230289","potions_obtained":[{"floor":16,"key":"LiquidBronze"},{"floor":22,"key":"GamblersBrew"},{"floor":24,"key":"Regen Potion"},{"floor":25,"key":"Poison Potion"},{"floor":28,"key":"Weak Potion"}],"is_trial":false,"path_per_floor":["M","?","?","$","M","E","M","E","T","?","R","?","R","E","R","B",null,"M","M","?","?","M","R","M","M","T","R","M"],"character_chosen":"DEFECT","items_purchased":["Cold Snap"],"campfire_rested":4,"item_purchase_floors":[4],"current_hp_per_floor":[68,61,61,61,61,38,38,16,16,22,44,33,55,33,55,32,74,65,59,59,44,42,42,10,6,6,28,8,0],"gold":561,"neow_bonus":"REMOVE_TWO","is_prod":false,"is_daily":false,"chose_seed":false,"campfire_upgraded":1,"win_rate":0,"timestamp":1533761895,"path_taken":["M","?","?","$","M","E","?","E","T","?","R","?","R","E","R","BOSS","M","?","?","?","?","R","M","M","T","R","M","?"],"build_version":"2018-08-02","purchased_purges":1,"victory":false,"max_hp_per_floor":[68,68,68,68,68,68,68,68,68,74,74,74,74,74,74,74,74,74,74,74,74,74,74,74,74,74,74,74,74],"card_choices":[{"not_picked":["Turbo","Barrage"],"picked":"Conserve Battery","floor":1},{"not_picked":["Streamline","Rebound"],"picked":"Sunder","floor":5},{"not_picked":["Rebound","Hologram"],"picked":"Seek","floor":6},{"not_picked":["Rip and Tear","Go for the Eyes"],"picked":"Skim","floor":7},{"not_picked":["Rip and Tear","Turbo"],"picked":"Beam Cell","floor":8},{"not_picked":["Tempest","Conserve Battery"],"picked":"Doom and Gloom","floor":14},{"not_picked":["Reboot","Electrodynamics"],"picked":"Creative AI","floor":16},{"not_picked":["Ball Lightning+1","Lockon"],"picked":"Streamline+1","floor":18},{"not_picked":["Leap","Ball Lightning+1"],"picked":"Genetic Algorithm","floor":19},{"not_picked":["Reprogram","Stack"],"picked":"Heatsinks","floor":21},{"not_picked":["Fusion","Recycle","Coolheaded"],"picked":"SKIP","floor":22},{"not_picked":["Turbo","Gash+1"],"picked":"Hologram","floor":24},{"not_picked":["Ball Lightning+1","Redo"],"picked":"Steam Power","floor":25},{"not_picked":["Steam+1","Blizzard"],"picked":"Defragment+1","floor":28}],"player_experience":57220,"relics_obtained":[{"floor":6,"key":"Torii"},{"floor":8,"key":"Mummified Hand"},{"floor":9,"key":"Darkstone Periapt"},{"floor":14,"key":"Pen Nib"},{"floor":21,"key":"Red Mask"},{"floor":26,"key":"Bronze Scales"}],"event_choices":[{"event_name":"Golden Wing","player_choice":"Card Removal","floor":2,"damage_taken":0},{"event_name":"Accursed Blacksmith","player_choice":"Rummage","floor":3,"damage_taken":0},{"event_name":"Golden Idol","player_choice":"Take Wound","floor":10,"damage_taken":0},{"event_name":"World of Goop","player_choice":"Gather Gold","floor":12,"damage_taken":0},{"event_name":"Back to Basics","player_choice":"Elegance","floor":20,"damage_taken":0},{"event_name":"Masked Bandits","player_choice":"Fought over 391 gold","floor":21,"damage_taken":0}],"is_beta":false,"boss_relics":[{"not_picked":["Inserter","Philosopher\u0027s Stone"],"picked":"Runic Dome"}],"items_purged_floors":[4],"is_endless":false,"potions_floor_spawned":[16,22,24,25,28],"killed_by":"Slaver and Parasite","ascension_level":0}