{"gold_per_floor":[110,87,105,280,280,280,295,295,319,351,370,370,380,397,397,502,502,521,535,535,535,173,173,203,217,217,246,49,49,49,68,68,68],"floor_reached":33,"playtime":2613,"items_purged":["Doubt"],"score":388,"play_id":"0a74ea11-3a46-4de7-b0c1-1509f59bf94e","local_time":"20190215014921","is_ascension_mode":true,"campfire_choices":[{"data":"Dualcast","floor":6.0,"key":"SMITH"},{"data":"Defragment","floor":8.0,"key":"SMITH"},{"data":"Coolheaded","floor":12.0,"key":"SMITH"},{"data":"Hologram","floor":15.0,"key":"SMITH"},{"data":"Biased Cognition","floor":23.0,"key":"SMITH"},{"data":"Glacier","floor":30.0,"key":"SMITH"},{"data":"Defragment","floor":32.0,"key":"SMITH"}],"neow_cost":"NONE","seed_source_timestamp":1403960753711000,"circlet_count":0,"master_deck":["Strike_B","Strike_B","Strike_B","Strike_B","Defend_B","Defend_B","Defend_B+1","Defend_B","Zap+1","Dualcast+1","Gash","Ball Lightning","BootSequence","Defragment+1","Auto Shields","Coolheaded+1","Hologram+1","Glacier+1","Biased Cognition+1","Conserve Battery","Conserve Battery","Sweeping Beam","Coolheaded","Shame","Defragment+1"],"special_seed":0,"relics":["Cracked Core","Bag of Marbles","Bag of Preparation","Strawberry","Velvet Choker","Prayer Wheel","Lantern","Regal Pillow","Medical Kit","Mummified Hand"],"potions_floor_usage":[33,33],"damage_taken":[{"damage":0.0,"enemies":"Cultist","floor":1.0,"turns":2.0},{"damage":0.0,"enemies":"2 Louse","floor":3.0,"turns":3.0},{"damage":0.0,"enemies":"Small Slimes","floor":7.0,"turns":2.0},{"damage":8.0,"enemies":"Gremlin Nob","floor":10.0,"turns":3.0},{"damage":13.0,"enemies":"Exordium Wildlife","floor":11.0,"turns":3.0},{"damage":0.0,"enemies":"2 Fungi Beasts","floor":13.0,"turns":2.0},{"damage":0.0,"enemies":"Blue Slaver","floor":14.0,"turns":3.0},{"damage":7.0,"enemies":"The Guardian","floor":16.0,"turns":13.0},{"damage":0.0,"enemies":"2 Thieves","floor":18.0,"turns":4.0},{"damage":0.0,"enemies":"Spheric Guardian","floor":19.0,"turns":4.0},{"damage":0.0,"enemies":"Book of Stabbing","floor":24.0,"turns":6.0},{"damage":3.0,"enemies":"Snake Plant","floor":25.0,"turns":3.0},{"damage":1.0,"enemies":"Slavers","floor":27.0,"turns":7.0},{"damage":6.0,"enemies":"Sentry and Sphere","floor":31.0,"turns":5.0},{"damage":47,"enemies":"Automaton","floor":33,"turns":14}],"seed_played":"-4392896132483414","potions_obtained":[{"floor":10.0,"key":"LiquidBronze"},{"floor":11.0,"key":"Swift Potion"},{"floor":14.0,"key":"SkillPotion"},{"floor":27.0,"key":"FearPotion"},{"floor":31.0,"key":"PowerPotion"}],"is_trial":false,"path_per_floor":["M","$","M","?","?","R","M","R","T","E","M","R","M","M","R","B",null,"M","M","?","?","$","R","E","M","T","E","$","?","R","M","R","B"],"character_chosen":"DEFECT","items_purchased":["Ball Lightning","Prayer Wheel","Medical Kit"],"campfire_rested":0,"item_purchase_floors":[2,22,28],"current_hp_per_floor":[75,75,75,75,60,60,60,60,60,59,46,46,46,46,46,39,71,71,71,55,55,55,55,55,52,52,51,51,51,51,45,45,0],"gold":68,"neow_bonus":"RANDOM_COMMON_RELIC","is_prod":false,"is_daily":false,"chose_seed":false,"campfire_upgraded":7,"win_rate":0,"timestamp":1550191761,"path_taken":["M","?","M","?","?","R","M","R","T","E","M","R","M","M","R","BOSS","M","M","?","?","$","R","E","M","T","E","?","?","R","?","R","BOSS"],"build_version":"2019-01-23","purchased_purges":1,"victory":false,"max_hp_per_floor":[75,75,75,75,75,75,75,75,75,82,82,82,82,82,82,82,82,82,82,87,87,87,87,87,87,87,87,87,87,87,87,87,87],"card_choices":[{"not_picked":["Darkness","Fusion"],"picked":"Gash","floor":1.0},{"not_picked":["Streamline","Conserve Battery"],"picked":"BootSequence","floor":3.0},{"not_picked":["Rebound","Glacier"],"picked":"Defragment","floor":7.0},{"not_picked":["Double Energy","Static Discharge"],"picked":"Auto Shields","floor":10.0},{"not_picked":["Leap","Ball Lightning"],"picked":"Coolheaded","floor":11.0},{"not_picked":["Compile Driver","FTL"],"picked":"Hologram","floor":13.0},{"not_picked":["Static Discharge","Fusion"],"picked":"Glacier","floor":14.0},{"not_picked":["Reboot","Fission"],"picked":"Biased Cognition","floor":16.0},{"not_picked":["Stack+1","Steam Power"],"picked":"Conserve Battery","floor":18.0},{"not_picked":["FTL+1","Fusion"],"picked":"Conserve Battery","floor":19.0},{"not_picked":["Steam","Double Energy+1"],"picked":"Sweeping Beam","floor":24.0},{"not_picked":["Steam+1","Recycle"],"picked":"Coolheaded","floor":25.0},{"not_picked":["Darkness","Double Energy+1","Auto Shields"],"picked":"SKIP","floor":25.0},{"not_picked":["Chaos+1","Aggregate","Meteor Strike"],"picked":"SKIP","floor":27.0},{"not_picked":["Steam","Recycle"],"picked":"Defragment","floor":31.0},{"not_picked":["Beam Cell+1","Gash","Barrage"],"picked":"SKIP","floor":31.0}],"player_experience":170440,"relics_obtained":[{"floor":9.0,"key":"Bag of Preparation"},{"floor":10.0,"key":"Strawberry"},{"floor":24.0,"key":"Lantern"},{"floor":27.0,"key":"Regal Pillow"}],"event_choices":[{"damage_healed":0.0,"max_hp_gain":0.0,"max_hp_loss":0.0,"gold_gain":175.0,"event_name":"Liars Game","player_choice":"AGREE","floor":4.0,"gold_loss":0.0,"damage_taken":0.0,"cards_obtained":["Doubt"]},{"damage_healed":0.0,"max_hp_gain":0.0,"max_hp_loss":0.0,"gold_gain":0.0,"event_name":"Shining Light","player_choice":"Entered Light","floor":5.0,"gold_loss":0.0,"damage_taken":15.0,"cards_upgraded":["Defend_B","Zap"]},{"damage_healed":0.0,"max_hp_gain":5.0,"max_hp_loss":0.0,"gold_gain":0.0,"event_name":"Forgotten Altar","player_choice":"Shed Blood","floor":20.0,"gold_loss":0.0,"damage_taken":21.0},{"damage_healed":0.0,"max_hp_gain":0.0,"max_hp_loss":0.0,"gold_gain":0.0,"event_name":"Ghosts","player_choice":"Ignored","floor":21.0,"gold_loss":0.0,"damage_taken":0.0},{"damage_healed":0.0,"max_hp_gain":0.0,"max_hp_loss":0.0,"gold_gain":0.0,"event_name":"Addict","player_choice":"Stole Relic","floor":29.0,"gold_loss":0.0,"damage_taken":0.0,"relics_obtained":["Mummified Hand"],"cards_obtained":["Shame"]}],"is_beta":false,"boss_relics":[{"not_picked":["Black Star","Runic Dome"],"picked":"Velvet Choker"}],"items_purged_floors":[22],"is_endless":false,"potions_floor_spawned":[10,11,14,18,27,31],"killed_by":"Automaton","ascension_level":5}