{"gold_per_floor":[147,166,24,24,24,57,57,75,102,102,113,9,27,47,47,142,142,158,158,171,171,181,212,212,223,246,99,117,117,117,60,60,164,164,178,178,59,72,119,119,0,0,23,23,23,54,78,90,102,114],"floor_reached":51,"playtime":7229,"items_purged":["Strike_B"],"score":818,"play_id":"5861587c-089d-4715-ae6d-1eb2d52afbf6","local_time":"20190225212107","is_ascension_mode":true,"campfire_choices":[{"data":"Zap","floor":10,"key":"SMITH"},{"data":"Go for the Eyes","floor":15,"key":"SMITH"},{"data":"Buffer","floor":24,"key":"SMITH"},{"data":"Biased Cognition","floor":29,"key":"SMITH"},{"floor":32,"key":"REST"},{"data":"Storm","floor":40,"key":"SMITH"},{"data":"Creative AI","floor":44,"key":"SMITH"},{"data":"Machine Learning","floor":49,"key":"SMITH"}],"neow_cost":"NONE","seed_source_timestamp":703523997917610,"circlet_count":0,"master_deck":["Strike_B","Strike_B","Strike_B","Defend_B","Defend_B","Defend_B","Defend_B","Zap+1","Dualcast","Genetic Algorithm","BootSequence","Echo Form","Compile Driver","Coolheaded","Hologram","Ball Lightning","Go for the Eyes+1","Chill","Self Repair","Buffer+1","Go for the Eyes","BootSequence+1","Gash","Hello World","Biased Cognition+1","Storm+1","Scrape","Loop","Echo Form","Creative AI+1","Go for the Eyes+1","Madness","Madness","Stack+1","Machine Learning+1","Dark Shackles"],"relics":["Cracked Core","Bottled Lightning","Mummified Hand","Bottled Tornado","Bag of Preparation","Philosopher\u0027s Stone","Nloth\u0027s Gift","Matryoshka","Dream Catcher","Centennial Puzzle","Oddly Smooth Stone","The Courier","Sozu","Strawberry","Prayer Wheel","Red Mask","PreservedInsect","MawBank"],"potions_floor_usage":[6,13,16,23,33],"damage_taken":[{"damage":3,"enemies":"2 Louse","floor":1,"turns":2},{"damage":3,"enemies":"Jaw Worm","floor":2,"turns":4},{"damage":14,"enemies":"Lagavulin","floor":6,"turns":7},{"damage":1,"enemies":"Cultist","floor":8,"turns":3},{"damage":5,"enemies":"Looter","floor":11,"turns":3},{"damage":6,"enemies":"Lots of Slimes","floor":13,"turns":4},{"damage":0,"enemies":"Blue Slaver","floor":14,"turns":3},{"damage":11,"enemies":"Slime Boss","floor":16,"turns":9},{"damage":0,"enemies":"Chosen","floor":18,"turns":4},{"damage":5,"enemies":"Shell Parasite","floor":20,"turns":6},{"damage":0,"enemies":"Chosen and Byrds","floor":22,"turns":6},{"damage":22,"enemies":"Slavers","floor":23,"turns":5},{"damage":9,"enemies":"Snecko","floor":25,"turns":5},{"damage":0,"enemies":"3 Cultists","floor":28,"turns":7},{"damage":3,"enemies":"Champ","floor":33,"turns":6},{"damage":8,"enemies":"3 Darklings","floor":35,"turns":5},{"damage":0,"enemies":"3 Shapes","floor":38,"turns":5},{"damage":0,"enemies":"2 Orb Walkers","floor":39,"turns":6},{"damage":0,"enemies":"Giant Head","floor":46,"turns":5},{"damage":0,"enemies":"Spire Growth","floor":47,"turns":4},{"damage":55,"enemies":"Awakened One","floor":50,"turns":5}],"seed_played":"8715120431145436103","potions_obtained":[{"floor":2,"key":"PowerPotion"},{"floor":6,"key":"SkillPotion"},{"floor":13,"key":"Poison Potion"},{"floor":20,"key":"SneckoOil"},{"floor":22,"key":"LiquidBronze"},{"floor":28,"key":"Fire Potion"}],"is_trial":false,"path_per_floor":["M","M","$","?","T","E","T","M","T","R","M","$","M","M","R","B",null,"M","?","M","?","M","E","R","M","T","$","M","R","T","$","R","B",null,"M","?","$","M","?","R","?","$","T","R","$","E","M","?","R","B",null],"character_chosen":"DEFECT","items_purchased":["Echo Form","Ball Lightning","Go for the Eyes","Storm","Loop","Strawberry"],"campfire_rested":1,"item_purchase_floors":[3,12,12,27,31,37],"current_hp_per_floor":[72,69,69,69,69,55,55,54,54,54,49,49,43,43,43,46,75,75,75,75,61,68,60,60,51,51,51,58,58,58,58,80,80,80,72,62,69,83,87,87,87,87,87,87,87,87,87,87,87,39],"gold":126,"neow_bonus":"RANDOM_COMMON_RELIC","is_prod":false,"is_daily":false,"chose_seed":false,"campfire_upgraded":7,"win_rate":0,"timestamp":1551147667,"path_taken":["M","M","$","?","?","E","?","M","T","R","M","?","?","M","R","BOSS","M","?","?","?","M","E","R","M","T","$","M","R","?","$","R","BOSS","M","?","$","M","?","R","?","?","T","R","$","E","?","?","R","BOSS"],"build_version":"2019-01-23","purchased_purges":1,"victory":true,"max_hp_per_floor":[75,75,75,75,75,75,75,75,75,75,75,75,75,75,75,75,75,75,75,75,80,80,80,80,80,80,80,80,80,80,80,80,80,80,80,80,87,87,87,87,87,87,87,87,87,87,87,87,87,87],"card_choices":[{"not_picked":["Gash","Leap"],"picked":"Genetic Algorithm","floor":1},{"not_picked":["Redo","Streamline"],"picked":"BootSequence","floor":2},{"not_picked":["Skim","Gash"],"picked":"Compile Driver","floor":6},{"not_picked":["Conserve Battery","Thunder Strike"],"picked":"Coolheaded","floor":8},{"not_picked":["Beam Cell","Heatsinks"],"picked":"Hologram","floor":11},{"not_picked":["Auto Shields","Leap"],"picked":"Chill","floor":13},{"not_picked":["Gash","Redo"],"picked":"Self Repair","floor":14},{"not_picked":["Seek","Biased Cognition"],"picked":"Buffer","floor":16},{"not_picked":["Ball Lightning","Rebound"],"picked":"Go for the Eyes","floor":18},{"not_picked":["Turbo+1","Barrage"],"picked":"BootSequence+1","floor":20},{"not_picked":["Coolheaded","Melter"],"picked":"Gash","floor":22},{"not_picked":["Seek","Compile Driver"],"picked":"Hello World","floor":23},{"not_picked":["Lockon","Turbo"],"picked":"Biased Cognition","floor":25},{"not_picked":["Beam Cell+1","Streamline+1"],"picked":"Scrape","floor":28},{"not_picked":["Steam","Rebound+1"],"picked":"Echo Form","floor":32},{"not_picked":["Core Surge","Hyperbeam"],"picked":"Creative AI","floor":33},{"not_picked":["Consume+1","Steam Power"],"picked":"Go for the Eyes+1","floor":35},{"not_picked":["Ball Lightning","Chill+1"],"picked":"Stack+1","floor":38},{"not_picked":["Beam Cell+1","Ball Lightning"],"picked":"Machine Learning","floor":39},{"not_picked":["Steam","Compile Driver","Redo"],"picked":"SKIP","floor":46},{"not_picked":["Stack","Redo","FTL"],"picked":"SKIP","floor":47},{"not_picked":["Beam Cell+1","Recycle","Rip and Tear+1"],"picked":"SKIP","floor":47},{"not_picked":["Mayhem","Dramatic Entrance"],"picked":"Dark Shackles","floor":48}],"player_experience":305526,"relics_obtained":[{"floor":5,"key":"Bottled Lightning"},{"floor":6,"key":"Mummified Hand"},{"floor":7,"key":"Bottled Tornado"},{"floor":9,"key":"Bag of Preparation"},{"floor":23,"key":"Matryoshka"},{"floor":26,"key":"Dream Catcher"},{"floor":26,"key":"Centennial Puzzle"},{"floor":30,"key":"Oddly Smooth Stone"},{"floor":30,"key":"The Courier"},{"floor":39,"key":"Prayer Wheel"},{"floor":43,"key":"PreservedInsect"},{"floor":46,"key":"MawBank"}],"event_choices":[{"damage_healed":0,"gold_gain":0,"player_choice":"Leave","damage_taken":0,"max_hp_gain":0,"max_hp_loss":0,"event_name":"The Cleric","floor":4,"gold_loss":0},{"damage_healed":0,"gold_gain":0,"player_choice":"Traded Relic","damage_taken":0,"relics_obtained":["Nloth\u0027s Gift"],"max_hp_gain":0,"max_hp_loss":0,"event_name":"N\u0027loth","floor":19,"relics_lost":["Tiny Chest"],"gold_loss":0},{"damage_healed":0,"gold_gain":0,"player_choice":"Shed Blood","damage_taken":19,"max_hp_gain":5,"max_hp_loss":0,"event_name":"Forgotten Altar","floor":21,"gold_loss":0},{"damage_healed":0,"gold_gain":0,"player_choice":"Embrace Madness","damage_taken":10,"max_hp_gain":0,"max_hp_loss":0,"event_name":"Winding Halls","floor":36,"gold_loss":0,"cards_obtained":["Madness","Madness"]},{"damage_healed":0,"gold_gain":0,"player_choice":"Fight","damage_taken":0,"max_hp_gain":0,"max_hp_loss":0,"event_name":"Mysterious Sphere","floor":39,"gold_loss":0},{"damage_healed":0,"gold_gain":0,"player_choice":"Paid","damage_taken":0,"relics_obtained":["Red Mask"],"max_hp_gain":0,"max_hp_loss":0,"event_name":"Tomb of Lord Red Mask","floor":41,"gold_loss":119},{"damage_healed":0,"gold_gain":0,"player_choice":"Memory 1","damage_taken":0,"max_hp_gain":0,"max_hp_loss":0,"event_name":"SensoryStone","floor":48,"gold_loss":0}],"is_beta":false,"boss_relics":[{"not_picked":["Tiny House","Orrery"],"picked":"Philosopher\u0027s Stone"},{"not_picked":["FrozenCore","Black Star"],"picked":"Sozu"}],"items_purged_floors":[27],"is_endless":false,"potions_floor_spawned":[2,6,13,20,22,28,35,38,47],"ascension_level":3}