{"gold_per_floor":[364,364,389,140,140,140,180,205,205,225,266,266,266,290,290,410,410,425,425,425,445,461,461],"floor_reached":23,"playtime":748,"items_purged":[],"score":261,"play_id":"095855ae-16f8-4f25-bf06-831af0b3044d","local_time":"20190128174758","is_ascension_mode":true,"campfire_choices":[{"data":"Bash","floor":6.0,"key":"SMITH"},{"floor":13.0,"key":"REST"},{"data":"Uppercut","floor":15.0,"key":"SMITH"}],"neow_cost":"TEN_PERCENT_HP_LOSS","seed_source_timestamp":624934097682461,"circlet_count":0,"master_deck":["Strike_R","Strike_R","Strike_R","Strike_R","Strike_R","Defend_R","Defend_R","Defend_R","Defend_R","Bash+1","Uppercut+1","Headbutt","Iron Wave","Seeing Red","Reaper","Whirlwind","Inflame","Demon Form","Armaments","Rampage","Shrug It Off"],"special_seed":0,"relics":["Burning Blood","Golden Idol","Matryoshka","Champion Belt","Pantograph","Sundial","Bottled Lightning","Kunai","Runic Pyramid"],"potions_floor_usage":[23],"damage_taken":[{"damage":1.0,"enemies":"Cultist","floor":1.0,"turns":4.0},{"damage":8.0,"enemies":"Small Slimes","floor":3.0,"turns":4.0},{"damage":39.0,"enemies":"3 Sentries","floor":7.0,"turns":10.0},{"damage":6.0,"enemies":"Jaw Worm","floor":8.0,"turns":4.0},{"damage":5.0,"enemies":"Exordium Thugs","floor":10.0,"turns":5.0},{"damage":15.0,"enemies":"Lagavulin","floor":11.0,"turns":6.0},{"damage":5.0,"enemies":"2 Fungi Beasts","floor":14.0,"turns":3.0},{"damage":65.0,"enemies":"Hexaghost","floor":16.0,"turns":10.0},{"damage":10.0,"enemies":"Chosen","floor":18.0,"turns":6.0},{"damage":21.0,"enemies":"Shell Parasite","floor":21.0,"turns":6.0},{"damage":50.0,"enemies":"Cultist and Chosen","floor":22.0,"turns":6.0},{"damage":41,"enemies":"Slavers","floor":23,"turns":3}],"seed_played":"-7074802202855599473","potions_obtained":[{"floor":1.0,"key":"SteroidPotion"},{"floor":7.0,"key":"Swift Potion"},{"floor":14.0,"key":"EssenceOfSteel"},{"floor":21.0,"key":"GamblersBrew"}],"is_trial":false,"path_per_floor":["M","?","M","$","?","R","E","M","T","M","E","?","R","M","R","B",null,"M","?","?","M","M","E"],"character_chosen":"IRONCLAD","items_purchased":["Matryoshka"],"campfire_rested":1,"item_purchase_floors":[4],"current_hp_per_floor":[72,54,52,52,52,52,19,19,19,20,11,35,56,57,57,22,60,71,71,71,56,30,0],"gold":461,"neow_bonus":"TWO_FIFTY_GOLD","is_prod":false,"is_daily":false,"chose_seed":false,"campfire_upgraded":2,"win_rate":0,"timestamp":1548690478,"path_taken":["M","?","M","$","?","R","E","M","T","?","E","?","R","M","R","BOSS","M","?","?","?","M","E"],"build_version":"2019-01-23","purchased_purges":0,"victory":false,"max_hp_per_floor":[72,72,72,72,72,72,72,72,72,72,72,72,72,72,72,72,72,72,72,72,72,72,72],"card_choices":[{"not_picked":["Rage","True Grit"],"picked":"Uppercut","floor":1.0},{"not_picked":["Evolve","Body Slam"],"picked":"Headbutt","floor":3.0},{"not_picked":["Blood for Blood","Twin Strike"],"picked":"Iron Wave","floor":7.0},{"not_picked":["Heavy Blade","Disarm"],"picked":"Seeing Red","floor":8.0},{"not_picked":["Headbutt","Inflame"],"picked":"Reaper","floor":10.0},{"not_picked":["Evolve","Thunderclap"],"picked":"Whirlwind","floor":11.0},{"not_picked":["Cleave","Pummel"],"picked":"Inflame","floor":14.0},{"not_picked":["Barricade","Offering"],"picked":"Demon Form","floor":16.0},{"not_picked":["Clash","Flex","Wild Strike"],"picked":"SKIP","floor":18.0},{"not_picked":["Whirlwind","Blood for Blood"],"picked":"Rampage","floor":21.0},{"not_picked":["Carnage","Wild Strike"],"picked":"Shrug It Off","floor":22.0}],"player_experience":132675,"relics_obtained":[{"floor":7.0,"key":"Pantograph"},{"floor":9.0,"key":"Sundial"},{"floor":9.0,"key":"Bottled Lightning"},{"floor":11.0,"key":"Kunai"}],"event_choices":[{"damage_healed":0.0,"max_hp_gain":0.0,"max_hp_loss":0.0,"gold_gain":0.0,"event_name":"Golden Idol","player_choice":"Take Damage","floor":2.0,"gold_loss":0.0,"damage_taken":18.0,"relics_obtained":["Golden Idol"]},{"damage_healed":0.0,"max_hp_gain":0.0,"max_hp_loss":0.0,"gold_gain":0.0,"event_name":"WeMeetAgain","player_choice":"Gave Potion","floor":5.0,"gold_loss":0.0,"damage_taken":0.0,"relics_obtained":["Champion Belt"]},{"damage_healed":24.0,"max_hp_gain":0.0,"max_hp_loss":0.0,"gold_gain":0.0,"event_name":"Big Fish","player_choice":"Banana","floor":12.0,"gold_loss":0.0,"damage_taken":0.0},{"damage_healed":0.0,"max_hp_gain":0.0,"max_hp_loss":0.0,"gold_gain":0.0,"event_name":"The Library","player_choice":"Read","floor":19.0,"gold_loss":0.0,"damage_taken":0.0,"cards_obtained":["Armaments"]},{"damage_healed":0.0,"max_hp_gain":0.0,"max_hp_loss":0.0,"gold_gain":0.0,"event_name":"Vampires","player_choice":"Ignored","floor":20.0,"gold_loss":0.0,"damage_taken":0.0}],"is_beta":false,"boss_relics":[{"not_picked":["Snecko Eye","Coffee Dripper"],"picked":"Runic Pyramid"}],"items_purged_floors":[],"is_endless":false,"potions_floor_spawned":[1,7,14,21],"killed_by":"Slavers","ascension_level":6}