{"gold_per_floor":[111,111,111,127,202,236,236,263,316,316,326,326,341,341,341,465,465,483,499,21,39,39,39,63,63,63,63,78,78,3,47,47,47],"floor_reached":33,"playtime":1956,"items_purged":[],"score":427,"play_id":"f8fc2760-97f2-465d-ab97-4598ab396496","local_time":"20190210160133","is_ascension_mode":true,"campfire_choices":[{"floor":7,"key":"REST"},{"floor":10,"key":"REST"},{"floor":15,"key":"REST"},{"floor":23,"key":"REST"},{"floor":25,"key":"REST"},{"data":"Footwork","floor":27,"key":"SMITH"},{"data":"Choke","floor":32,"key":"SMITH"}],"neow_cost":"NONE","seed_source_timestamp":2518061096981144,"circlet_count":0,"master_deck":["Defend_G","Defend_G","Defend_G","Defend_G","Defend_G","Survivor","Neutralize","Dagger Throw","Accuracy","Poisoned Stab","Choke+1","Deflect+1","Crippling Poison+1","Doppelganger+1","Poisoned Stab","Caltrops","Footwork+1","Apotheosis+1","Quick Slash","Cloak And Dagger+1","Dagger Throw+1","Bite","Bite","Bite","Bite","Bite","Bouncing Flask+1"],"relics":["Ring of the Snake","NeowsBlessing","Bronze Scales","Matryoshka","The Specimen","Toxic Egg 2","PreservedInsect","Golden Idol","Oddly Smooth Stone","Sozu","Membership Card","Bag of Marbles","Whetstone","Regal Pillow","Pocketwatch","Bag of Preparation"],"potions_floor_usage":[8,13],"damage_taken":[{"damage":0,"enemies":"Jaw Worm","floor":1,"turns":1},{"damage":0,"enemies":"2 Louse","floor":4,"turns":1},{"damage":0,"enemies":"3 Sentries","floor":6,"turns":1},{"damage":42,"enemies":"Lagavulin","floor":8,"turns":8},{"damage":3,"enemies":"Small Slimes","floor":11,"turns":3},{"damage":10,"enemies":"Exordium Thugs","floor":13,"turns":4},{"damage":22,"enemies":"The Guardian","floor":16,"turns":15},{"damage":15,"enemies":"Chosen","floor":18,"turns":5},{"damage":10,"enemies":"Spheric Guardian","floor":19,"turns":5},{"damage":8,"enemies":"Centurion and Healer","floor":21,"turns":4},{"damage":8,"enemies":"3 Cultists","floor":24,"turns":4},{"damage":7,"enemies":"Snecko","floor":28,"turns":4},{"damage":11,"enemies":"Slavers","floor":31,"turns":4},{"damage":66,"enemies":"Champ","floor":33,"turns":9}],"seed_played":"-9192176304127057712","potions_obtained":[{"floor":1,"key":"Regen Potion"},{"floor":6,"key":"SkillPotion"},{"floor":11,"key":"Block Potion"},{"floor":16,"key":"SteroidPotion"}],"is_trial":false,"path_per_floor":["M","$","?","M","?","E","R","E","T","R","M","?","M","?","R","B",null,"M","M","$","M","?","R","M","R","T","R","M","?","?","E","R","B"],"character_chosen":"THE_SILENT","items_purchased":["Membership Card","Footwork","Apotheosis+1","Bag of Marbles","Whetstone"],"campfire_rested":5,"item_purchase_floors":[20,20,20,20,20],"current_hp_per_floor":[63,63,60,60,49,49,70,43,43,64,61,61,51,51,70,48,65,50,40,40,32,32,53,45,66,66,66,59,49,49,42,42,0],"gold":47,"neow_bonus":"THREE_ENEMY_KILL","is_prod":false,"is_daily":false,"chose_seed":false,"campfire_upgraded":2,"win_rate":0,"timestamp":1549843293,"path_taken":["M","$","?","M","?","E","R","E","T","R","M","?","M","?","R","BOSS","M","M","$","M","?","R","?","R","T","R","M","?","?","E","R","BOSS"],"build_version":"2019-01-23","purchased_purges":0,"victory":false,"max_hp_per_floor":[70,70,70,70,70,70,70,70,70,70,70,70,70,70,70,70,70,70,70,70,70,70,70,70,70,70,70,70,49,49,49,49,49],"card_choices":[{"not_picked":["Sucker Punch","Acrobatics"],"picked":"Dagger Throw","floor":1},{"not_picked":["Eviscerate","Backstab"],"picked":"Accuracy","floor":4},{"not_picked":["Crippling Poison","Heel Hook"],"picked":"Poisoned Stab","floor":6},{"not_picked":["Bane","Outmaneuver"],"picked":"Choke","floor":8},{"not_picked":["Expertise+1","Bane"],"picked":"Deflect+1","floor":11},{"not_picked":["Dagger Throw","Poisoned Stab"],"picked":"Crippling Poison+1","floor":13},{"not_picked":["Glass Knife","Die Die Die"],"picked":"Doppelganger+1","floor":16},{"not_picked":["Dodge and Roll+1","Predator"],"picked":"Poisoned Stab","floor":18},{"not_picked":["Concentrate+1","Outmaneuver+1"],"picked":"Caltrops","floor":19},{"not_picked":["Sucker Punch","Bane+1"],"picked":"Quick Slash","floor":21},{"not_picked":["Bane","Dagger Throw"],"picked":"Cloak And Dagger+1","floor":24},{"not_picked":["Dagger Spray+1","Infinite Blades"],"picked":"Dagger Throw+1","floor":28},{"not_picked":["Storm of Steel+1","Deadly Poison+1"],"picked":"Bouncing Flask+1","floor":31}],"player_experience":332337,"relics_obtained":[{"floor":6,"key":"Matryoshka"},{"floor":8,"key":"The Specimen"},{"floor":9,"key":"Toxic Egg 2"},{"floor":9,"key":"PreservedInsect"},{"floor":26,"key":"Regal Pillow"},{"floor":26,"key":"Pocketwatch"},{"floor":31,"key":"Bag of Preparation"}],"event_choices":[{"damage_healed":0,"gold_gain":0,"player_choice":"Success","damage_taken":3,"relics_obtained":["Bronze Scales"],"max_hp_gain":0,"max_hp_loss":0,"event_name":"Scrap Ooze","floor":3,"gold_loss":0},{"damage_healed":0,"gold_gain":75,"player_choice":"Gather Gold","damage_taken":11,"max_hp_gain":0,"max_hp_loss":0,"event_name":"World of Goop","floor":5,"gold_loss":0},{"damage_healed":0,"gold_gain":0,"player_choice":"Take Wound","damage_taken":0,"relics_obtained":["Golden Idol"],"max_hp_gain":0,"max_hp_loss":0,"event_name":"Golden Idol","floor":12,"gold_loss":0,"cards_obtained":["Injury"]},{"damage_healed":0,"gold_gain":0,"player_choice":"Gave Potion","damage_taken":0,"relics_obtained":["Oddly Smooth Stone"],"max_hp_gain":0,"max_hp_loss":0,"event_name":"WeMeetAgain","floor":14,"gold_loss":0},{"damage_healed":0,"gold_gain":0,"player_choice":"Got Potions","damage_taken":0,"max_hp_gain":0,"max_hp_loss":0,"event_name":"Lab","floor":22,"gold_loss":0},{"damage_healed":0,"gold_gain":0,"player_choice":"Became a vampire","damage_taken":0,"max_hp_gain":0,"max_hp_loss":21,"event_name":"Vampires","floor":29,"gold_loss":0,"cards_obtained":["Bite","Bite","Bite","Bite","Bite"]},{"cards_removed":["Injury"],"damage_healed":0,"gold_gain":0,"player_choice":"Gave Gold","damage_taken":0,"max_hp_gain":0,"max_hp_loss":0,"event_name":"Beggar","floor":30,"gold_loss":75}],"is_beta":false,"boss_relics":[{"not_picked":["Lizard Tail","Pandora\u0027s Box"],"picked":"Sozu"}],"items_purged_floors":[],"is_endless":false,"potions_floor_spawned":[1,6,11,16,18,21],"killed_by":"Champ","ascension_level":7}