{"gold_per_floor":[110,124,124,138,153,153,180,180,252,265,139,154,154,154,154,258,258,272,291,301,301,315,315,332,349,373,373,373],"floor_reached":28,"playtime":1603,"items_purged":["Pain"],"score":224,"play_id":"8d8da149-97a0-4ddc-bdb7-bee74725d1c5","local_time":"20190103011659","is_ascension_mode":false,"campfire_choices":[{"data":"Neutralize","floor":6.0,"key":"SMITH"},{"data":"Caltrops","floor":13.0,"key":"SMITH"},{"data":"Deadly Poison","floor":15.0,"key":"SMITH"},{"floor":23,"key":"REST"},{"floor":27,"key":"REST"}],"neow_cost":"NONE","seed_source_timestamp":27936769954871,"circlet_count":0,"master_deck":["Defend_G","Defend_G","Defend_G","Defend_G","Defend_G","Strike_G","Strike_G","Strike_G","Survivor","Neutralize+1","Dagger Throw","Backflip","Deadly Poison+1","Caltrops+1","Acrobatics","Catalyst","Dodge and Roll","Outmaneuver","A Thousand Cuts","Backflip","Footwork","Dagger Spray+1","Poisoned Stab+1","Deadly Poison","Doubt"],"special_seed":0,"relics":["Cursed Key"],"potions_floor_usage":[28],"damage_taken":[{"damage":0.0,"enemies":"Jaw Worm","floor":1.0,"turns":4.0},{"damage":0.0,"enemies":"Small Slimes","floor":2.0,"turns":3.0},{"damage":0.0,"enemies":"Cultist","floor":4.0,"turns":3.0},{"damage":0.0,"enemies":"Looter","floor":5.0,"turns":3.0},{"damage":12.0,"enemies":"3 Sentries","floor":7.0,"turns":9.0},{"damage":10.0,"enemies":"Large Slime","floor":10.0,"turns":8.0},{"damage":0.0,"enemies":"Lots of Slimes","floor":12.0,"turns":4.0},{"damage":6.0,"enemies":"Hexaghost","floor":16.0,"turns":8.0},{"damage":19.0,"enemies":"3 Byrds","floor":18.0,"turns":5.0},{"damage":7.0,"enemies":"Shell Parasite","floor":19.0,"turns":6.0},{"damage":12.0,"enemies":"3 Cultists","floor":20.0,"turns":5.0},{"damage":6,"enemies":"Centurion and Healer","floor":22,"turns":12},{"damage":30,"enemies":"Chosen and Byrds","floor":24,"turns":7},{"damage":11,"enemies":"Shelled Parasite and Fungi","floor":25,"turns":7},{"damage":42,"enemies":"Gremlin Leader","floor":28,"turns":7}],"seed_played":"-3785234583141586127","potions_obtained":[{"floor":4.0,"key":"Poison Potion"},{"floor":5.0,"key":"Strength Potion"},{"floor":12.0,"key":"SteroidPotion"},{"floor":19.0,"key":"PowerPotion"},{"floor":20.0,"key":"LiquidBronze"},{"floor":25,"key":"SkillPotion"}],"is_trial":false,"path_per_floor":["M","M","?","M","M","R","E","?","T","M","$","M","R","?","R","B",null,"M","M","M","?","M","R","M","M","T","R","E"],"character_chosen":"THE_SILENT","items_purchased":["Dodge and Roll"],"campfire_rested":2,"item_purchase_floors":[11],"current_hp_per_floor":[70,70,75,75,75,75,63,63,63,53,53,53,53,53,53,47,75,56,49,37,37,31,53,23,12,12,34,0],"gold":373,"neow_bonus":"BOSS_RELIC","is_prod":false,"is_daily":false,"chose_seed":false,"campfire_upgraded":3,"win_rate":0,"timestamp":1546471019,"path_taken":["M","M","?","M","M","R","E","?","T","?","$","M","R","?","R","BOSS","M","M","M","?","?","R","M","M","T","R","E"],"build_version":"2018-12-20","purchased_purges":1,"victory":false,"max_hp_per_floor":[70,70,75,75,75,75,75,75,75,75,75,75,75,75,75,75,75,75,75,75,75,75,75,75,75,75,75,75],"card_choices":[{"not_picked":["Bane","Dagger Spray"],"picked":"Dagger Throw","floor":1.0},{"not_picked":["Acrobatics","Skewer"],"picked":"Backflip","floor":2.0},{"not_picked":["Sucker Punch","Choke"],"picked":"Deadly Poison","floor":4.0},{"not_picked":["Sucker Punch","Crippling Poison"],"picked":"Caltrops","floor":5.0},{"not_picked":["Underhanded Strike","Finisher"],"picked":"Acrobatics","floor":7.0},{"not_picked":["Skewer","Bane"],"picked":"Catalyst","floor":10.0},{"not_picked":["Dodge and Roll","Blade Dance"],"picked":"Outmaneuver","floor":12.0},{"not_picked":["Glass Knife","Malaise"],"picked":"A Thousand Cuts","floor":16.0},{"not_picked":["Dagger Throw","Prepared"],"picked":"Backflip","floor":18.0},{"not_picked":["Cloak And Dagger","Distraction","Tactician"],"picked":"SKIP","floor":19.0},{"not_picked":["Flying Knee","Reflex"],"picked":"Footwork","floor":20.0},{"not_picked":["Acrobatics","Dodge and Roll"],"picked":"Dagger Spray+1","floor":22},{"not_picked":["Accuracy","Deflect"],"picked":"Poisoned Stab+1","floor":24},{"not_picked":["Heel Hook","Blade Dance+1"],"picked":"Deadly Poison","floor":25}],"player_experience":71797,"relics_obtained":[],"event_choices":[{"damage_healed":0.0,"max_hp_gain":5.0,"max_hp_loss":0.0,"gold_gain":0.0,"event_name":"Big Fish","player_choice":"Donut","floor":3.0,"gold_loss":0.0,"damage_taken":0.0},{"cards_removed":["Strike_G"],"damage_healed":0.0,"max_hp_gain":0.0,"max_hp_loss":0.0,"gold_gain":0.0,"event_name":"Purifier","player_choice":"Purged","floor":8.0,"gold_loss":0.0,"damage_taken":0.0},{"damage_healed":0.0,"max_hp_gain":0.0,"max_hp_loss":0.0,"gold_gain":0.0,"event_name":"Scrap Ooze","player_choice":"Fled","floor":14.0,"gold_loss":0.0,"damage_taken":0.0},{"cards_removed":["Strike_G"],"damage_healed":0.0,"max_hp_gain":0.0,"max_hp_loss":0.0,"gold_gain":0.0,"event_name":"Purifier","player_choice":"Purged","floor":21.0,"gold_loss":0.0,"damage_taken":0.0}],"is_beta":false,"boss_relics":[{"not_picked":["Philosopher\u0027s Stone","HoveringKite","Sozu"]}],"items_purged_floors":[11],"is_endless":false,"potions_floor_spawned":[4,5,12,19,20,25],"killed_by":"Gremlin Leader","ascension_level":0}