{"gold_per_floor":[109,109,59,59,78,106,106,71,97,97,122,122,136,163,163,259,259,279,295,305,305,112,112,124,156,156,169,269,295,295,315,315,315],"floor_reached":33,"playtime":3203,"items_purged":["Strike_B"],"score":439,"play_id":"12c64af6-425e-43b2-9a86-b2e3217ffe65","local_time":"20190218235329","is_ascension_mode":true,"campfire_choices":[{"floor":10,"key":"REST"},{"floor":12,"key":"REST"},{"floor":15,"key":"REST"},{"floor":23,"key":"REST"},{"floor":30,"key":"REST"},{"floor":32,"key":"REST"}],"neow_cost":"NONE","seed_source_timestamp":275919959571481,"circlet_count":0,"master_deck":["Strike_B","Strike_B","Defend_B","Defend_B","Defend_B","Zap","Dualcast","Gash","Glacier+1","Machine Learning","Static Discharge","Hello World","Leap+1","Go for the Eyes","Gash","Cold Snap+1","Buffer","Cold Snap+1","Rip and Tear","Self Repair","Double Energy+1","BootSequence+1","FTL+1","Sunder","Conserve Battery"],"relics":["Cracked Core","Smiling Mask","Bronze Scales","Anchor","Dream Catcher","Blue Candle","Black Star","War Paint","Lantern","Darkstone Periapt","Omamori","Du-Vu Doll","Whetstone"],"potions_floor_usage":[14,29,29,33,33],"damage_taken":[{"damage":1,"enemies":"2 Louse","floor":1,"turns":3},{"damage":8,"enemies":"Jaw Worm","floor":5,"turns":4},{"damage":34,"enemies":"3 Sentries","floor":6,"turns":13},{"damage":9,"enemies":"Lagavulin","floor":11,"turns":7},{"damage":0,"enemies":"Small Slimes","floor":13,"turns":3},{"damage":21,"enemies":"3 Sentries","floor":14,"turns":4},{"damage":15,"enemies":"Hexaghost","floor":16,"turns":8},{"damage":0,"enemies":"3 Byrds","floor":18,"turns":3},{"damage":7,"enemies":"Spheric Guardian","floor":19,"turns":5},{"damage":23,"enemies":"Snake Plant","floor":20,"turns":3},{"damage":15,"enemies":"Snecko","floor":24,"turns":7},{"damage":15,"enemies":"Book of Stabbing","floor":25,"turns":7},{"damage":25,"enemies":"Centurion and Healer","floor":27,"turns":7},{"damage":41,"enemies":"Gremlin Leader","floor":29,"turns":5},{"damage":26,"enemies":"Snake Plant","floor":31,"turns":4},{"damage":39,"enemies":"Automaton","floor":33,"turns":8}],"seed_played":"-2350841281132755081","potions_obtained":[{"floor":6,"key":"SmokeBomb"},{"floor":11,"key":"SkillPotion"},{"floor":13,"key":"Swift Potion"},{"floor":18,"key":"Regen Potion"},{"floor":20,"key":"SteroidPotion"},{"floor":21,"key":"FairyPotion"},{"floor":21,"key":"Strength Potion"},{"floor":29,"key":"Explosive Potion"},{"floor":31,"key":"Ancient Potion"}],"is_trial":false,"path_per_floor":["M","?","?","$","M","E","?","$","T","R","E","R","M","E","R","B",null,"M","M","M","?","$","R","M","E","T","M","?","E","R","M","R","B"],"character_chosen":"DEFECT","items_purchased":["Static Discharge","War Paint"],"campfire_rested":6,"item_purchase_floors":[8,22],"current_hp_per_floor":[67,72,72,72,64,30,30,30,30,54,45,69,69,48,72,57,74,74,67,44,44,44,68,60,52,52,34,34,8,32,13,37,0],"gold":315,"neow_bonus":"RANDOM_COMMON_RELIC","is_prod":false,"is_daily":false,"chose_seed":false,"campfire_upgraded":0,"win_rate":0,"timestamp":1550562809,"path_taken":["M","?","?","?","M","E","?","$","T","R","E","R","?","E","R","BOSS","M","M","M","?","$","R","?","E","T","M","?","E","R","M","R","BOSS"],"build_version":"2019-01-23","purchased_purges":1,"victory":false,"max_hp_per_floor":[75,80,80,80,80,80,80,80,80,80,80,80,80,80,80,80,80,80,80,80,80,80,80,80,80,80,80,80,80,80,80,80,80],"card_choices":[{"not_picked":["Go for the Eyes","Heatsinks"],"picked":"Gash","floor":1},{"not_picked":["Lockon","Chaos"],"picked":"Glacier","floor":5},{"not_picked":["Rebound","Beam Cell"],"picked":"Machine Learning","floor":6},{"not_picked":["Rebound","Leap"],"picked":"Hello World","floor":11},{"not_picked":["Darkness","Barrage"],"picked":"Leap","floor":12},{"not_picked":["Tempest","BootSequence"],"picked":"Go for the Eyes","floor":13},{"not_picked":["Go for the Eyes","Storm"],"picked":"Gash","floor":14},{"not_picked":["Rebound","Redo"],"picked":"Cold Snap","floor":15},{"not_picked":["Fission","Reboot"],"picked":"Buffer","floor":16},{"not_picked":["Hologram","Undo+1"],"picked":"Cold Snap+1","floor":18},{"not_picked":["Double Energy","Reinforced Body"],"picked":"Rip and Tear","floor":19},{"not_picked":["Stack","Go for the Eyes+1"],"picked":"Self Repair","floor":20},{"not_picked":["Sweeping Beam","Gash"],"picked":"Double Energy+1","floor":23},{"not_picked":["All For One","Rebound"],"picked":"BootSequence+1","floor":24},{"not_picked":["Melter","Coolheaded","Steam"],"picked":"SKIP","floor":25},{"not_picked":["Doom and Gloom","Reprogram"],"picked":"FTL","floor":27},{"not_picked":["Rebound","Turbo"],"picked":"Sunder","floor":29},{"not_picked":["Rebound","Lockon","Cold Snap+1"],"picked":"SKIP","floor":31},{"not_picked":["Chill","Steam+1"],"picked":"Conserve Battery","floor":32}],"player_experience":439691,"relics_obtained":[{"floor":6,"key":"Bronze Scales"},{"floor":9,"key":"Anchor"},{"floor":11,"key":"Dream Catcher"},{"floor":14,"key":"Blue Candle"},{"floor":25,"key":"Lantern"},{"floor":25,"key":"Darkstone Periapt"},{"floor":26,"key":"Omamori"},{"floor":29,"key":"Du-Vu Doll"},{"floor":29,"key":"Whetstone"}],"event_choices":[{"damage_healed":0,"gold_gain":0,"player_choice":"Donut","damage_taken":0,"max_hp_gain":5,"max_hp_loss":0,"event_name":"Big Fish","floor":2,"gold_loss":0},{"cards_removed":["Strike_B"],"damage_healed":0,"gold_gain":0,"player_choice":"Card Removal","damage_taken":0,"max_hp_gain":0,"max_hp_loss":0,"event_name":"The Cleric","floor":3,"gold_loss":50},{"cards_removed":["Defend_B"],"damage_healed":0,"gold_gain":0,"player_choice":"Card Removal","damage_taken":0,"max_hp_gain":0,"max_hp_loss":0,"event_name":"Wheel of Change","floor":7,"gold_loss":0},{"damage_healed":0,"gold_gain":0,"player_choice":"Got Potions","damage_taken":0,"max_hp_gain":0,"max_hp_loss":0,"event_name":"Lab","floor":21,"gold_loss":0},{"damage_healed":0,"gold_gain":100,"player_choice":"Pray","damage_taken":0,"max_hp_gain":0,"max_hp_loss":0,"event_name":"Golden Shrine","floor":28,"gold_loss":0}],"is_beta":false,"boss_relics":[{"not_picked":["Runic Pyramid","FrozenCore"],"picked":"Black Star"}],"items_purged_floors":[22],"is_endless":false,"potions_floor_spawned":[6,11,13,18,20,29,31],"killed_by":"Automaton","ascension_level":9}