{"gold_per_floor":[119,119,136,149,42,42,59,73,73,20,32,46,46,46,46,176,176,196,211,211,58,77,77,77,96,96,131,131,131,56,80,80,204,204,227,31,54,54,72,72,72,113,140,473,31,43,61,27,27,27],"floor_reached":51,"playtime":3932,"items_purged":["Regret","Writhe"],"score":750,"play_id":"a0d55d2e-097a-47c9-95ec-e77b99aa465c","local_time":"20181022033257","is_ascension_mode":true,"campfire_choices":[{"data":"Consume","floor":6,"key":"SMITH"},{"floor":13,"key":"REST"},{"floor":15,"key":"REST"},{"floor":23,"key":"REST"},{"data":"Capacitor","floor":29,"key":"SMITH"},{"data":"Electrodynamics","floor":32,"key":"SMITH"},{"data":"Defragment","floor":40,"key":"SMITH"},{"floor":49,"key":"REST"}],"neow_cost":"NONE","seed_source_timestamp":268762740209476,"circlet_count":0,"master_deck":["Strike_B","Strike_B","Strike_B","Strike_B","Defend_B","Defend_B","Defend_B","Defend_B","Zap+1","Consume+1","Loop","Genetic Algorithm","Conserve Battery","Leap","FTL","Electrodynamics+1","Chill+1","Thunder Strike+1","Coolheaded+1","Ball Lightning+1","Self Repair","Conserve Battery+1","Auto Shields+1","Capacitor+1","Doom and Gloom","Defragment+1","Leap","Creative AI","Streamline","Fusion","Static Discharge+1","Cold Snap","Go for the Eyes","Glacier"],"relics":["Cracked Core","Sundial","Dodecahedron","Astrolabe","Mercury Hourglass","Mummified Hand","Inserter","Lee\u0027s Waffle","Lantern","PreservedInsect","Incense Burner"],"potions_floor_usage":[16],"damage_taken":[{"damage":0,"enemies":"Small Slimes","floor":1,"turns":2},{"damage":1,"enemies":"Jaw Worm","floor":3,"turns":3},{"damage":4,"enemies":"2 Louse","floor":4,"turns":2},{"damage":0,"enemies":"2 Fungi Beasts","floor":7,"turns":4},{"damage":14,"enemies":"Large Slime","floor":8,"turns":5},{"damage":14,"enemies":"Exordium Thugs","floor":11,"turns":5},{"damage":6,"enemies":"3 Louse","floor":12,"turns":4},{"damage":54,"enemies":"Slime Boss","floor":16,"turns":15},{"damage":8,"enemies":"3 Byrds","floor":18,"turns":4},{"damage":20,"enemies":"Chosen","floor":19,"turns":9},{"damage":32,"enemies":"Snake Plant","floor":22,"turns":7},{"damage":10,"enemies":"Chosen and Byrds","floor":25,"turns":5},{"damage":21,"enemies":"Gremlin Leader","floor":27,"turns":7},{"damage":0,"enemies":"Shelled Parasite and Fungi","floor":31,"turns":5},{"damage":0,"enemies":"Collector","floor":33,"turns":6},{"damage":21,"enemies":"Orb Walker","floor":35,"turns":5},{"damage":20,"enemies":"3 Darklings","floor":37,"turns":5},{"damage":0,"enemies":"Jaw Worm Horde","floor":39,"turns":2},{"damage":47,"enemies":"Reptomancer","floor":42,"turns":8},{"damage":17,"enemies":"Sphere and 2 Shapes","floor":46,"turns":3},{"damage":4,"enemies":"Maw","floor":47,"turns":6},{"damage":9,"enemies":"Awakened One","floor":50,"turns":17}],"seed_played":"2674581911492879191","potions_obtained":[{"floor":1,"key":"FearPotion"},{"floor":3,"key":"Ancient Potion"},{"floor":7,"key":"EntropicBrew"},{"floor":12,"key":"Swift Potion"},{"floor":25,"key":"FearPotion"},{"floor":37,"key":"Regen Potion"},{"floor":42,"key":"SkillPotion"}],"is_trial":false,"path_per_floor":["M","?","M","M","$","R","M","M","T","$","M","M","R","?","R","B",null,"M","M","?","$","M","R","?","M","T","E","?","R","$","M","R","B",null,"M","$","M","?","M","R","?","E","T","?","$","M","M","$","R","B"],"character_chosen":"DEFECT","items_purchased":["Loop","Chill","Conserve Battery","Self Repair","Defragment","Lee\u0027s Waffle","Cold Snap","Incense Burner","Glacier"],"campfire_rested":4,"item_purchase_floors":[5,5,10,21,30,36,45,45,48],"current_hp_per_floor":[75,63,62,58,58,58,58,44,44,44,30,24,46,46,68,14,75,67,47,47,47,22,44,69,66,66,52,52,52,52,59,59,59,75,61,82,69,82,82,82,82,42,42,42,42,25,28,28,52,43],"gold":27,"neow_bonus":"UPGRADE_CARD","is_prod":false,"is_daily":false,"chose_seed":false,"campfire_upgraded":4,"win_rate":0,"timestamp":1540193577,"path_taken":["M","?","M","M","?","R","M","M","T","?","M","M","R","?","R","BOSS","M","M","?","$","M","R","?","?","T","E","?","R","$","M","R","BOSS","M","$","M","?","M","R","?","E","T","?","$","M","?","?","R","BOSS"],"build_version":"2018-10-18","purchased_purges":2,"victory":true,"max_hp_per_floor":[75,75,75,75,75,75,75,75,75,75,75,75,75,75,75,75,75,75,75,75,75,75,75,75,75,75,75,75,75,75,75,75,75,75,75,82,82,82,82,82,82,82,82,82,82,82,82,82,82,82],"card_choices":[{"not_picked":["Reinforced Body","Aggregate"],"picked":"Conserve Battery","floor":1},{"not_picked":["Steam","Turbo"],"picked":"Consume","floor":3},{"not_picked":["Doom and Gloom","Reinforced Body"],"picked":"Blizzard","floor":4},{"not_picked":["Streamline","Steam"],"picked":"Genetic Algorithm","floor":7},{"not_picked":["Rebound","Steam Power","Turbo"],"picked":"SKIP","floor":8},{"not_picked":["Streamline","Hologram"],"picked":"Leap","floor":11},{"not_picked":["Auto Shields","Meteor Strike"],"picked":"FTL","floor":12},{"not_picked":["Biased Cognition","Fission"],"picked":"Electrodynamics","floor":16},{"not_picked":["Turbo","Steam Power"],"picked":"Coolheaded+1","floor":18},{"not_picked":["Compile Driver","Streamline+1"],"picked":"Ball Lightning+1","floor":19},{"not_picked":["Darkness","Rainbow"],"picked":"Conserve Battery+1","floor":22},{"not_picked":["Heatsinks+1","Aggregate","Gash+1"],"picked":"SKIP","floor":25},{"not_picked":["Hologram+1","Consume"],"picked":"Auto Shields+1","floor":27},{"not_picked":["Redo+1","Steam Power"],"picked":"Leap","floor":31},{"not_picked":["Reboot","Thunder Strike"],"picked":"Creative AI","floor":33},{"not_picked":["Steam Power","Reinforced Body","Rebound"],"picked":"SKIP","floor":35},{"not_picked":["Conserve Battery","Chill"],"picked":"Streamline","floor":37},{"not_picked":["Rebound","Scrape+1"],"picked":"Fusion","floor":39},{"not_picked":["Barrage","Compile Driver+1"],"picked":"Static Discharge+1","floor":42},{"not_picked":["Conserve Battery+1","Compile Driver"],"picked":"Go for the Eyes","floor":46},{"not_picked":["Stack+1","Go for the Eyes","Blizzard+1"],"picked":"SKIP","floor":47}],"player_experience":83068,"relics_obtained":[{"floor":9,"key":"Dodecahedron"},{"floor":26,"key":"Mercury Hourglass"},{"floor":27,"key":"Mummified Hand"},{"floor":42,"key":"Lantern"},{"floor":43,"key":"PreservedInsect"}],"event_choices":[{"damage_healed":0,"gold_gain":0,"player_choice":"Success","damage_taken":12,"relics_obtained":["Sundial"],"max_hp_gain":0,"max_hp_loss":0,"event_name":"Scrap Ooze","floor":2,"gold_loss":0},{"damage_healed":0,"gold_gain":0,"player_choice":"Take Wound","damage_taken":0,"relics_obtained":["Golden Idol"],"max_hp_gain":0,"max_hp_loss":0,"event_name":"Golden Idol","floor":14,"gold_loss":0,"cards_obtained":["Injury"]},{"damage_healed":0,"gold_gain":0,"player_choice":"Bought 0 Potions","damage_taken":0,"max_hp_gain":0,"max_hp_loss":0,"event_name":"The Woman in Blue","floor":20,"gold_loss":0},{"damage_healed":25,"gold_gain":0,"player_choice":"Heal","damage_taken":0,"max_hp_gain":0,"max_hp_loss":0,"event_name":"The Library","floor":24,"gold_loss":0},{"damage_healed":0,"gold_gain":0,"cards_transformed":["Conserve Battery","Chill"],"player_choice":"Became Test Subject","damage_taken":0,"max_hp_gain":0,"max_hp_loss":0,"event_name":"Drug Dealer","floor":28,"gold_loss":0,"cards_obtained":["Capacitor","Doom and Gloom"]},{"damage_healed":21,"gold_gain":0,"player_choice":"Writhe","damage_taken":0,"max_hp_gain":0,"max_hp_loss":0,"event_name":"Winding Halls","floor":38,"gold_loss":0,"cards_obtained":["Writhe"]},{"damage_healed":0,"gold_gain":0,"player_choice":"Ignored","damage_taken":0,"max_hp_gain":0,"max_hp_loss":0,"event_name":"Tomb of Lord Red Mask","floor":41,"gold_loss":0},{"damage_healed":0,"gold_gain":333,"player_choice":"Gave Idol","damage_taken":0,"max_hp_gain":0,"max_hp_loss":0,"event_name":"The Moai Head","floor":44,"relics_lost":["Golden Idol"],"gold_loss":0}],"is_beta":false,"boss_relics":[{"not_picked":["Calling Bell","Velvet Choker"],"picked":"Astrolabe"},{"not_picked":["Orrery","Cursed Key"],"picked":"Inserter"}],"items_purged_floors":[21,45],"is_endless":false,"potions_floor_spawned":[1,3,7,12,25,31,37,42,46],"ascension_level":1}