{"gold_per_floor":[109,122,122,197,217,217,251,46,99,123,123,135,147,175,175,175],"floor_reached":16,"playtime":881,"items_purged":[],"score":138,"play_id":"ff8da4be-8fb0-465c-b127-27ce08b0b195","local_time":"20190207233957","is_ascension_mode":true,"campfire_choices":[{"data":"Infernal Blade","floor":6,"key":"SMITH"},{"floor":15,"key":"REST"}],"neow_cost":"NONE","seed_source_timestamp":2287433766643641,"circlet_count":0,"master_deck":["Strike_R","Strike_R","Strike_R","Strike_R","Strike_R","Defend_R","Defend_R","Defend_R","Defend_R","Bash","Flame Barrier","Armaments","Infernal Blade+1","Warcry","Shrug It Off","Brutality","Shrug It Off","Iron Wave"],"relics":["Burning Blood","MawBank","Sling","Red Skull","Pen Nib","Singing Bowl"],"potions_floor_usage":[12,14,16],"damage_taken":[{"damage":5,"enemies":"Small Slimes","floor":1,"turns":3},{"damage":0,"enemies":"Jaw Worm","floor":2,"turns":3},{"damage":2,"enemies":"Cultist","floor":5,"turns":5},{"damage":68,"enemies":"Gremlin Nob","floor":7,"turns":6},{"damage":13,"enemies":"Exordium Thugs","floor":12,"turns":3},{"damage":0,"enemies":"Large Slime","floor":13,"turns":4},{"damage":3,"enemies":"3 Sentries","floor":14,"turns":7},{"damage":59,"enemies":"Slime Boss","floor":16,"turns":9}],"seed_played":"8025471892262754534","potions_obtained":[{"floor":1,"key":"Dexterity Potion"},{"floor":7,"key":"AttackPotion"},{"floor":14,"key":"Strength Potion"}],"is_trial":false,"path_per_floor":["M","M","?","?","M","R","E","$","T","T","?","M","M","E","R","B"],"character_chosen":"IRONCLAD","items_purchased":["Sling","Shrug It Off"],"campfire_rested":1,"item_purchase_floors":[8,8],"current_hp_per_floor":[88,88,93,84,88,88,26,26,26,26,26,19,25,28,55,0],"gold":175,"neow_bonus":"TEN_PERCENT_HP_BONUS","is_prod":false,"is_daily":false,"chose_seed":false,"campfire_upgraded":1,"win_rate":0,"timestamp":1549611597,"path_taken":["M","M","?","?","?","R","E","$","T","?","?","M","M","E","R","BOSS"],"build_version":"2019-01-23","purchased_purges":0,"victory":false,"max_hp_per_floor":[88,88,93,93,93,93,93,93,93,93,93,93,93,93,93,93],"card_choices":[{"not_picked":["Clothesline","Warcry"],"picked":"Flame Barrier","floor":1},{"not_picked":["Entrench","Clothesline"],"picked":"Armaments","floor":2},{"not_picked":["Clash","Headbutt"],"picked":"Infernal Blade","floor":5},{"not_picked":["Immolate","Havoc"],"picked":"Warcry","floor":7},{"not_picked":["Sever Soul","Carnage","Perfected Strike"],"picked":"SKIP","floor":12},{"not_picked":["Evolve","True Grit"],"picked":"Shrug It Off","floor":13},{"not_picked":["Rage","Clothesline"],"picked":"Iron Wave","floor":14}],"player_experience":263532,"relics_obtained":[{"floor":7,"key":"MawBank"},{"floor":9,"key":"Red Skull"},{"floor":10,"key":"Pen Nib"},{"floor":14,"key":"Singing Bowl"}],"event_choices":[{"damage_healed":0,"gold_gain":0,"player_choice":"Donut","damage_taken":0,"max_hp_gain":5,"max_hp_loss":0,"event_name":"Big Fish","floor":3,"gold_loss":0},{"damage_healed":0,"gold_gain":75,"player_choice":"Touch","damage_taken":9,"max_hp_gain":0,"max_hp_loss":0,"event_name":"FaceTrader","floor":4,"gold_loss":0},{"damage_healed":0,"gold_gain":0,"player_choice":"1 cards matched","damage_taken":0,"max_hp_gain":0,"max_hp_loss":0,"event_name":"Match and Keep!","floor":11,"gold_loss":0,"cards_obtained":["Brutality"]}],"is_beta":false,"boss_relics":[],"items_purged_floors":[],"is_endless":false,"potions_floor_spawned":[1,7,14],"killed_by":"Slime Boss","ascension_level":5}