{"gold_per_floor":[17,17,17,17,35,51,51,75,75,93,127,127,145,163,163,282,282,295,370,370,295,308,308,333,356,379,379,379,399,414,428,428,428],"floor_reached":33,"playtime":2297,"items_purged":["Strike_B"],"score":291,"play_id":"2082b1c0-f999-4f53-a692-c8a0c12e0beb","local_time":"20181008201806","is_ascension_mode":true,"campfire_choices":[{"data":"Defragment","floor":12,"key":"SMITH"},{"floor":15,"key":"REST"},{"floor":23,"key":"REST"},{"floor":28,"key":"REST"},{"floor":32,"key":"REST"}],"neow_cost":"NO_GOLD","seed_source_timestamp":0,"circlet_count":0,"master_deck":["Defend_B","Defend_B+1","Defend_B","Defend_B+1","Zap","Dualcast+1","Thunder Strike","Cold Snap+1","Chill","Cold Snap","Self Repair","Chaos+1","Capacitor","Defragment+1","Double Energy","Doom and Gloom","Seek","Defragment","Sunder","Melter+1","Capacitor","All For One","Static Discharge+1","Blizzard+1"],"special_seed":0,"relics":["Cracked Core","Golden Idol","Gremlin Horn","Letter Opener","Snecko Eye","War Paint"],"potions_floor_usage":[11,16,18,29,29,33],"damage_taken":[{"damage":8,"enemies":"Small Slimes","floor":1,"turns":4},{"damage":5,"enemies":"Jaw Worm","floor":5,"turns":3},{"damage":0,"enemies":"2 Louse","floor":6,"turns":2},{"damage":0,"enemies":"Large Slime","floor":8,"turns":6},{"damage":9,"enemies":"Blue Slaver","floor":10,"turns":4},{"damage":24,"enemies":"Gremlin Nob","floor":11,"turns":4},{"damage":3,"enemies":"Exordium Wildlife","floor":13,"turns":4},{"damage":9,"enemies":"Large Slime","floor":14,"turns":3},{"damage":20,"enemies":"Hexaghost","floor":16,"turns":9},{"damage":36,"enemies":"Shell Parasite","floor":18,"turns":5},{"damage":21,"enemies":"3 Byrds","floor":22,"turns":4},{"damage":12,"enemies":"Snake Plant","floor":24,"turns":4},{"damage":21,"enemies":"Cultist and Chosen","floor":25,"turns":5},{"damage":10,"enemies":"Centurion and Healer","floor":29,"turns":6},{"damage":10,"enemies":"Snecko","floor":30,"turns":5},{"damage":22,"enemies":"Shelled Parasite and Fungi","floor":31,"turns":4},{"damage":37,"enemies":"Collector","floor":33,"turns":3}],"seed_played":"494936771077610678","potions_obtained":[{"floor":1,"key":"PowerPotion"},{"floor":5,"key":"Weak Potion"},{"floor":8,"key":"PowerPotion"},{"floor":10,"key":"Fire Potion"},{"floor":16,"key":"Ancient Potion"},{"floor":18,"key":"EntropicBrew"},{"floor":22,"key":"SkillPotion"},{"floor":25,"key":"Energy Potion"},{"floor":29,"key":"SkillPotion"}],"is_trial":false,"path_per_floor":["M","?","?","?","M","M","?","M","T","M","E","R","M","M","R","B",null,"M","?","?","$","M","R","M","M","T","?","R","M","M","M","R"],"character_chosen":"DEFECT","items_purchased":[],"campfire_rested":4,"item_purchase_floors":[],"current_hp_per_floor":[67,49,49,34,29,29,54,61,61,59,42,42,46,37,59,46,75,46,39,39,39,18,40,35,14,14,14,36,33,30,15,37,0],"gold":428,"neow_bonus":"TRANSFORM_TWO_CARDS","is_prod":false,"is_daily":false,"chose_seed":false,"campfire_upgraded":1,"win_rate":0,"timestamp":1539026286,"path_taken":["M","?","?","?","M","?","?","?","T","?","E","R","M","M","R","BOSS","M","?","?","$","M","R","?","M","T","?","R","M","?","M","R","BOSS"],"build_version":"2018-10-04v2","purchased_purges":1,"victory":false,"max_hp_per_floor":[75,75,75,75,75,75,75,75,75,75,75,75,75,75,75,75,75,75,75,75,75,75,75,75,75,75,75,75,75,75,75,75,75],"card_choices":[{"not_picked":["Redo","FTL"],"picked":"Chill","floor":1},{"not_picked":["Ball Lightning","White Noise"],"picked":"Cold Snap","floor":5},{"not_picked":["Skim","Redo"],"picked":"Self Repair","floor":6},{"not_picked":["Go for the Eyes","Ball Lightning"],"picked":"Chaos","floor":8},{"not_picked":["White Noise","Storm"],"picked":"Capacitor","floor":10},{"not_picked":["Consume","Compile Driver"],"picked":"Defragment","floor":11},{"not_picked":["Sweeping Beam","Steam"],"picked":"Double Energy","floor":13},{"not_picked":["Recycle","Steam"],"picked":"Doom and Gloom","floor":14},{"not_picked":["Amplify","Reboot"],"picked":"Seek","floor":16},{"not_picked":["Redo","Cold Snap"],"picked":"Defragment","floor":18},{"not_picked":["Steam+1","Ball Lightning","FTL"],"picked":"SKIP","floor":22},{"not_picked":["FTL","Sweeping Beam"],"picked":"Melter+1","floor":24},{"not_picked":["Compile Driver","Turbo"],"picked":"Capacitor","floor":25},{"not_picked":["Recycle+1","Leap"],"picked":"All For One","floor":29},{"not_picked":["Force Field","Cold Snap"],"picked":"Static Discharge+1","floor":30},{"not_picked":["Ball Lightning","Barrage"],"picked":"Blizzard+1","floor":31}],"player_experience":79656,"relics_obtained":[{"floor":9,"key":"Gremlin Horn"},{"floor":11,"key":"Letter Opener"},{"floor":26,"key":"War Paint"}],"event_choices":[{"event_name":"Golden Idol","player_choice":"Take Damage","floor":2,"damage_taken":0},{"event_name":"Living Wall","player_choice":"Grow","floor":3,"damage_taken":0},{"event_name":"Shining Light","player_choice":"Entered Light","floor":4,"damage_taken":0},{"event_name":"Big Fish","player_choice":"Banana","floor":7,"damage_taken":0},{"event_name":"FaceTrader","player_choice":"Touch","floor":19,"damage_taken":0},{"event_name":"The Library","player_choice":"Read","floor":20,"damage_taken":0},{"event_name":"Wheel of Change","player_choice":"Card Removal","floor":27,"damage_taken":0}],"is_beta":false,"boss_relics":[{"not_picked":["Philosopher\u0027s Stone","Coffee Dripper"],"picked":"Snecko Eye"}],"items_purged_floors":[21],"is_endless":false,"potions_floor_spawned":[1,5,8,10,16,18,22,25,29],"killed_by":"Collector","ascension_level":3}