{"gold_per_floor":[118,118,4,4,19,19,39,71,71,71,91,111,111,144,144,144],"floor_reached":16,"playtime":550,"items_purged":["Strike_G"],"score":110,"play_id":"6fa38984-8520-4b64-8153-a9edd8deea6c","local_time":"20190217031437","is_ascension_mode":false,"campfire_choices":[{"floor":6,"key":"RECALL"},{"floor":13,"key":"REST"},{"floor":15,"key":"REST"}],"neow_cost":"NONE","seed_source_timestamp":5542002241659,"circlet_count":0,"master_deck":["Defend_G","Defend_G","Defend_G+1","Defend_G+1","Defend_G","Strike_G","Strike_G","Strike_G","Strike_G","Survivor","Neutralize","Crippling Poison+1","Predator","Cloak And Dagger","Dash","PiercingWail","Acrobatics"],"relics":["Ring of the Snake","NeowsBlessing","Pantograph","Blue Candle"],"potions_floor_usage":[16],"damage_taken":[{"damage":0,"enemies":"Small Slimes","floor":1,"turns":1},{"damage":0,"enemies":"Jaw Worm","floor":5,"turns":1},{"damage":0,"enemies":"Cultist","floor":7,"turns":1},{"damage":12,"enemies":"3 Sentries","floor":8,"turns":8},{"damage":4,"enemies":"3 Louse","floor":11,"turns":2},{"damage":4,"enemies":"Lots of Slimes","floor":12,"turns":2},{"damage":49,"enemies":"Gremlin Nob","floor":14,"turns":6},{"damage":56,"enemies":"Slime Boss","floor":16,"turns":13}],"seed_played":"1886989804359797854","potions_obtained":[{"floor":7,"key":"Poison Potion"},{"floor":11,"key":"SpeedPotion"}],"is_trial":false,"path_per_floor":["M","?","$","?","M","R","M","E","T","?","M","M","R","E","R","B"],"character_chosen":"THE_SILENT","items_purchased":["Predator"],"campfire_rested":2,"item_purchase_floors":[3],"current_hp_per_floor":[70,56,56,56,56,56,56,44,44,44,40,36,57,8,29,0],"gold":144,"neow_bonus":"THREE_ENEMY_KILL","is_prod":false,"is_daily":false,"chose_seed":false,"campfire_upgraded":0,"win_rate":0,"timestamp":1550391277,"path_taken":["M","?","$","?","?","R","M","E","T","?","M","M","R","E","R","BOSS"],"build_version":"2019-01-23","purchased_purges":1,"victory":false,"max_hp_per_floor":[70,70,70,70,70,70,70,70,70,70,70,70,70,70,70,70],"card_choices":[{"not_picked":["Blade Dance","Deflect"],"picked":"Crippling Poison","floor":1},{"not_picked":["Reflex","Underhanded Strike"],"picked":"Cloak And Dagger","floor":5},{"not_picked":["Concentrate","Deadly Poison"],"picked":"Dash","floor":7},{"not_picked":["Quick Slash","Dodge and Roll"],"picked":"PiercingWail","floor":8},{"not_picked":["Infinite Blades","Finisher","Cloak And Dagger"],"picked":"SKIP","floor":11},{"not_picked":["Outmaneuver","Tactician"],"picked":"Acrobatics","floor":12},{"not_picked":["Bouncing Flask","Sucker Punch","Outmaneuver"],"picked":"SKIP","floor":14}],"player_experience":177402,"relics_obtained":[{"floor":8,"key":"Pantograph"},{"floor":14,"key":"Blue Candle"}],"event_choices":[{"damage_healed":0,"gold_gain":0,"player_choice":"Entered Light","damage_taken":14,"max_hp_gain":0,"max_hp_loss":0,"event_name":"Shining Light","floor":2,"gold_loss":0,"cards_upgraded":["Defend_G","Defend_G"]},{"damage_healed":0,"gold_gain":0,"player_choice":"Upgraded","damage_taken":0,"max_hp_gain":0,"max_hp_loss":0,"event_name":"Upgrade Shrine","floor":4,"gold_loss":0,"cards_upgraded":["Crippling Poison"]},{"damage_healed":0,"gold_gain":0,"player_choice":"Ignored","damage_taken":0,"max_hp_gain":0,"max_hp_loss":0,"event_name":"Liars Game","floor":10,"gold_loss":0}],"is_beta":false,"boss_relics":[],"items_purged_floors":[3],"is_endless":false,"potions_floor_spawned":[7,11],"killed_by":"Slime Boss","ascension_level":0}