{"gold_per_floor":[119,44,64,84,84,113,113,142,216,235,235,235,235,262,262,337,337,354,269,298,37,37,37,64,64,64,64,64,97,97,127,127,204,204,214,214,226,281,281,281],"floor_reached":40,"playtime":2656,"items_purged":["Defend_R"],"score":838,"play_id":"19fc6ee5-76cc-49a3-993c-d1453ba06cf8","local_time":"20190223170833","is_ascension_mode":true,"campfire_choices":[{"floor":7,"key":"REST"},{"floor":12,"key":"REST"},{"data":"Inflame","floor":15,"key":"SMITH"},{"floor":23,"key":"REST"},{"floor":27,"key":"REST"},{"data":"Armaments","floor":30,"key":"SMITH"},{"data":"Pommel Strike","floor":32,"key":"SMITH"}],"neow_cost":"PERCENT_DAMAGE","seed_source_timestamp":684177883707672,"circlet_count":0,"master_deck":["AscendersBane","Strike_R","Strike_R","Defend_R","Bash+1","Shrug It Off","Clothesline","Inflame+1","Flex","Searing Blow","Shrug It Off","Whirlwind","Reaper","Warcry+1","Dark Embrace+1","Havoc+1","Anger","Heavy Blade+1","Pommel Strike+1","Armaments+1","Offering","Spot Weakness","Juggernaut","Writhe"],"relics":["Burning Blood","Pocketwatch","WingedGreaves","Pen Nib","Pantograph","Shuriken","Astrolabe","Magic Flower","Red Mask","Kunai","Self Forming Clay","PreservedInsect","Mango","Gremlin Horn","Red Skull","Fusion Hammer","Prayer Wheel"],"potions_floor_usage":[6,8,18,20,35,38],"damage_taken":[{"damage":10,"enemies":"Small Slimes","floor":1,"turns":3},{"damage":2,"enemies":"Cultist","floor":3,"turns":4},{"damage":4,"enemies":"Jaw Worm","floor":4,"turns":3},{"damage":27,"enemies":"Lagavulin","floor":6,"turns":6},{"damage":31,"enemies":"3 Sentries","floor":8,"turns":9},{"damage":5,"enemies":"2 Fungi Beasts","floor":10,"turns":4},{"damage":6,"enemies":"Gremlin Nob","floor":14,"turns":3},{"damage":33,"enemies":"The Guardian","floor":16,"turns":14},{"damage":21,"enemies":"Chosen","floor":18,"turns":5},{"damage":42,"enemies":"Masked Bandits","floor":20,"turns":4},{"damage":50,"enemies":"Slavers","floor":24,"turns":6},{"damage":3,"enemies":"Gremlin Leader","floor":29,"turns":4},{"damage":16,"enemies":"Slavers","floor":31,"turns":3},{"damage":56,"enemies":"Collector","floor":33,"turns":6},{"damage":27,"enemies":"3 Darklings","floor":35,"turns":3},{"damage":9,"enemies":"Orb Walker","floor":37,"turns":2},{"damage":51,"enemies":"2 Orb Walkers","floor":38,"turns":4},{"damage":86,"enemies":"Nemesis","floor":40,"turns":5}],"seed_played":"-5585706969490369346","potions_obtained":[{"floor":4,"key":"Poison Potion"},{"floor":6,"key":"BloodPotion"},{"floor":14,"key":"Swift Potion"},{"floor":16,"key":"Strength Potion"},{"floor":29,"key":"SpeedPotion"},{"floor":33,"key":"Explosive Potion"},{"floor":35,"key":"Strength Potion"}],"is_trial":false,"path_per_floor":["M","$","M","M","?","E","R","E","T","M","?","R","?","E","R","B",null,"M","?","?","$","T","R","E","$","T","R","$","E","R","E","R","B",null,"M","$","M","?","?","E"],"character_chosen":"IRONCLAD","items_purchased":["Kunai"],"campfire_rested":4,"item_purchase_floors":[21],"current_hp_per_floor":[46,46,50,52,52,31,53,35,35,36,29,51,51,51,51,48,68,61,61,39,39,39,61,52,52,66,89,89,89,89,82,82,42,77,84,84,89,67,85,0],"gold":281,"neow_bonus":"ONE_RARE_RELIC","is_prod":false,"is_daily":false,"chose_seed":false,"campfire_upgraded":3,"win_rate":0,"timestamp":1550970513,"path_taken":["M","$","M","M","?","E","R","E","T","?","?","R","?","E","R","BOSS","M","?","?","$","?","R","E","$","T","R","?","E","R","E","R","BOSS","M","$","?","?","?","E"],"build_version":"2019-01-23","purchased_purges":1,"victory":false,"max_hp_per_floor":[75,75,75,75,75,75,75,75,75,75,75,75,75,75,75,75,75,75,75,75,75,75,75,75,75,89,89,89,89,89,89,89,89,89,89,89,89,89,89,89],"card_choices":[{"not_picked":["Havoc","Wild Strike"],"picked":"Shrug It Off","floor":1},{"not_picked":["Clash","Headbutt"],"picked":"Clothesline","floor":3},{"not_picked":["Sever Soul","Sword Boomerang"],"picked":"Inflame","floor":4},{"not_picked":["Limit Break","Iron Wave"],"picked":"Flex","floor":6},{"not_picked":["Iron Wave","Whirlwind"],"picked":"Searing Blow","floor":8},{"not_picked":["Armaments","Body Slam"],"picked":"Shrug It Off","floor":10},{"not_picked":["Havoc","Entrench"],"picked":"Whirlwind","floor":14},{"not_picked":["Exhume","Dark Embrace"],"picked":"Reaper","floor":16},{"not_picked":["Armaments","Wild Strike"],"picked":"Anger","floor":18},{"not_picked":["Dual Wield","Searing Blow"],"picked":"Heavy Blade+1","floor":20},{"not_picked":["Second Wind","Exhume"],"picked":"Pommel Strike","floor":24},{"not_picked":["Flex","Fiend Fire"],"picked":"Armaments","floor":29},{"not_picked":["Flex","Warcry","Body Slam"],"picked":"SKIP","floor":31},{"not_picked":["Limit Break","Fiend Fire"],"picked":"Offering","floor":33},{"not_picked":["Perfected Strike","Havoc","Rupture"],"picked":"SKIP","floor":35},{"not_picked":["Headbutt","Searing Blow+1"],"picked":"Spot Weakness","floor":37},{"not_picked":["Iron Wave","Twin Strike"],"picked":"Juggernaut","floor":38}],"player_experience":493420,"relics_obtained":[{"floor":6,"key":"WingedGreaves"},{"floor":8,"key":"Pen Nib"},{"floor":9,"key":"Pantograph"},{"floor":14,"key":"Shuriken"},{"floor":20,"key":"Red Mask"},{"floor":22,"key":"Self Forming Clay"},{"floor":24,"key":"PreservedInsect"},{"floor":26,"key":"Mango"},{"floor":29,"key":"Gremlin Horn"},{"floor":31,"key":"Red Skull"},{"floor":38,"key":"Prayer Wheel"}],"event_choices":[{"cards_removed":["Strike_R"],"damage_healed":0,"gold_gain":0,"player_choice":"Purged","damage_taken":0,"max_hp_gain":0,"max_hp_loss":0,"event_name":"Purifier","floor":5,"gold_loss":0},{"cards_removed":["Defend_R"],"damage_healed":0,"gold_gain":0,"player_choice":"Card Removal","damage_taken":7,"max_hp_gain":0,"max_hp_loss":0,"event_name":"Golden Wing","floor":11,"gold_loss":0},{"damage_healed":0,"gold_gain":0,"player_choice":"Grow","damage_taken":0,"max_hp_gain":0,"max_hp_loss":0,"event_name":"Living Wall","floor":13,"gold_loss":0,"cards_upgraded":["Bash"]},{"damage_healed":0,"gold_gain":0,"player_choice":"Obtained Relic","damage_taken":0,"relics_obtained":["Magic Flower"],"max_hp_gain":0,"max_hp_loss":0,"event_name":"Addict","floor":19,"gold_loss":85},{"damage_healed":0,"gold_gain":0,"player_choice":"Fought Bandits","damage_taken":0,"max_hp_gain":0,"max_hp_loss":0,"event_name":"Masked Bandits","floor":20,"gold_loss":0},{"damage_healed":0,"gold_gain":0,"player_choice":"Fight","damage_taken":0,"max_hp_gain":0,"max_hp_loss":0,"event_name":"Mysterious Sphere","floor":38,"gold_loss":0},{"damage_healed":18,"gold_gain":0,"player_choice":"Writhe","damage_taken":0,"max_hp_gain":0,"max_hp_loss":0,"event_name":"Winding Halls","floor":39,"gold_loss":0,"cards_obtained":["Writhe"]}],"is_beta":false,"boss_relics":[{"not_picked":["Runic Dome","Ectoplasm"],"picked":"Astrolabe"},{"not_picked":["White Beast Statue","Tiny House"],"picked":"Fusion Hammer"}],"items_purged_floors":[2],"is_endless":false,"potions_floor_spawned":[4,6,14,16,29,33,35],"killed_by":"Nemesis","ascension_level":15}