{"gold_per_floor":[119,69,69,69,69,69,113,113,113,113,146,74,97,113,113,236,236,256,279,279,279,292,328,328,347,373,150,166,210,21,40,40,160,160,183,183,135,160,180,180,180,180,180,220,234,334,334,30,30,30],"floor_reached":51,"playtime":3448,"items_purged":["Chill"],"score":1048,"play_id":"26a35e47-94e8-49c3-9667-06812adc8cde","local_time":"20190210114248","is_ascension_mode":true,"campfire_choices":[{"data":"Zap","floor":6,"key":"SMITH"},{"data":"Static Discharge","floor":8,"key":"SMITH"},{"floor":15,"key":"REST"},{"floor":24,"key":"REST"},{"floor":32,"key":"REST"},{"data":"Storm","floor":40,"key":"SMITH"},{"data":"Echo Form","floor":42,"key":"SMITH"},{"data":"Buffer","floor":47,"key":"SMITH"},{"data":"Static Discharge","floor":49,"key":"SMITH"}],"neow_cost":"NONE","seed_source_timestamp":2501029510354838,"circlet_count":0,"master_deck":["Strike_B","Strike_B","Defend_B","Defend_B","Zap+1","Dualcast","Go for the Eyes","Heatsinks","Static Discharge+1","Loop","Defragment+1","Gash","Stack","Sweeping Beam","Ghostly","Ghostly","Ghostly","Ghostly","Ghostly","Ball Lightning","Static Discharge+1","Storm+1","Compile Driver+1","Ball Lightning+1","Self Repair","Turbo+1","Echo Form+1","Sweeping Beam+1","Gash","Go for the Eyes","Barrage","Ghostly","Buffer+1"],"relics":["Cracked Core","NeowsBlessing","Golden Idol","Sundial","Gambling Chip","Ice Cream","Inserter","Gremlin Horn","Potion Belt","PreservedInsect","Dodecahedron","Tiny Chest","Philosopher\u0027s Stone","Omamori","Incense Burner","Anchor","Blood Vial"],"potions_floor_usage":[16,18,19,28,28,29,50,50,50,50],"damage_taken":[{"damage":0,"enemies":"Small Slimes","floor":1,"turns":1},{"damage":0,"enemies":"3 Sentries","floor":7,"turns":1},{"damage":0,"enemies":"Lagavulin","floor":11,"turns":1},{"damage":4,"enemies":"Jaw Worm","floor":13,"turns":3},{"damage":2,"enemies":"2 Louse","floor":14,"turns":3},{"damage":26,"enemies":"Hexaghost","floor":16,"turns":5},{"damage":23,"enemies":"2 Thieves","floor":18,"turns":3},{"damage":25,"enemies":"Shell Parasite","floor":19,"turns":5},{"damage":2,"enemies":"Sentry and Sphere","floor":22,"turns":5},{"damage":6,"enemies":"Book of Stabbing","floor":23,"turns":4},{"damage":2,"enemies":"Snecko","floor":25,"turns":7},{"damage":3,"enemies":"Centurion and Healer","floor":28,"turns":4},{"damage":6,"enemies":"Slavers","floor":29,"turns":3},{"damage":5,"enemies":"Cultist and Chosen","floor":31,"turns":5},{"damage":16,"enemies":"Automaton","floor":33,"turns":8},{"damage":3,"enemies":"Orb Walker","floor":35,"turns":3},{"damage":2,"enemies":"3 Shapes","floor":38,"turns":4},{"damage":6,"enemies":"Jaw Worm Horde","floor":39,"turns":4},{"damage":4,"enemies":"Reptomancer","floor":44,"turns":4},{"damage":3,"enemies":"4 Shapes","floor":45,"turns":4},{"damage":13,"enemies":"Awakened One","floor":50,"turns":9}],"seed_played":"-4288204434994064761","potions_obtained":[{"floor":11,"key":"Fire Potion"},{"floor":13,"key":"AttackPotion"},{"floor":14,"key":"Fire Potion"},{"floor":18,"key":"SkillPotion"},{"floor":22,"key":"Swift Potion"},{"floor":28,"key":"Regen Potion"},{"floor":29,"key":"Fire Potion"},{"floor":35,"key":"Ancient Potion"},{"floor":39,"key":"Strength Potion"},{"floor":45,"key":"Fire Potion"}],"is_trial":false,"path_per_floor":["M","?","$","?","?","R","E","R","T","?","E","$","M","M","R","B",null,"M","M","?","?","M","E","R","M","T","$","M","E","$","M","R","B",null,"M","?","$","M","M","R","?","R","T","E","M","?","R","$","R","B",null],"character_chosen":"DEFECT","items_purchased":["Defragment","PreservedInsect","Tiny Chest","Self Repair","Gash","Anchor","Blood Vial"],"campfire_rested":3,"item_purchase_floors":[12,27,30,30,37,48,48],"current_hp_per_floor":[68,68,68,68,68,68,68,68,68,61,61,61,57,55,69,43,63,40,15,15,15,13,7,17,15,15,15,12,18,18,20,30,14,29,26,26,26,31,32,32,32,32,32,34,31,31,31,31,31,27],"gold":30,"neow_bonus":"THREE_ENEMY_KILL","is_prod":false,"is_daily":false,"chose_seed":false,"campfire_upgraded":6,"win_rate":0,"timestamp":1549827768,"path_taken":["M","?","$","?","?","R","E","R","T","?","E","?","?","M","R","BOSS","M","M","?","?","?","E","R","M","T","$","M","E","?","M","R","BOSS","M","?","$","M","?","R","?","R","T","E","?","?","R","?","R","BOSS"],"build_version":"2019-01-23","purchased_purges":1,"victory":true,"max_hp_per_floor":[75,75,75,75,69,69,69,69,69,69,69,69,69,69,69,69,69,69,69,34,34,34,34,34,34,34,34,34,34,34,34,34,34,34,34,34,34,34,34,34,34,34,34,34,34,34,34,34,34,34],"card_choices":[{"not_picked":["Hologram","Streamline"],"picked":"Go for the Eyes","floor":1},{"not_picked":["Undo","Force Field"],"picked":"Static Discharge","floor":7},{"not_picked":["Redo","Scrape"],"picked":"Loop","floor":11},{"not_picked":["Reinforced Body","Fusion"],"picked":"Gash","floor":13},{"not_picked":["Turbo","Consume"],"picked":"Stack","floor":14},{"not_picked":["Auto Shields","Steam+1"],"picked":"Sweeping Beam","floor":18},{"not_picked":["Capacitor","Streamline"],"picked":"Chill","floor":19},{"not_picked":["Redo","Undo"],"picked":"Ball Lightning","floor":22},{"not_picked":["Genetic Algorithm","Auto Shields+1"],"picked":"Static Discharge","floor":23},{"not_picked":["Lockon","Go for the Eyes"],"picked":"Storm","floor":25},{"not_picked":["Turbo","Stack+1"],"picked":"Compile Driver+1","floor":28},{"not_picked":["Steam Power","Thunder Strike"],"picked":"Ball Lightning+1","floor":29},{"not_picked":["Compile Driver","Glacier"],"picked":"Turbo+1","floor":31},{"not_picked":["Creative AI","Machine Learning"],"picked":"Echo Form","floor":33},{"not_picked":["Ball Lightning+1","Beam Cell"],"picked":"Sweeping Beam+1","floor":35},{"not_picked":["Rebound+1","Seek"],"picked":"Go for the Eyes","floor":38},{"not_picked":["Melter","Cold Snap"],"picked":"Barrage","floor":39},{"not_picked":["Consume+1","Steam Power+1"],"picked":"Buffer","floor":44},{"not_picked":["Stack","Steam Power","Turbo+1"],"picked":"SKIP","floor":45}],"player_experience":322637,"relics_obtained":[{"floor":7,"key":"Sundial"},{"floor":9,"key":"Gambling Chip"},{"floor":11,"key":"Ice Cream"},{"floor":23,"key":"Gremlin Horn"},{"floor":26,"key":"Potion Belt"},{"floor":29,"key":"Dodecahedron"},{"floor":43,"key":"Omamori"},{"floor":44,"key":"Incense Burner"}],"event_choices":[{"cards_removed":["Strike_B"],"damage_healed":0,"gold_gain":0,"player_choice":"Card Removal","damage_taken":0,"max_hp_gain":0,"max_hp_loss":0,"event_name":"The Cleric","floor":2,"gold_loss":50},{"damage_healed":0,"gold_gain":0,"cards_transformed":["Defend_B"],"player_choice":"Change","damage_taken":0,"max_hp_gain":0,"max_hp_loss":0,"event_name":"Living Wall","floor":4,"gold_loss":0,"cards_obtained":["Heatsinks"]},{"damage_healed":0,"gold_gain":0,"player_choice":"Lose Max HP","damage_taken":0,"relics_obtained":["Golden Idol"],"max_hp_gain":0,"max_hp_loss":6,"event_name":"Golden Idol","floor":5,"gold_loss":0},{"cards_removed":["Strike_B"],"damage_healed":0,"gold_gain":0,"player_choice":"Card Removal","damage_taken":7,"max_hp_gain":0,"max_hp_loss":0,"event_name":"Golden Wing","floor":10,"gold_loss":0},{"damage_healed":0,"gold_gain":0,"player_choice":"Became a Ghost","damage_taken":0,"max_hp_gain":0,"max_hp_loss":35,"event_name":"Ghosts","floor":20,"gold_loss":0,"cards_obtained":["Ghostly","Ghostly","Ghostly","Ghostly","Ghostly"]},{"damage_healed":0,"gold_gain":0,"player_choice":"Upgraded","damage_taken":0,"max_hp_gain":0,"max_hp_loss":0,"event_name":"Upgrade Shrine","floor":21,"gold_loss":0,"cards_upgraded":["Defragment"]},{"cards_removed":["Defend_B"],"damage_healed":0,"gold_gain":0,"player_choice":"Purged","damage_taken":0,"max_hp_gain":0,"max_hp_loss":0,"event_name":"Purifier","floor":36,"gold_loss":0},{"damage_healed":0,"gold_gain":0,"player_choice":"Copied","damage_taken":0,"max_hp_gain":0,"max_hp_loss":0,"event_name":"Duplicator","floor":41,"gold_loss":0,"cards_obtained":["Ghostly"]},{"damage_healed":0,"gold_gain":100,"player_choice":"Pray","damage_taken":0,"max_hp_gain":0,"max_hp_loss":0,"event_name":"Golden Shrine","floor":46,"gold_loss":0}],"is_beta":false,"boss_relics":[{"not_picked":["Eternal Feather","Snecko Eye"],"picked":"Inserter"},{"not_picked":["Lizard Tail","Runic Pyramid"],"picked":"Philosopher\u0027s Stone"}],"items_purged_floors":[27],"is_endless":false,"potions_floor_spawned":[11,13,14,18,22,28,29,35,39,45],"ascension_level":7}