{"gold_per_floor":[113,38,48,64,64,64,99,114,189,205,205,105,105,140,140,237,237,252,527,537,136,136,136],"floor_reached":23,"playtime":2454,"items_purged":["Strike_G","Defend_G","Defend_G"],"score":235,"play_id":"967f27cc-aeaf-43c3-a460-39afd5b07c9f","local_time":"20190109214607","is_ascension_mode":true,"campfire_choices":[{"data":"Well Laid Plans","floor":6,"key":"SMITH"},{"data":"Neutralize","floor":11,"key":"SMITH"},{"data":"Poisoned Stab","floor":13,"key":"SMITH"},{"floor":15,"key":"REST"}],"neow_cost":"NONE","seed_source_timestamp":29781905363852,"circlet_count":0,"master_deck":["Defend_G","Defend_G","Defend_G","Strike_G","Strike_G","Strike_G","Strike_G","Survivor","Neutralize+1","Well Laid Plans+1","Escape Plan","Backflip","Poisoned Stab+1","Dagger Spray","Acrobatics","Flying Knee","Adrenaline","Dodge and Roll+1","Regret","Backflip","Mayhem","Noxious Fumes"],"relics":["Ring of the Serpent","NeowsBlessing","Pocketwatch","Pen Nib","Bottled Flame","Centennial Puzzle"],"potions_floor_usage":[14,20,23,23,23],"damage_taken":[{"damage":0,"enemies":"Cultist","floor":1,"turns":1},{"damage":0,"enemies":"2 Louse","floor":3,"turns":1},{"damage":0,"enemies":"Jaw Worm","floor":4,"turns":1},{"damage":6,"enemies":"3 Sentries","floor":7,"turns":14},{"damage":9,"enemies":"Lots of Slimes","floor":8,"turns":7},{"damage":0,"enemies":"Blue Slaver","floor":10,"turns":5},{"damage":0,"enemies":"Lagavulin","floor":14,"turns":5},{"damage":20,"enemies":"The Guardian","floor":16,"turns":12},{"damage":1,"enemies":"Chosen","floor":18,"turns":3},{"damage":28,"enemies":"Spheric Guardian","floor":20,"turns":6},{"damage":47,"enemies":"Slavers","floor":23,"turns":6}],"seed_played":"-7506642012161377253","potions_obtained":[{"floor":4,"key":"SkillPotion"},{"floor":8,"key":"Poison Potion"},{"floor":10,"key":"GamblersBrew"},{"floor":14,"key":"SteroidPotion"},{"floor":18,"key":"SkillPotion"},{"floor":20,"key":"PowerPotion"}],"is_trial":false,"path_per_floor":["M","$","M","M","?","R","E","M","T","M","R","$","R","E","R","B",null,"M","?","M","$","?","E"],"character_chosen":"THE_SILENT","items_purchased":["Mayhem","Noxious Fumes"],"campfire_rested":1,"item_purchase_floors":[21,21],"current_hp_per_floor":[70,70,70,70,70,70,64,55,55,55,55,55,55,55,70,50,70,69,69,41,41,41,0],"gold":136,"neow_bonus":"THREE_ENEMY_KILL","is_prod":false,"is_daily":false,"chose_seed":false,"campfire_upgraded":3,"win_rate":0,"timestamp":1547099167,"path_taken":["M","$","?","M","?","R","E","?","T","?","R","$","R","E","R","BOSS","M","?","?","?","?","E"],"build_version":"2019-01-03v4","purchased_purges":3,"victory":false,"max_hp_per_floor":[70,70,70,70,70,70,70,70,70,70,70,70,70,70,70,70,70,70,70,70,70,70,70],"card_choices":[{"not_picked":["Blade Dance","Dodge and Roll"],"picked":"Well Laid Plans","floor":1},{"not_picked":["Masterful Stab","Dodge and Roll"],"picked":"Escape Plan","floor":3},{"not_picked":["Acrobatics","Dash"],"picked":"Backflip","floor":4},{"not_picked":["PiercingWail","Eviscerate"],"picked":"Poisoned Stab","floor":7},{"not_picked":["Distraction","Underhanded Strike"],"picked":"Dagger Spray","floor":8},{"not_picked":["Deadly Poison","Eviscerate"],"picked":"Acrobatics","floor":10},{"not_picked":["Bane","Dagger Spray"],"picked":"Flying Knee","floor":14},{"not_picked":["Envenom","Venomology"],"picked":"Adrenaline","floor":16},{"not_picked":["Underhanded Strike","Deadly Poison"],"picked":"Dodge and Roll+1","floor":18},{"not_picked":["Reflex","Finisher"],"picked":"Backflip","floor":20}],"player_experience":93846,"relics_obtained":[{"floor":7,"key":"Pen Nib"},{"floor":9,"key":"Bottled Flame"},{"floor":14,"key":"Centennial Puzzle"}],"event_choices":[{"damage_healed":0,"gold_gain":0,"player_choice":"Gave Potion","damage_taken":0,"relics_obtained":["Pocketwatch"],"max_hp_gain":0,"max_hp_loss":0,"event_name":"WeMeetAgain","floor":5,"gold_loss":0},{"damage_healed":0,"gold_gain":275,"player_choice":"Desecrate","damage_taken":0,"max_hp_gain":0,"max_hp_loss":0,"event_name":"Golden Shrine","floor":19,"gold_loss":0,"cards_obtained":["Regret"]},{"damage_healed":0,"gold_gain":0,"player_choice":"Bought 0 Potions","damage_taken":0,"max_hp_gain":0,"max_hp_loss":0,"event_name":"The Woman in Blue","floor":22,"gold_loss":0}],"is_beta":false,"boss_relics":[{"not_picked":["Orrery","Eternal Feather"],"picked":"Ring of the Serpent"}],"items_purged_floors":[2,12,21],"is_endless":false,"potions_floor_spawned":[4,8,10,14,18,20],"killed_by":"Slavers","ascension_level":1}