{"gold_per_floor":[109,125,125,125,125,125,137,154,180,180,180,193,193,225,225,322,322,306,89,15,15,15,15],"floor_reached":23,"playtime":916,"items_purged":[],"score":301,"play_id":"408c054b-06c8-4faa-80a7-2957bedeef44","local_time":"20190208163354","is_ascension_mode":true,"campfire_choices":[{"floor":6,"key":"REST"},{"floor":10,"key":"REST"},{"floor":15,"key":"REST"}],"neow_cost":"NONE","seed_source_timestamp":2348237613831994,"circlet_count":0,"master_deck":["Defend_G+1","Defend_G+1","Defend_G+1","Defend_G+1","Strike_G+1","Strike_G+1","Strike_G+1","Strike_G+1","Survivor","Neutralize","Poisoned Stab+1","Bane","Prepared","Sucker Punch","Poisoned Stab","Quick Slash","After Image","Backflip","Cloak And Dagger","Ghostly","Ghostly","Ghostly","Ghostly","Ghostly"],"relics":["Fusion Hammer","Pen Nib","Blood Vial","Paper Crane","HoveringKite","Membership Card","Ancient Tea Set"],"potions_floor_usage":[14,16,16],"damage_taken":[{"damage":0,"enemies":"Cultist","floor":1,"turns":4},{"damage":4,"enemies":"2 Louse","floor":2,"turns":2},{"damage":2,"enemies":"Jaw Worm","floor":7,"turns":3},{"damage":3,"enemies":"Blue Slaver","floor":8,"turns":4},{"damage":8,"enemies":"Lots of Slimes","floor":12,"turns":3},{"damage":0,"enemies":"Gremlin Nob","floor":14,"turns":3},{"damage":4,"enemies":"Hexaghost","floor":16,"turns":8},{"damage":26,"enemies":"2 Thieves","floor":18,"turns":4},{"damage":35,"enemies":"Book of Stabbing","floor":23,"turns":6}],"seed_played":"8431770595131096546","potions_obtained":[{"floor":2,"key":"PowerPotion"},{"floor":12,"key":"Dexterity Potion"},{"floor":14,"key":"SkillPotion"},{"floor":18,"key":"LiquidBronze"}],"is_trial":false,"path_per_floor":["M","M","$","?","?","R","M","M","T","R","?","M","?","E","R","B",null,"M","$","$","?","?","E"],"character_chosen":"THE_SILENT","items_purchased":["Membership Card","Cloak And Dagger","Ancient Tea Set"],"campfire_rested":3,"item_purchase_floors":[19,19,20],"current_hp_per_floor":[63,59,59,52,38,59,57,54,54,70,58,52,52,54,70,66,69,44,44,44,44,35,0],"gold":15,"neow_bonus":"BOSS_RELIC","is_prod":false,"is_daily":false,"chose_seed":false,"campfire_upgraded":0,"win_rate":0,"timestamp":1549672434,"path_taken":["M","M","$","?","?","R","M","M","T","R","?","?","?","E","R","BOSS","M","?","$","?","?","E"],"build_version":"2019-01-23","purchased_purges":0,"victory":false,"max_hp_per_floor":[70,70,70,70,70,70,70,70,70,70,70,70,70,70,70,70,70,70,70,70,70,35,35],"card_choices":[{"not_picked":["Dagger Throw","Blur"],"picked":"Poisoned Stab","floor":1},{"not_picked":["Flying Knee","Underhanded Strike"],"picked":"Bane","floor":2},{"not_picked":["Bane","Deadly Poison"],"picked":"Prepared","floor":7},{"not_picked":["Accuracy","Backstab"],"picked":"Sucker Punch","floor":8},{"not_picked":["Deflect","Prepared"],"picked":"Poisoned Stab","floor":12},{"not_picked":["Outmaneuver","Well Laid Plans"],"picked":"Quick Slash","floor":14},{"not_picked":["Grand Finale","Unload"],"picked":"After Image","floor":16},{"not_picked":["Sucker Punch","Predator"],"picked":"Backflip","floor":18}],"player_experience":286742,"relics_obtained":[{"floor":9,"key":"Pen Nib"},{"floor":14,"key":"Paper Crane"}],"event_choices":[{"cards_removed":["Defend_G"],"damage_healed":0,"gold_gain":0,"player_choice":"Card Removal","damage_taken":7,"max_hp_gain":0,"max_hp_loss":0,"event_name":"Golden Wing","floor":4,"gold_loss":0},{"damage_healed":0,"gold_gain":0,"player_choice":"Entered Light","damage_taken":14,"max_hp_gain":0,"max_hp_loss":0,"event_name":"Shining Light","floor":5,"gold_loss":0,"cards_upgraded":["Defend_G","Poisoned Stab"]},{"damage_healed":0,"gold_gain":0,"player_choice":"Success","damage_taken":12,"relics_obtained":["Blood Vial"],"max_hp_gain":0,"max_hp_loss":0,"event_name":"Scrap Ooze","floor":11,"gold_loss":0},{"cards_removed":["Strike_G"],"damage_healed":0,"gold_gain":0,"player_choice":"Offered Basic","damage_taken":0,"max_hp_gain":0,"max_hp_loss":0,"event_name":"Bonfire Elementals","floor":13,"gold_loss":0},{"damage_healed":0,"gold_gain":0,"player_choice":"Simplicity","damage_taken":0,"max_hp_gain":0,"max_hp_loss":0,"event_name":"Back to Basics","floor":21,"gold_loss":0,"cards_upgraded":["Defend_G","Defend_G","Defend_G","Strike_G","Strike_G","Strike_G","Strike_G"]},{"damage_healed":0,"gold_gain":0,"player_choice":"Became a Ghost","damage_taken":0,"max_hp_gain":0,"max_hp_loss":35,"event_name":"Ghosts","floor":22,"gold_loss":0,"cards_obtained":["Ghostly","Ghostly","Ghostly","Ghostly","Ghostly"]}],"is_beta":false,"boss_relics":[{"not_picked":["Philosopher\u0027s Stone","White Beast Statue"],"picked":"HoveringKite"}],"items_purged_floors":[],"is_endless":false,"potions_floor_spawned":[2,12,14,18],"killed_by":"Book of Stabbing","ascension_level":6}