{"gold_per_floor":[14,14,89,89,108,143,161,161,161,161,179,207,6,35,35,132,132,152,30,129,129,7,35,35,45,45,61,61,89,89,89],"floor_reached":31,"playtime":1984,"items_purged":[],"score":405,"play_id":"ca5d346a-ecd3-4158-9208-8826f19ad496","local_time":"20190212225757","is_ascension_mode":true,"campfire_choices":[{"floor":8,"key":"REST"},{"data":"Bash","floor":10,"key":"SMITH"},{"floor":15,"key":"REST"},{"floor":24,"key":"REST"},{"floor":28,"key":"REST"},{"floor":30,"key":"REST"}],"neow_cost":"NO_GOLD","seed_source_timestamp":2715820465355791,"circlet_count":0,"master_deck":["Strike_R","Strike_R","Strike_R","Strike_R","Defend_R","Defend_R","Defend_R","Defend_R","Bash+1","Shrug It Off","Headbutt","Ghostly Armor","Twin Strike","Armaments","Demon Form","Double Tap","Pommel Strike","Pommel Strike","Rampage+1","Armaments+1","Dropkick+1","Rage","Inflame","Pommel Strike+1"],"relics":["Burning Blood","Torii","Pantograph","Red Skull","Question Card","Prayer Wheel","Membership Card","Self Forming Clay","Philosopher\u0027s Stone","Pear","Bottled Lightning","Bottled Flame","Orichalcum","Art of War"],"potions_floor_usage":[6,12,12,14,23,29,29],"damage_taken":[{"damage":1,"enemies":"Small Slimes","floor":1,"turns":4},{"damage":1,"enemies":"2 Louse","floor":5,"turns":3},{"damage":44,"enemies":"Lagavulin","floor":6,"turns":6},{"damage":0,"enemies":"Cultist","floor":7,"turns":3},{"damage":8,"enemies":"2 Fungi Beasts","floor":11,"turns":4},{"damage":16,"enemies":"3 Sentries","floor":12,"turns":14},{"damage":17,"enemies":"Gremlin Nob","floor":14,"turns":4},{"damage":51,"enemies":"Hexaghost","floor":16,"turns":9},{"damage":11,"enemies":"3 Byrds","floor":18,"turns":7},{"damage":46,"enemies":"Gremlin Leader","floor":23,"turns":4},{"damage":32,"enemies":"2 Thieves","floor":25,"turns":5},{"damage":2,"enemies":"3 Cultists","floor":27,"turns":5},{"damage":62,"enemies":"Slavers","floor":29,"turns":9},{"damage":38,"enemies":"Book of Stabbing","floor":31,"turns":4}],"seed_played":"5966818610835338865","potions_obtained":[{"floor":5,"key":"AttackPotion"},{"floor":6,"key":"Swift Potion"},{"floor":11,"key":"SteroidPotion"},{"floor":12,"key":"Regen Potion"},{"floor":16,"key":"Poison Potion"},{"floor":23,"key":"Weak Potion"},{"floor":25,"key":"Strength Potion"},{"floor":29,"key":"SteroidPotion"}],"is_trial":false,"path_per_floor":["M","?","?","$","M","E","M","R","T","R","M","E","$","E","R","B",null,"M","$","?","?","$","E","R","M","T","M","R","E","R","E"],"character_chosen":"IRONCLAD","items_purchased":["Membership Card","Pear","Bottled Lightning"],"campfire_rested":5,"item_purchase_floors":[13,19,22],"current_hp_per_floor":[77,74,66,66,71,33,39,63,63,63,61,51,51,52,76,35,69,64,74,74,74,74,34,61,35,35,39,66,10,37,0],"gold":89,"neow_bonus":"ONE_RARE_RELIC","is_prod":false,"is_daily":false,"chose_seed":false,"campfire_upgraded":1,"win_rate":0,"timestamp":1550041077,"path_taken":["M","?","?","$","M","E","?","R","T","R","M","E","$","E","R","BOSS","M","$","?","?","$","E","R","?","T","M","R","E","R","E"],"build_version":"2019-01-23","purchased_purges":0,"victory":false,"max_hp_per_floor":[80,80,80,80,80,80,80,80,80,80,80,80,80,80,80,80,80,80,90,90,90,90,90,90,90,90,90,90,90,90,90],"card_choices":[{"not_picked":["Anger","Thunderclap"],"picked":"Shrug It Off","floor":1},{"not_picked":["Corruption","Havoc"],"picked":"Headbutt","floor":5},{"not_picked":["Power Through","Exhume"],"picked":"Ghostly Armor","floor":6},{"not_picked":["Feel No Pain","Thunderclap"],"picked":"Twin Strike","floor":7},{"not_picked":["Clash","Sword Boomerang","Anger","True Grit"],"picked":"SKIP","floor":11},{"not_picked":["Hemokinesis","Heavy Blade","Searing Blow"],"picked":"Armaments","floor":12},{"not_picked":["Flex","Perfected Strike","Whirlwind"],"picked":"Demon Form","floor":14},{"not_picked":["Juggernaut","Dark Embrace","Fiend Fire"],"picked":"Double Tap","floor":16},{"not_picked":["Headbutt","Iron Wave+1","Wild Strike"],"picked":"Pommel Strike","floor":18},{"not_picked":["Cleave","Ghostly Armor","Body Slam"],"picked":"Pommel Strike","floor":18},{"not_picked":["Entrench","Rage","Armaments"],"picked":"Rampage+1","floor":23},{"not_picked":["Headbutt+1","Perfected Strike","Burning Pact"],"picked":"Armaments+1","floor":25},{"not_picked":["Headbutt+1","Whirlwind","Sentinel+1"],"picked":"Dropkick+1","floor":25},{"not_picked":["Sword Boomerang","Warcry","Iron Wave"],"picked":"Rage","floor":27},{"not_picked":["Thunderclap","Corruption","Warcry+1"],"picked":"Inflame","floor":27},{"not_picked":["Seeing Red","Disarm+1","Clothesline"],"picked":"Pommel Strike+1","floor":29}],"player_experience":371742,"relics_obtained":[{"floor":6,"key":"Red Skull"},{"floor":9,"key":"Question Card"},{"floor":12,"key":"Prayer Wheel"},{"floor":14,"key":"Self Forming Clay"},{"floor":23,"key":"Bottled Flame"},{"floor":26,"key":"Orichalcum"},{"floor":29,"key":"Art of War"}],"event_choices":[{"damage_healed":0,"gold_gain":0,"player_choice":"Success","damage_taken":3,"relics_obtained":["Pantograph"],"max_hp_gain":0,"max_hp_loss":0,"event_name":"Scrap Ooze","floor":2,"gold_loss":0},{"damage_healed":0,"gold_gain":75,"player_choice":"Touch","damage_taken":8,"max_hp_gain":0,"max_hp_loss":0,"event_name":"FaceTrader","floor":3,"gold_loss":0},{"damage_healed":0,"gold_gain":99,"player_choice":"Stole From Cult","damage_taken":0,"max_hp_gain":0,"max_hp_loss":0,"event_name":"Nest","floor":20,"gold_loss":0},{"cards_removed":["Strike_R"],"damage_healed":0,"gold_gain":0,"player_choice":"Purged","damage_taken":0,"max_hp_gain":0,"max_hp_loss":0,"event_name":"Purifier","floor":21,"gold_loss":0}],"is_beta":false,"boss_relics":[{"not_picked":["Runic Pyramid","Fusion Hammer"],"picked":"Philosopher\u0027s Stone"}],"items_purged_floors":[],"is_endless":false,"potions_floor_spawned":[5,6,11,12,16,23,25,29],"killed_by":"Book of Stabbing","ascension_level":8}