{"gold_per_floor":[113,113,12,12,30,30,48,13,62,62,74,101,101,131,131,236,236,255,180,199,0,0,0,25,25,52,68,68,81,81],"floor_reached":30,"playtime":1051,"items_purged":["Regret"],"score":256,"play_id":"d5517d5a-b6b4-46d6-b35e-b4a533c46bab","local_time":"20190217041613","is_ascension_mode":false,"campfire_choices":[{"data":"Terror","floor":6,"key":"SMITH"},{"floor":10,"key":"RECALL"},{"data":"Neutralize","floor":13,"key":"SMITH"},{"floor":15,"key":"REST"},{"floor":23,"key":"REST"},{"floor":25,"key":"REST"}],"neow_cost":"NONE","seed_source_timestamp":8737282169376,"circlet_count":0,"master_deck":["Defend_G","Defend_G+1","Defend_G","Defend_G+1","Defend_G","Strike_G","Strike_G","Strike_G","Strike_G","Strike_G","Survivor","Neutralize+1","Parasite","Heel Hook","Slice","Terror+1","Deflect","Endless Agony","Envenom","Slice","Distraction+1","Footwork+1"],"relics":["Calling Bell","Blood Vial","Shuriken","Unceasing Top","Question Card","Vajra","Lantern","Orichalcum","Fusion Hammer","War Paint"],"potions_floor_usage":[12,24,24,30],"damage_taken":[{"damage":9,"enemies":"2 Louse","floor":1,"turns":3},{"damage":5,"enemies":"Small Slimes","floor":5,"turns":4},{"damage":5,"enemies":"Jaw Worm","floor":7,"turns":4},{"damage":9,"enemies":"Large Slime","floor":11,"turns":6},{"damage":15,"enemies":"3 Sentries","floor":12,"turns":8},{"damage":17,"enemies":"Gremlin Nob","floor":14,"turns":4},{"damage":52,"enemies":"Hexaghost","floor":16,"turns":12},{"damage":27,"enemies":"3 Byrds","floor":18,"turns":8},{"damage":12,"enemies":"Spheric Guardian","floor":20,"turns":4},{"damage":41,"enemies":"Slavers","floor":24,"turns":7},{"damage":17,"enemies":"Snecko","floor":27,"turns":4},{"damage":4,"enemies":"Centurion and Healer","floor":29,"turns":7},{"damage":14,"enemies":"Snake Plant","floor":30,"turns":3}],"seed_played":"4048893706142712522","potions_obtained":[{"floor":5,"key":"Explosive Potion"},{"floor":11,"key":"Block Potion"},{"floor":14,"key":"Dexterity Potion"},{"floor":16,"key":"Energy Potion"},{"floor":18,"key":"Weak Potion"},{"floor":29,"key":"EssenceOfSteel"}],"is_trial":false,"path_per_floor":["M","?","$","?","M","R","M","?","T","R","M","E","R","E","R","B",null,"M","?","M","?","$","R","E","R","T","M","?","M","M"],"character_chosen":"THE_SILENT","items_purchased":["Slice"],"campfire_rested":3,"item_purchase_floors":[3],"current_hp_per_floor":[61,66,66,59,56,56,53,71,71,71,64,51,51,36,58,8,75,48,48,38,38,38,60,21,43,43,28,14,12,0],"gold":81,"neow_bonus":"BOSS_RELIC","is_prod":false,"is_daily":false,"chose_seed":false,"campfire_upgraded":2,"win_rate":0,"timestamp":1550394973,"path_taken":["M","?","$","?","M","R","M","?","T","R","M","E","R","E","R","BOSS","M","?","M","?","?","R","E","R","T","M","?","M","M"],"build_version":"2019-01-23","purchased_purges":1,"victory":false,"max_hp_per_floor":[70,75,75,75,75,75,75,75,75,75,75,75,75,75,75,75,75,75,75,75,75,75,75,75,75,75,75,80,80,80],"card_choices":[{"not_picked":["Crippling Poison","Quick Slash"],"picked":"Heel Hook","floor":1},{"not_picked":["Quick Slash","Expertise","Escape Plan"],"picked":"Terror","floor":5},{"not_picked":["Dash","Backflip","Dodge and Roll"],"picked":"Deflect","floor":7},{"not_picked":["Underhanded Strike","PiercingWail","Deadly Poison","Outmaneuver"],"picked":"SKIP","floor":11},{"not_picked":["Caltrops","Doppelganger","Backflip","Cloak And Dagger"],"picked":"SKIP","floor":12},{"not_picked":["Dodge and Roll","Terror","Dash"],"picked":"Endless Agony","floor":14},{"not_picked":["Doppelganger","Phantasmal Killer","Corpse Explosion"],"picked":"Envenom","floor":16},{"not_picked":["Leg Sweep","Acrobatics","Cloak And Dagger"],"picked":"Slice","floor":18},{"not_picked":["Choke","Poisoned Stab","Bane"],"picked":"Distraction+1","floor":20},{"not_picked":["Underhanded Strike","Blade Dance","Dagger Throw+1","A Thousand Cuts"],"picked":"SKIP","floor":24},{"not_picked":["Crippling Poison","Outmaneuver","Tactician"],"picked":"Footwork+1","floor":27},{"not_picked":["Sucker Punch","Masterful Stab","Accuracy","Blade Dance"],"picked":"SKIP","floor":29}],"player_experience":180535,"relics_obtained":[{"floor":0,"key":"Blood Vial"},{"floor":0,"key":"Shuriken"},{"floor":0,"key":"Unceasing Top"},{"floor":9,"key":"Vajra"},{"floor":12,"key":"Lantern"},{"floor":14,"key":"Orichalcum"},{"floor":24,"key":"War Paint"}],"event_choices":[{"damage_healed":0,"gold_gain":0,"player_choice":"Donut","damage_taken":0,"max_hp_gain":5,"max_hp_loss":0,"event_name":"Big Fish","floor":2,"gold_loss":0},{"damage_healed":0,"gold_gain":0,"player_choice":"Success","damage_taken":7,"relics_obtained":["Question Card"],"max_hp_gain":0,"max_hp_loss":0,"event_name":"Scrap Ooze","floor":4,"gold_loss":0},{"damage_healed":18,"gold_gain":0,"player_choice":"Healed","damage_taken":0,"max_hp_gain":0,"max_hp_loss":0,"event_name":"The Cleric","floor":8,"gold_loss":35},{"cards_removed":["Writhe"],"damage_healed":0,"gold_gain":0,"player_choice":"Gave Gold","damage_taken":0,"max_hp_gain":0,"max_hp_loss":0,"event_name":"Beggar","floor":19,"gold_loss":75},{"damage_healed":0,"gold_gain":0,"player_choice":"Paid Fearfully","damage_taken":0,"max_hp_gain":0,"max_hp_loss":0,"event_name":"Masked Bandits","floor":21,"gold_loss":199},{"damage_healed":0,"gold_gain":0,"player_choice":"Shed Blood","damage_taken":19,"max_hp_gain":5,"max_hp_loss":0,"event_name":"Forgotten Altar","floor":28,"gold_loss":0}],"is_beta":false,"boss_relics":[{"not_picked":["Black Star","Pandora\u0027s Box"],"picked":"Fusion Hammer"}],"items_purged_floors":[3],"is_endless":false,"potions_floor_spawned":[5,11,14,16,18,29],"killed_by":"Snake Plant","ascension_level":0}