{"gold_per_floor":[115,129,149,149,149,149,174,174,174,174,209,159,5,19,19,117,117,137,148,148,148,160,160,187,202,251,270,270,270,270,280,280,280],"floor_reached":33,"playtime":1727,"items_purged":[],"score":355,"play_id":"bf27e1a0-424b-4eef-8339-3a9efbdcc05a","local_time":"20190116235515","is_ascension_mode":true,"campfire_choices":[{"data":"Choke","floor":6,"key":"SMITH"},{"data":"Deadly Poison","floor":8,"key":"SMITH"},{"floor":15,"key":"REST"},{"floor":23,"key":"REST"},{"data":"RitualDagger","floor":32,"key":"SMITH"}],"neow_cost":"NONE","seed_source_timestamp":386698701380904,"circlet_count":0,"master_deck":["Defend_G","Defend_G","Defend_G","Defend_G","Survivor","Neutralize","Quick Slash+1","Choke+1","Skewer+1","Deadly Poison+1","Die Die Die","Dash","Venomology","Dodge and Roll","Quick Slash+1","Choke+1","Acrobatics+1","Sucker Punch+1","Bite","Bite","Bite","Bite","Bite","RitualDagger+1","Outmaneuver"],"relics":["Velvet Choker","Bottled Flame","Bronze Scales","Art of War","Snake Skull","Ancient Tea Set","Eternal Feather","MutagenicStrength","Kunai","Centennial Puzzle"],"potions_floor_usage":[16,16,22,22,24,24,31,33,33],"damage_taken":[{"damage":0,"enemies":"Cultist","floor":1,"turns":4},{"damage":0,"enemies":"2 Louse","floor":2,"turns":3},{"damage":0,"enemies":"Jaw Worm","floor":3,"turns":3},{"damage":2,"enemies":"Lagavulin","floor":7,"turns":5},{"damage":16,"enemies":"Gremlin Nob","floor":11,"turns":3},{"damage":0,"enemies":"3 Louse","floor":14,"turns":1},{"damage":7,"enemies":"Hexaghost","floor":16,"turns":6},{"damage":14,"enemies":"Shell Parasite","floor":18,"turns":5},{"damage":3,"enemies":"3 Byrds","floor":19,"turns":3},{"damage":14,"enemies":"Centurion and Healer","floor":22,"turns":3},{"damage":17,"enemies":"Book of Stabbing","floor":24,"turns":3},{"damage":19,"enemies":"Shelled Parasite and Fungi","floor":25,"turns":6},{"damage":18,"enemies":"Snake Plant","floor":27,"turns":2},{"damage":11,"enemies":"Chosen and Byrds","floor":31,"turns":5},{"damage":57,"enemies":"Automaton","floor":33,"turns":6}],"seed_played":"-5440263780088618499","potions_obtained":[{"floor":1,"key":"FearPotion"},{"floor":7,"key":"LiquidBronze"},{"floor":14,"key":"Fire Potion"},{"floor":22,"key":"Poison Potion"},{"floor":31,"key":"Strength Potion"}],"is_trial":false,"path_per_floor":["M","M","M","?","T","R","E","R","T","?","E","?","$","M","R","B",null,"M","M","?","$","M","R","E","M","T","M","?","?","?","M","R","B"],"character_chosen":"THE_SILENT","items_purchased":["Ancient Tea Set"],"campfire_rested":2,"item_purchase_floors":[13],"current_hp_per_floor":[70,70,70,70,70,70,68,68,68,54,38,38,38,38,59,52,70,56,53,53,53,39,69,52,33,33,15,38,38,32,27,42,0],"gold":280,"neow_bonus":"BOSS_RELIC","is_prod":false,"is_daily":false,"chose_seed":false,"campfire_upgraded":3,"win_rate":0,"timestamp":1547711715,"path_taken":["M","M","?","?","?","R","E","R","T","?","E","?","$","?","R","BOSS","M","M","?","$","M","R","E","M","T","M","?","?","?","M","R","BOSS"],"build_version":"2019-01-10","purchased_purges":0,"victory":false,"max_hp_per_floor":[70,70,70,70,70,70,70,70,70,70,70,70,70,70,70,70,70,70,70,70,70,70,70,70,70,70,70,70,49,49,49,49,49],"card_choices":[{"not_picked":["Expertise","Underhanded Strike"],"picked":"Quick Slash","floor":1},{"not_picked":["Quick Slash","Dodge and Roll"],"picked":"Choke","floor":2},{"not_picked":["Eviscerate","Blur"],"picked":"Skewer","floor":3},{"not_picked":["Slice","Distraction"],"picked":"Deadly Poison","floor":7},{"not_picked":["Phantasmal Killer","Catalyst"],"picked":"Die Die Die","floor":11},{"not_picked":["Escape Plan","Acrobatics"],"picked":"Dash","floor":14},{"not_picked":["Bullet Time","Unload"],"picked":"Venomology","floor":16},{"not_picked":["Slice","Acrobatics"],"picked":"Dodge and Roll","floor":18},{"not_picked":["Heel Hook","Riddle With Holes","Catalyst"],"picked":"SKIP","floor":19},{"not_picked":["Eviscerate+1","Riddle With Holes"],"picked":"Quick Slash+1","floor":22},{"not_picked":["Finisher","Reflex"],"picked":"Choke+1","floor":24},{"not_picked":["Finisher","Heel Hook"],"picked":"Acrobatics+1","floor":25},{"not_picked":["Bouncing Flask","Slice"],"picked":"Sucker Punch+1","floor":27},{"not_picked":["Reflex+1","Finisher+1"],"picked":"Outmaneuver","floor":31}],"player_experience":182779,"relics_obtained":[{"floor":5,"key":"Bottled Flame"},{"floor":7,"key":"Bronze Scales"},{"floor":9,"key":"Art of War"},{"floor":11,"key":"Snake Skull"},{"floor":24,"key":"Kunai"},{"floor":26,"key":"Centennial Puzzle"}],"event_choices":[{"cards_removed":["Defend_G"],"damage_healed":0,"gold_gain":0,"player_choice":"Forget","damage_taken":0,"max_hp_gain":0,"max_hp_loss":0,"event_name":"Living Wall","floor":4,"gold_loss":0},{"damage_healed":0,"gold_gain":0,"player_choice":"Entered Light","damage_taken":14,"max_hp_gain":0,"max_hp_loss":0,"event_name":"Shining Light","floor":10,"gold_loss":0,"cards_upgraded":["Skewer","Quick Slash"]},{"cards_removed":["Strike_G"],"damage_healed":0,"gold_gain":0,"player_choice":"Card Removal","damage_taken":0,"max_hp_gain":0,"max_hp_loss":0,"event_name":"The Cleric","floor":12,"gold_loss":50},{"damage_healed":0,"gold_gain":0,"player_choice":"Inject Mutagens","damage_taken":0,"relics_obtained":["MutagenicStrength"],"max_hp_gain":0,"max_hp_loss":0,"event_name":"Drug Dealer","floor":20,"gold_loss":0},{"damage_healed":23,"gold_gain":0,"player_choice":"Heal","damage_taken":0,"max_hp_gain":0,"max_hp_loss":0,"event_name":"The Library","floor":28,"gold_loss":0},{"damage_healed":0,"gold_gain":0,"player_choice":"Became a vampire","damage_taken":0,"max_hp_gain":0,"max_hp_loss":21,"event_name":"Vampires","floor":29,"gold_loss":0,"cards_obtained":["Bite","Bite","Bite","Bite","Bite"]},{"damage_healed":0,"gold_gain":0,"player_choice":"Joined the Cult","damage_taken":6,"max_hp_gain":0,"max_hp_loss":0,"event_name":"Nest","floor":30,"gold_loss":0,"cards_obtained":["RitualDagger"]}],"is_beta":false,"boss_relics":[{"not_picked":["Snecko Eye","HoveringKite"],"picked":"Eternal Feather"}],"items_purged_floors":[],"is_endless":false,"potions_floor_spawned":[1,7,14,19,22,31],"killed_by":"Automaton","ascension_level":4}