{"gold_per_floor":[369,172,172,189,205,205,215,215,215,215,315,328,403,678,678,780,780,795,432,198,209,223,223,252,252,301,301,301,314,414,414,414,512,512,531,531,531,544,165,165,196,196,196,214,214,15,15,29,29,29],"floor_reached":51,"playtime":1263,"items_purged":["Strike_B","Regret","Strike_B","Strike_B"],"score":906,"play_id":"140454c3-f987-430a-9914-8099f4674f7b","local_time":"20190218033830","is_ascension_mode":false,"campfire_choices":[{"data":"Zap","floor":6.0,"key":"SMITH"},{"data":"Hologram","floor":8.0,"key":"SMITH"},{"data":"Storm","floor":10.0,"key":"SMITH"},{"floor":15.0,"key":"REST"},{"data":"Defragment","floor":23.0,"key":"SMITH"},{"data":"Heatsinks","floor":25,"key":"SMITH"},{"data":"Dualcast","floor":27,"key":"SMITH"},{"data":"Storm","floor":32,"key":"SMITH"},{"data":"Amplify","floor":40,"key":"SMITH"},{"floor":47,"key":"DIG"},{"floor":49,"key":"DIG"}],"neow_cost":"PERCENT_DAMAGE","seed_source_timestamp":9453499082783,"circlet_count":0,"master_deck":["Strike_B","Defend_B","Defend_B","Defend_B","Defend_B","Zap+1","Dualcast+1","Capacitor","Storm+1","Hologram+1","Hello World","Heatsinks+1","Steam","Echo Form","Coolheaded","Capacitor","Cold Snap","Ball Lightning","Defragment+1","Ball Lightning","Storm+1","Ghostly","Ghostly","Ghostly","Ghostly","Ghostly","Amplify+1","Coolheaded","Defragment+1","Reinforced Body","Cold Snap","Storm+1","Panache+1","Panache+1"],"special_seed":0,"relics":["Cracked Core","Darkstone Periapt","Sozu","Membership Card","DataDisk","Unceasing Top","Mercury Hourglass","Blood Vial","Thread and Needle","Ginger","Letter Opener","Nuclear Battery","Frozen Egg 2","Medical Kit","Incense Burner","Shovel","Molten Egg 2","DollysMirror","Bag of Marbles","Pantograph"],"potions_floor_usage":[30],"damage_taken":[{"damage":0.0,"enemies":"Cultist","floor":1.0,"turns":4.0},{"damage":0.0,"enemies":"2 Louse","floor":4.0,"turns":2.0},{"damage":5.0,"enemies":"Small Slimes","floor":5.0,"turns":4.0},{"damage":5.0,"enemies":"Red Slaver","floor":7.0,"turns":4.0},{"damage":10.0,"enemies":"Looter","floor":12.0,"turns":4.0},{"damage":2.0,"enemies":"Slime Boss","floor":16.0,"turns":4.0},{"damage":11.0,"enemies":"Shell Parasite","floor":18.0,"turns":5.0},{"damage":9.0,"enemies":"Spheric Guardian","floor":21.0,"turns":4.0},{"damage":0.0,"enemies":"Centurion and Healer","floor":22.0,"turns":6.0},{"damage":0,"enemies":"Gremlin Leader","floor":24,"turns":6},{"damage":0,"enemies":"Snecko","floor":29,"turns":4},{"damage":15,"enemies":"Colosseum Slavers","floor":30,"turns":3},{"damage":0,"enemies":"Colosseum Nobs","floor":30,"turns":3},{"damage":18,"enemies":"Automaton","floor":33,"turns":7},{"damage":0,"enemies":"Orb Walker","floor":35,"turns":3},{"damage":7,"enemies":"3 Shapes","floor":38,"turns":3},{"damage":0,"enemies":"Nemesis","floor":41,"turns":5},{"damage":0,"enemies":"Maw","floor":44,"turns":5},{"damage":0,"enemies":"Spire Growth","floor":48,"turns":2},{"damage":0,"enemies":"Donu and Deca","floor":50,"turns":5}],"seed_played":"7110149572918018784","potions_obtained":[{"floor":1.0,"key":"EntropicBrew"},{"floor":4.0,"key":"FocusPotion"},{"floor":7.0,"key":"FocusPotion"}],"is_trial":false,"path_per_floor":["M","$","?","M","M","R","M","R","T","R","?","M","?","?","R","B",null,"M","$","$","M","M","R","E","R","T","R","?","M","?","?","R","B",null,"M","?","?","M","$","R","E","?","T","M","?","$","R","M","R","B",null],"character_chosen":"DEFECT","items_purchased":["Storm","Hologram","Membership Card","DataDisk","Coolheaded","Capacitor","Unceasing Top","Cold Snap","Frozen Egg 2","Defragment+1","Medical Kit","Reinforced Body","Cold Snap","Panache+1","DollysMirror"],"campfire_rested":1,"item_purchase_floors":[2,2,19,19,19,19,20,20,39,39,39,39,39,46,46],"current_hp_per_floor":[54,54,54,54,49,49,44,44,44,44,44,34,23,29,53,51,81,70,70,70,61,61,61,61,61,61,61,61,63,52,40,40,22,40,40,40,40,33,33,33,35,35,35,37,37,37,37,38,38,38],"gold":29,"neow_bonus":"TWO_FIFTY_GOLD","is_prod":false,"is_daily":false,"chose_seed":false,"campfire_upgraded":8,"win_rate":0,"timestamp":1550482710,"path_taken":["M","?","?","?","M","R","M","R","T","R","?","?","?","?","R","BOSS","M","?","$","?","M","R","E","R","T","R","?","M","?","?","R","BOSS","M","?","?","M","$","R","E","?","T","?","?","?","R","?","R","BOSS"],"build_version":"2019-01-23","purchased_purges":4,"victory":true,"max_hp_per_floor":[75,75,75,75,75,75,75,75,75,75,75,75,75,81,81,81,81,81,81,81,81,81,81,81,81,81,81,81,81,81,40,40,40,40,40,40,40,40,40,40,40,40,40,40,38,38,38,38,38,38],"card_choices":[{"not_picked":["Barrage","Heatsinks"],"picked":"Capacitor","floor":1.0},{"not_picked":["Turbo","Beam Cell","Gash"],"picked":"SKIP","floor":4.0},{"not_picked":["Coolheaded","Barrage"],"picked":"Hello World","floor":5.0},{"not_picked":["Heatsinks","Streamline","Go for the Eyes"],"picked":"SKIP","floor":7.0},{"not_picked":["Streamline","Go for the Eyes"],"picked":"Heatsinks","floor":7.0},{"not_picked":["Rip and Tear","Hologram"],"picked":"Steam","floor":12.0},{"not_picked":["Thunder Strike","Biased Cognition"],"picked":"Echo Form","floor":16.0},{"not_picked":["Genetic Algorithm","Stack+1","Hologram"],"picked":"SKIP","floor":18.0},{"not_picked":["Sweeping Beam","Coolheaded+1"],"picked":"Ball Lightning","floor":21.0},{"not_picked":["Hello World","Consume"],"picked":"Defragment","floor":22.0},{"not_picked":["Streamline","Go for the Eyes"],"picked":"Ball Lightning","floor":24},{"not_picked":["Core Surge","Rebound+1"],"picked":"Storm","floor":29},{"not_picked":["Multi-Cast","All For One"],"picked":"Amplify","floor":33},{"not_picked":["Steam Power","Redo+1"],"picked":"Conserve Battery","floor":35},{"not_picked":["Chaos","Turbo"],"picked":"Coolheaded","floor":38},{"not_picked":["Static Discharge+1","Beam Cell","Hologram"],"picked":"SKIP","floor":41},{"not_picked":["Cold Snap+1","All For One+1"],"picked":"Storm+1","floor":44},{"not_picked":["Turbo","Redo+1","Stack+1"],"picked":"SKIP","floor":48}],"player_experience":869939,"relics_obtained":[{"floor":9.0,"key":"Darkstone Periapt"},{"floor":24,"key":"Mercury Hourglass"},{"floor":26,"key":"Blood Vial"},{"floor":30,"key":"Ginger"},{"floor":30,"key":"Letter Opener"},{"floor":41,"key":"Incense Burner"},{"floor":42,"key":"Shovel"},{"floor":43,"key":"Molten Egg 2"},{"floor":47,"key":"Bag of Marbles"},{"floor":49,"key":"Pantograph"}],"event_choices":[{"damage_healed":0.0,"max_hp_gain":0.0,"max_hp_loss":0.0,"gold_gain":0.0,"event_name":"The Woman in Blue","player_choice":"Bought 0 Potions","floor":3.0,"gold_loss":0.0,"damage_taken":0.0},{"damage_healed":0.0,"max_hp_gain":0.0,"max_hp_loss":0.0,"gold_gain":100.0,"event_name":"Wheel of Change","player_choice":"Gold","floor":11.0,"gold_loss":0.0,"damage_taken":0.0},{"damage_healed":0.0,"max_hp_gain":0.0,"max_hp_loss":0.0,"gold_gain":75.0,"event_name":"World of Goop","player_choice":"Gather Gold","floor":13.0,"gold_loss":0.0,"damage_taken":11.0},{"damage_healed":0.0,"max_hp_gain":0.0,"max_hp_loss":0.0,"gold_gain":275.0,"event_name":"Golden Shrine","player_choice":"Desecrate","floor":14.0,"gold_loss":0.0,"damage_taken":0.0,"cards_obtained":["Regret"]},{"damage_healed":0,"gold_gain":0,"player_choice":"Opened","damage_taken":0,"relics_obtained":["Thread and Needle"],"max_hp_gain":0,"max_hp_loss":0,"event_name":"The Mausoleum","floor":28,"gold_loss":0},{"damage_healed":0,"gold_gain":0,"player_choice":"Fight","damage_taken":0,"max_hp_gain":0,"max_hp_loss":0,"event_name":"Colosseum","floor":30,"gold_loss":0},{"damage_healed":0,"gold_gain":0,"player_choice":"Fought Nobs","damage_taken":0,"max_hp_gain":0,"max_hp_loss":0,"event_name":"Colosseum","floor":30,"gold_loss":0},{"damage_healed":0,"gold_gain":0,"player_choice":"Became a Ghost","damage_taken":0,"max_hp_gain":0,"max_hp_loss":41,"event_name":"Ghosts","floor":31,"gold_loss":0,"cards_obtained":["Ghostly","Ghostly","Ghostly","Ghostly","Ghostly"]},{"cards_removed":["Conserve Battery"],"damage_healed":0,"gold_gain":0,"player_choice":"Removed Skill","damage_taken":0,"max_hp_gain":0,"max_hp_loss":0,"event_name":"Falling","floor":36,"gold_loss":0},{"damage_healed":0,"gold_gain":0,"player_choice":"Ignored","damage_taken":0,"max_hp_gain":0,"max_hp_loss":0,"event_name":"Tomb of Lord Red Mask","floor":37,"gold_loss":0},{"damage_healed":0,"gold_gain":0,"player_choice":"Relic","damage_taken":0,"max_hp_gain":0,"max_hp_loss":0,"event_name":"Wheel of Change","floor":42,"gold_loss":0},{"damage_healed":0,"gold_gain":0,"player_choice":"Max HP","damage_taken":0,"max_hp_gain":0,"max_hp_loss":2,"event_name":"Winding Halls","floor":45,"gold_loss":0}],"is_beta":false,"boss_relics":[{"not_picked":["Eternal Feather","FrozenCore"],"picked":"Sozu"},{"not_picked":["Runic Dome","Fusion Hammer"],"picked":"Nuclear Battery"}],"items_purged_floors":[2,19,20,39],"is_endless":false,"potions_floor_spawned":[1,4,7,24,29,30,33,44,48],"ascension_level":0}