{"gold_per_floor":[113,113,131,143,143,143,169,169,216,245,245,264,295,308,308,407,407,425,425,415,415,435,435],"floor_reached":23,"playtime":2760,"items_purged":[],"score":232,"play_id":"da10ff3c-4faf-4ec9-8f5d-c4a18872d07d","local_time":"20190108233252","is_ascension_mode":true,"campfire_choices":[{"data":"Bloodletting","floor":6.0,"key":"SMITH"},{"data":"Flame Barrier","floor":8.0,"key":"SMITH"},{"floor":15,"key":"REST"}],"neow_cost":"NONE","seed_source_timestamp":0,"circlet_count":0,"master_deck":["Strike_R","Strike_R","Strike_R","Defend_R+1","Defend_R","Defend_R+1","Bash","Cleave+1","Bloodletting+1","Flame Barrier+1","Combust","Shrug It Off","Sword Boomerang","Perfected Strike","Rampage","Immolate","Pommel Strike","Pummel","Cleave","Seeing Red+1"],"special_seed":0,"relics":["Burning Blood","NeowsBlessing","Dream Catcher","Pear","War Paint","PreservedInsect","Ancient Tea Set","Empty Cage","GremlinMask"],"potions_floor_usage":[10,10,13,16,22,22],"damage_taken":[{"damage":0.0,"enemies":"Jaw Worm","floor":1.0,"turns":1.0},{"damage":0.0,"enemies":"Cultist","floor":3.0,"turns":1.0},{"damage":0.0,"enemies":"Small Slimes","floor":4.0,"turns":1.0},{"damage":25.0,"enemies":"Gremlin Nob","floor":7.0,"turns":5.0},{"damage":25,"enemies":"3 Sentries","floor":10,"turns":5},{"damage":7,"enemies":"Looter","floor":12,"turns":3},{"damage":19,"enemies":"Lagavulin","floor":13,"turns":6},{"damage":24,"enemies":"Exordium Thugs","floor":14,"turns":4},{"damage":21,"enemies":"Hexaghost","floor":16,"turns":11},{"damage":26,"enemies":"Shell Parasite","floor":18,"turns":8},{"damage":12,"enemies":"2 Thieves","floor":20,"turns":4},{"damage":29,"enemies":"Snake Plant","floor":22,"turns":6},{"damage":50,"enemies":"Slavers","floor":23,"turns":3}],"seed_played":"5512661248912898189","potions_obtained":[{"floor":1.0,"key":"EntropicBrew"},{"floor":4.0,"key":"Block Potion"},{"floor":10,"key":"GamblersBrew"},{"floor":14,"key":"EssenceOfSteel"}],"is_trial":false,"path_per_floor":["M","?","M","M","?","R","E","R","T","E","?","M","E","M","R","B",null,"M","?","M","?","M","E"],"character_chosen":"IRONCLAD","items_purchased":[],"campfire_rested":1,"item_purchase_floors":[],"current_hp_per_floor":[80,80,80,80,80,80,79,79,79,60,60,59,46,28,55,40,90,70,70,64,64,41,0],"gold":435,"neow_bonus":"THREE_ENEMY_KILL","is_prod":false,"is_daily":false,"chose_seed":false,"campfire_upgraded":2,"win_rate":0,"timestamp":1547019172,"path_taken":["M","?","?","M","?","R","E","R","T","E","?","M","E","?","R","BOSS","M","?","?","?","?","E"],"build_version":"2019-01-03v4","purchased_purges":0,"victory":false,"max_hp_per_floor":[80,80,80,80,80,80,90,90,90,90,90,90,90,90,90,90,90,90,90,90,90,90,90],"card_choices":[{"not_picked":["Spot Weakness","Dual Wield"],"picked":"Cleave","floor":1.0},{"not_picked":["Warcry","Dual Wield"],"picked":"Bloodletting","floor":3.0},{"not_picked":["Warcry","Dropkick"],"picked":"Flame Barrier","floor":4.0},{"not_picked":["Body Slam","Rupture"],"picked":"Combust","floor":7.0},{"not_picked":["Sever Soul","Clash"],"picked":"Shrug It Off","floor":10},{"not_picked":["Warcry","Metallicize"],"picked":"Sword Boomerang","floor":12},{"not_picked":["Sword Boomerang","Shrug It Off"],"picked":"Perfected Strike","floor":13},{"not_picked":["Brutality","Reckless Charge"],"picked":"Rampage","floor":14},{"not_picked":["Demon Form","Fiend Fire"],"picked":"Immolate","floor":16},{"not_picked":["Cleave","Entrench"],"picked":"Pommel Strike","floor":18},{"not_picked":["True Grit","Corruption"],"picked":"Cleave","floor":20},{"not_picked":["Body Slam","Reckless Charge"],"picked":"Seeing Red+1","floor":22}],"player_experience":49906,"relics_obtained":[{"floor":7.0,"key":"Pear"},{"floor":9.0,"key":"War Paint"},{"floor":10,"key":"PreservedInsect"},{"floor":13,"key":"Ancient Tea Set"}],"event_choices":[{"damage_healed":0.0,"max_hp_gain":0.0,"max_hp_loss":0.0,"gold_gain":0.0,"event_name":"Upgrade Shrine","player_choice":"Upgraded","floor":2.0,"gold_loss":0.0,"damage_taken":0.0,"cards_upgraded":["Cleave"]},{"damage_healed":0.0,"max_hp_gain":0.0,"max_hp_loss":0.0,"gold_gain":0.0,"event_name":"Big Fish","player_choice":"Box","floor":5.0,"gold_loss":0.0,"damage_taken":0.0,"relics_obtained":["Dream Catcher"],"cards_obtained":["Regret"]},{"cards_removed":["Regret"],"damage_healed":0,"gold_gain":0,"player_choice":"Removed Curses","damage_taken":0,"max_hp_gain":0,"max_hp_loss":0,"event_name":"Fountain of Cleansing","floor":11,"gold_loss":0},{"damage_healed":0,"gold_gain":0,"cards_transformed":["Strike_R"],"player_choice":"Transformed","damage_taken":0,"max_hp_gain":0,"max_hp_loss":0,"event_name":"Transmorgrifier","floor":19,"gold_loss":0,"cards_obtained":["Pummel"]},{"damage_healed":0,"gold_gain":0,"player_choice":"Trade","damage_taken":0,"relics_obtained":["GremlinMask"],"max_hp_gain":0,"max_hp_loss":0,"event_name":"FaceTrader","floor":21,"gold_loss":0}],"is_beta":false,"boss_relics":[{"not_picked":["Fusion Hammer","Coffee Dripper"],"picked":"Empty Cage"}],"items_purged_floors":[],"is_endless":false,"potions_floor_spawned":[1,4,10,14],"killed_by":"Slavers","ascension_level":2}