{"gold_per_floor":[117,117,117,117,117,117,160,195,207,234,269,281,307,10,10,131,131,156,180,180,180,200,200],"floor_reached":23,"playtime":1267,"items_purged":[],"score":317,"play_id":"ca161185-a5eb-4954-80bd-8e467833d1fe","local_time":"20190210104452","is_ascension_mode":true,"campfire_choices":[{"floor":6.0,"key":"REST"},{"floor":12.0,"key":"REST"},{"floor":15.0,"key":"REST"}],"neow_cost":"NONE","seed_source_timestamp":0,"circlet_count":0,"master_deck":["Defend_B","Defend_B","Defend_B+1","Defend_B","Zap","Dualcast","Gash","Compile Driver","Coolheaded","Conserve Battery","Coolheaded","Ball Lightning","Machine Learning","Redo+1","Gash+1","Bite","Bite","Bite","Bite","Bite","Leap"],"special_seed":0,"relics":["Cracked Core","NeowsBlessing","Golden Idol","MawBank","Singing Bowl","Shovel","Sozu"],"potions_floor_usage":[22],"damage_taken":[{"damage":0.0,"enemies":"2 Louse","floor":1.0,"turns":1.0},{"damage":0.0,"enemies":"Gremlin Nob","floor":7.0,"turns":1.0},{"damage":0.0,"enemies":"Small Slimes","floor":8.0,"turns":1.0},{"damage":5.0,"enemies":"Jaw Worm","floor":10.0,"turns":3.0},{"damage":31.0,"enemies":"Exordium Thugs","floor":11.0,"turns":5.0},{"damage":7.0,"enemies":"Red Slaver","floor":13.0,"turns":3.0},{"damage":53.0,"enemies":"Hexaghost","floor":16.0,"turns":11.0},{"damage":18,"enemies":"2 Thieves","floor":18,"turns":4},{"damage":15,"enemies":"3 Byrds","floor":19,"turns":5},{"damage":37,"enemies":"Cultist and Chosen","floor":22,"turns":7},{"damage":36,"enemies":"Gremlin Leader","floor":23,"turns":2}],"seed_played":"6688896480741073256","potions_obtained":[{"floor":11.0,"key":"FocusPotion"},{"floor":13.0,"key":"Weak Potion"}],"is_trial":false,"path_per_floor":["M","?","$","?","?","R","E","M","T","M","M","R","M","$","R","B",null,"M","M","?","?","M","E"],"character_chosen":"DEFECT","items_purchased":["Shovel"],"campfire_rested":3,"item_purchase_floors":[14],"current_hp_per_floor":[68,73,73,53,37,61,61,61,61,56,25,49,42,42,66,13,63,45,30,30,48,27,0],"gold":200,"neow_bonus":"THREE_ENEMY_KILL","is_prod":false,"is_daily":false,"chose_seed":false,"campfire_upgraded":0,"win_rate":0,"timestamp":1549824292,"path_taken":["M","?","$","?","?","R","E","M","T","M","M","R","M","$","R","BOSS","M","M","?","?","?","E"],"build_version":"2019-01-23","purchased_purges":0,"victory":false,"max_hp_per_floor":[75,80,80,80,80,80,80,80,80,80,80,80,80,80,80,80,80,80,80,56,56,56,56],"card_choices":[{"not_picked":["Beam Cell","Sweeping Beam"],"picked":"Gash","floor":1.0},{"not_picked":["Scrape","Stack"],"picked":"Compile Driver","floor":7.0},{"not_picked":["Redo","BootSequence"],"picked":"Coolheaded","floor":8.0},{"not_picked":["Sweeping Beam","Hologram"],"picked":"Conserve Battery","floor":10.0},{"not_picked":["Barrage","Cold Snap"],"picked":"Coolheaded","floor":11.0},{"not_picked":["Chill","Glacier"],"picked":"Ball Lightning","floor":13.0},{"not_picked":["Fission","All For One"],"picked":"Machine Learning","floor":16.0},{"not_picked":["Beam Cell","Compile Driver"],"picked":"Redo+1","floor":18},{"not_picked":["Sweeping Beam","Cold Snap"],"picked":"Gash+1","floor":19},{"not_picked":["Steam","Force Field+1"],"picked":"Leap","floor":22}],"player_experience":321370,"relics_obtained":[{"floor":7.0,"key":"MawBank"},{"floor":9.0,"key":"Singing Bowl"}],"event_choices":[{"damage_healed":0.0,"max_hp_gain":5.0,"max_hp_loss":0.0,"gold_gain":0.0,"event_name":"Big Fish","player_choice":"Donut","floor":2.0,"gold_loss":0.0,"damage_taken":0.0},{"damage_healed":0.0,"max_hp_gain":0.0,"max_hp_loss":0.0,"gold_gain":0.0,"event_name":"Golden Idol","player_choice":"Take Damage","floor":4.0,"gold_loss":0.0,"damage_taken":20.0,"relics_obtained":["Golden Idol"]},{"damage_healed":0.0,"max_hp_gain":0.0,"max_hp_loss":0.0,"gold_gain":0.0,"event_name":"Shining Light","player_choice":"Entered Light","floor":5.0,"gold_loss":0.0,"damage_taken":16.0,"cards_upgraded":["Defend_B","Strike_B"]},{"damage_healed":0,"gold_gain":0,"player_choice":"Became a vampire","damage_taken":0,"max_hp_gain":0,"max_hp_loss":24,"event_name":"Vampires","floor":20,"gold_loss":0,"cards_obtained":["Bite","Bite","Bite","Bite","Bite"]},{"damage_healed":18,"gold_gain":0,"player_choice":"Heal","damage_taken":0,"max_hp_gain":0,"max_hp_loss":0,"event_name":"The Library","floor":21,"gold_loss":0}],"is_beta":false,"boss_relics":[{"not_picked":["Ectoplasm","Runic Pyramid"],"picked":"Sozu"}],"items_purged_floors":[],"is_endless":false,"potions_floor_spawned":[11,13,19],"killed_by":"Gremlin Leader","ascension_level":7}