{"gold_per_floor":[113,113,133,133,151,151,176,238,316,326,338,358,358,377,377,481,481,496,411,411,181,181,207,207,239,239,266,277,302,302,334,334,431,431,447,447,447,447,464,497,497,514,596,236,336,336,336,353,353,353],"floor_reached":50,"playtime":8953,"items_purged":["Defend_G","Defend_G"],"score":673,"play_id":"4fc761b9-503f-4fc4-a540-ef07373878e2","local_time":"20190110120928","is_ascension_mode":true,"campfire_choices":[{"data":"Poisoned Stab","floor":6,"key":"SMITH"},{"data":"A Thousand Cuts","floor":15,"key":"SMITH"},{"floor":24,"key":"REST"},{"data":"Venomology","floor":30,"key":"SMITH"},{"data":"Acrobatics","floor":32,"key":"SMITH"},{"data":"Bite","floor":41,"key":"SMITH"},{"data":"Bite","floor":49,"key":"SMITH"}],"neow_cost":"NONE","seed_source_timestamp":75080312291916,"circlet_count":0,"master_deck":["Defend_G","Defend_G+1","Defend_G+1","Survivor","Neutralize+1","Backflip","Quick Slash","Dagger Spray","Poisoned Stab+1","Acrobatics+1","Deadly Poison","Dagger Throw","A Thousand Cuts+1","Flying Knee","Venomology+1","Prepared+1","Bite+1","Bite","Bite","Bite","Bite+1","Poisoned Stab","Bane","Flying Knee+1","Blur+1","Corpse Explosion","Poisoned Stab+1","Madness+1","Madness","Swift Strike","Poisoned Stab+1","Trip"],"relics":["Ring of the Snake","PreservedInsect","Snake Skull","Pantograph","Sundial","Lizard Tail","Ornamental Fan","MutagenicStrength","Lantern","Bottled Flame","Oddly Smooth Stone","Anchor","Meat on the Bone","Red Mask","Bottled Lightning","Coffee Dripper","Tingsha","Molten Egg 2","Shuriken","FossilizedHelix","Kunai"],"potions_floor_usage":[7,16,16,18,27,31,33,33,33,33,39,45,45,48,48,50,50,50],"damage_taken":[{"damage":1,"enemies":"Cultist","floor":1,"turns":4},{"damage":0,"enemies":"Small Slimes","floor":3,"turns":4},{"damage":0,"enemies":"Jaw Worm","floor":5,"turns":4},{"damage":2,"enemies":"Lagavulin","floor":7,"turns":9},{"damage":8,"enemies":"Lagavulin Event","floor":8,"turns":5},{"damage":2,"enemies":"Looter","floor":10,"turns":3},{"damage":5,"enemies":"Large Slime","floor":11,"turns":6},{"damage":0,"enemies":"2 Fungi Beasts","floor":12,"turns":3},{"damage":4,"enemies":"3 Louse","floor":14,"turns":3},{"damage":13,"enemies":"The Guardian","floor":16,"turns":9},{"damage":0,"enemies":"3 Byrds","floor":18,"turns":4},{"damage":39,"enemies":"Slavers","floor":23,"turns":5},{"damage":14,"enemies":"Gremlin Leader","floor":25,"turns":6},{"damage":10,"enemies":"Slavers","floor":27,"turns":5},{"damage":15,"enemies":"2 Thieves","floor":28,"turns":5},{"damage":7,"enemies":"Masked Bandits","floor":29,"turns":4},{"damage":18,"enemies":"Book of Stabbing","floor":31,"turns":4},{"damage":79,"enemies":"Champ","floor":33,"turns":12},{"damage":0,"enemies":"3 Darklings","floor":35,"turns":2},{"damage":0,"enemies":"3 Shapes","floor":39,"turns":5},{"damage":17,"enemies":"Giant Head","floor":40,"turns":6},{"damage":3,"enemies":"Transient","floor":42,"turns":5},{"damage":5,"enemies":"Mind Bloom Boss Battle","floor":45,"turns":4},{"damage":28,"enemies":"Spire Growth","floor":48,"turns":4},{"damage":72,"enemies":"Time Eater","floor":50,"turns":8}],"seed_played":"4108578614767180591","potions_obtained":[{"floor":3,"key":"EssenceOfSteel"},{"floor":7,"key":"FearPotion"},{"floor":11,"key":"Block Potion"},{"floor":12,"key":"Poison Potion"},{"floor":14,"key":"AttackPotion"},{"floor":18,"key":"Energy Potion"},{"floor":29,"key":"Strength Potion"},{"floor":31,"key":"Energy Potion"},{"floor":42,"key":"SkillPotion"},{"floor":45,"key":"LiquidBronze"},{"floor":48,"key":"FairyPotion"}],"is_trial":false,"path_per_floor":["M","?","M","?","M","R","E","?","T","M","M","M","T","M","R","B",null,"M","?","?","$","?","E","R","E","T","E","M","?","R","E","R","B",null,"M","?","?","?","M","E","R","M","T","$","?","T","?","M","R","B"],"character_chosen":"THE_SILENT","items_purchased":["Lantern","Shuriken"],"campfire_rested":1,"item_purchase_floors":[21,44],"current_hp_per_floor":[69,55,55,55,55,55,53,45,45,43,38,38,38,34,34,46,70,70,70,70,70,49,18,32,34,34,30,35,38,38,36,36,23,49,49,43,43,43,49,36,36,44,44,44,46,46,46,35,35,0],"gold":353,"neow_bonus":"TRANSFORM_CARD","is_prod":false,"is_daily":false,"chose_seed":false,"campfire_upgraded":6,"win_rate":0,"timestamp":1547150968,"path_taken":["M","?","M","?","?","R","E","?","T","M","M","M","?","M","R","BOSS","M","?","?","$","?","E","R","E","T","E","M","?","R","E","R","BOSS","M","?","?","?","?","E","R","M","T","$","?","?","?","?","R","BOSS"],"build_version":"2019-01-03v4","purchased_purges":2,"victory":false,"max_hp_per_floor":[70,70,70,70,70,70,70,70,70,70,70,70,70,70,70,70,70,70,70,70,70,49,49,49,49,49,49,49,49,49,49,49,49,49,49,49,49,49,49,49,49,49,49,49,49,49,49,49,49,49],"card_choices":[{"not_picked":["Prepared","Dagger Throw"],"picked":"Quick Slash","floor":1},{"not_picked":["Tactician","Flying Knee"],"picked":"Dagger Spray","floor":3},{"not_picked":["Eviscerate","Endless Agony"],"picked":"Poisoned Stab","floor":5},{"not_picked":["Slice","Dash"],"picked":"Acrobatics","floor":7},{"not_picked":["Infinite Blades","Backflip"],"picked":"Deadly Poison","floor":8},{"not_picked":["Deflect","Acrobatics"],"picked":"Dagger Throw","floor":10},{"not_picked":["Riddle With Holes","Expertise"],"picked":"A Thousand Cuts","floor":11},{"not_picked":["Quick Slash","Underhanded Strike"],"picked":"Flying Knee","floor":12},{"not_picked":["Underhanded Strike","Eviscerate","Outmaneuver"],"picked":"SKIP","floor":14},{"not_picked":["Bullet Time","Night Terror"],"picked":"Venomology","floor":16},{"not_picked":["Deadly Poison","Calculated Gamble"],"picked":"Prepared+1","floor":18},{"not_picked":["Masterful Stab","Leg Sweep","Acrobatics"],"picked":"SKIP","floor":23},{"not_picked":["Masterful Stab","Flying Knee"],"picked":"Poisoned Stab","floor":25},{"not_picked":["Tactician","Bullet Time"],"picked":"Bane","floor":27},{"not_picked":["Bane","Deadly Poison","Acrobatics"],"picked":"SKIP","floor":28},{"not_picked":["Sucker Punch+1","Underhanded Strike+1"],"picked":"Flying Knee+1","floor":29},{"not_picked":["Deflect+1","Finisher+1"],"picked":"Blur+1","floor":31},{"not_picked":["Unload","Night Terror"],"picked":"Corpse Explosion","floor":33},{"not_picked":["Deadly Poison+1","Acrobatics+1"],"picked":"Poisoned Stab+1","floor":35},{"not_picked":["Mind Blast","Discovery"],"picked":"Swift Strike","floor":37},{"not_picked":["Flying Knee","Cloak And Dagger","Acrobatics"],"picked":"SKIP","floor":39},{"not_picked":["Leg Sweep","Expertise","Glass Knife"],"picked":"SKIP","floor":40},{"not_picked":["PiercingWail+1","Bane+1","Dagger Spray"],"picked":"SKIP","floor":42},{"not_picked":["Quick Slash+1","Dagger Spray+1"],"picked":"Poisoned Stab+1","floor":45},{"not_picked":["Acrobatics+1","Backflip+1","Cloak And Dagger+1"],"picked":"SKIP","floor":48}],"player_experience":96300,"relics_obtained":[{"floor":7,"key":"PreservedInsect"},{"floor":8,"key":"Snake Skull"},{"floor":9,"key":"Pantograph"},{"floor":13,"key":"Sundial"},{"floor":23,"key":"Bottled Flame"},{"floor":25,"key":"Oddly Smooth Stone"},{"floor":26,"key":"Anchor"},{"floor":27,"key":"Meat on the Bone"},{"floor":29,"key":"Red Mask"},{"floor":31,"key":"Bottled Lightning"},{"floor":40,"key":"Tingsha"},{"floor":43,"key":"Molten Egg 2"},{"floor":45,"key":"FossilizedHelix"},{"floor":46,"key":"Kunai"}],"event_choices":[{"damage_healed":0,"gold_gain":0,"player_choice":"Entered Light","damage_taken":14,"max_hp_gain":0,"max_hp_loss":0,"event_name":"Shining Light","floor":2,"gold_loss":0,"cards_upgraded":["Defend_G","Defend_G"]},{"damage_healed":0,"gold_gain":0,"player_choice":"Upgraded","damage_taken":0,"max_hp_gain":0,"max_hp_loss":0,"event_name":"Upgrade Shrine","floor":4,"gold_loss":0,"cards_upgraded":["Neutralize"]},{"damage_healed":0,"gold_gain":30,"player_choice":"Searched \u00273\u0027 times","damage_taken":0,"max_hp_gain":0,"max_hp_loss":0,"event_name":"Dead Adventurer","floor":8,"gold_loss":0},{"damage_healed":0,"gold_gain":0,"player_choice":"Obtained Relic","damage_taken":0,"relics_obtained":["Ornamental Fan"],"max_hp_gain":0,"max_hp_loss":0,"event_name":"Addict","floor":19,"gold_loss":85},{"damage_healed":0,"gold_gain":0,"player_choice":"Inject Mutagens","damage_taken":0,"relics_obtained":["MutagenicStrength"],"max_hp_gain":0,"max_hp_loss":0,"event_name":"Drug Dealer","floor":20,"gold_loss":0},{"damage_healed":0,"gold_gain":0,"player_choice":"Became a vampire","damage_taken":0,"max_hp_gain":0,"max_hp_loss":21,"event_name":"Vampires","floor":22,"gold_loss":0,"cards_obtained":["Bite","Bite","Bite","Bite","Bite"]},{"damage_healed":0,"gold_gain":0,"player_choice":"Fought Bandits","damage_taken":0,"max_hp_gain":0,"max_hp_loss":0,"event_name":"Masked Bandits","floor":29,"gold_loss":0},{"damage_healed":0,"gold_gain":0,"player_choice":"Embrace Madness","damage_taken":6,"max_hp_gain":0,"max_hp_loss":0,"event_name":"Winding Halls","floor":36,"gold_loss":0,"cards_obtained":["Madness","Madness"]},{"damage_healed":0,"gold_gain":0,"player_choice":"Memory 1","damage_taken":0,"max_hp_gain":0,"max_hp_loss":0,"event_name":"SensoryStone","floor":37,"gold_loss":0},{"damage_healed":0,"gold_gain":0,"player_choice":"Forge","damage_taken":0,"max_hp_gain":0,"max_hp_loss":0,"event_name":"Accursed Blacksmith","floor":38,"gold_loss":0,"cards_upgraded":["Madness"]},{"damage_healed":0,"gold_gain":0,"player_choice":"Fight","damage_taken":0,"max_hp_gain":0,"max_hp_loss":0,"event_name":"MindBloom","floor":45,"gold_loss":0},{"damage_healed":0,"gold_gain":0,"player_choice":"1 cards matched","damage_taken":0,"max_hp_gain":0,"max_hp_loss":0,"event_name":"Match and Keep!","floor":47,"gold_loss":0,"cards_obtained":["Trip"]},{"damage_healed":0,"gold_gain":0,"player_choice":"1 cards matched","damage_taken":0,"max_hp_gain":0,"max_hp_loss":0,"event_name":"Match and Keep!","floor":47,"gold_loss":0,"cards_obtained":["Trip"]}],"is_beta":false,"boss_relics":[{"not_picked":["Runic Dome","Empty Cage"],"picked":"Lizard Tail"},{"not_picked":["HoveringKite","Snecko Eye"],"picked":"Coffee Dripper"}],"items_purged_floors":[21,44],"is_endless":false,"potions_floor_spawned":[3,7,11,12,14,18,29,31,42,45,48],"killed_by":"Time Eater","ascension_level":1}