{"gold_per_floor":[116,116,136,156,226,258,258,103,153,153,153,169,184,259,259,357,357,368,368,194,205,205,205,225,241,266,277,288,304,317,317,317,422,422,440,458,458,458,470,470,380,380,380,380,392,392,91,109,109,109],"floor_reached":50,"playtime":2917,"items_purged":["Strike_G","Strike_G"],"score":446,"play_id":"77c605a3-b8ac-49b9-a34d-f78e40128358","local_time":"20190102175854","is_ascension_mode":false,"campfire_choices":[{"data":"Neutralize","floor":7.0,"key":"SMITH"},{"data":"Noxious Fumes","floor":10.0,"key":"SMITH"},{"floor":15.0,"key":"REST"},{"data":"Leg Sweep","floor":23.0,"key":"SMITH"},{"floor":32.0,"key":"REST"},{"floor":40,"key":"REST"},{"floor":42,"key":"REST"},{"data":"Bullet Time","floor":44,"key":"SMITH"},{"floor":46,"key":"REST"},{"floor":49,"key":"REST"}],"neow_cost":"NONE","seed_source_timestamp":246130747897,"circlet_count":0,"master_deck":["Defend_G","Defend_G","Defend_G","Defend_G","Defend_G","Survivor","Neutralize+1","Well Laid Plans","All Out Attack","PiercingWail","Backflip","Noxious Fumes+1","Doppelganger","Flying Knee","Deadly Poison","Corpse Explosion","Acrobatics+1","Leg Sweep+1","Outmaneuver","Malaise+1","Poisoned Stab","Tools of the Trade","Bane","Prepared+1","Envenom","Bullet Time+1","Well Laid Plans+1","Deep Breath","Bouncing Flask","Deadly Poison","Poisoned Stab"],"special_seed":0,"relics":["Ring of the Snake"],"potions_floor_usage":[39,48,50,50],"damage_taken":[{"damage":0.0,"enemies":"Cultist","floor":1.0,"turns":4.0},{"damage":0.0,"enemies":"2 Louse","floor":3.0,"turns":4.0},{"damage":0.0,"enemies":"Jaw Worm","floor":4.0,"turns":4.0},{"damage":19.0,"enemies":"3 Sentries","floor":6.0,"turns":11.0},{"damage":7.0,"enemies":"3 Louse","floor":12.0,"turns":3.0},{"damage":4.0,"enemies":"Looter","floor":13.0,"turns":4.0},{"damage":38.0,"enemies":"Slime Boss","floor":16.0,"turns":11.0},{"damage":22.0,"enemies":"2 Thieves","floor":18.0,"turns":4.0},{"damage":18.0,"enemies":"Spheric Guardian","floor":21.0,"turns":5.0},{"damage":13.0,"enemies":"Cultist and Chosen","floor":24.0,"turns":7.0},{"damage":1.0,"enemies":"Snecko","floor":25.0,"turns":7.0},{"damage":6.0,"enemies":"Centurion and Healer","floor":27.0,"turns":7.0},{"damage":4.0,"enemies":"Snake Plant","floor":28.0,"turns":6.0},{"damage":1.0,"enemies":"3 Cultists","floor":29.0,"turns":3.0},{"damage":6.0,"enemies":"Snecko","floor":30.0,"turns":6.0},{"damage":11.0,"enemies":"Collector","floor":33.0,"turns":11.0},{"damage":28.0,"enemies":"Orb Walker","floor":35.0,"turns":6.0},{"damage":36.0,"enemies":"3 Darklings","floor":36.0,"turns":4.0},{"damage":1,"enemies":"Sphere and 2 Shapes","floor":39,"turns":6},{"damage":18,"enemies":"Jaw Worm Horde","floor":45,"turns":4},{"damage":41,"enemies":"Spire Growth","floor":48,"turns":6},{"damage":54,"enemies":"Awakened One","floor":50,"turns":8}],"seed_played":"-4734052369751775810","potions_obtained":[{"floor":1.0,"key":"Explosive Potion"},{"floor":6.0,"key":"SkillPotion"},{"floor":12.0,"key":"SkillPotion"},{"floor":16.0,"key":"AttackPotion"},{"floor":18.0,"key":"EntropicBrew"},{"floor":27.0,"key":"PowerPotion"},{"floor":29.0,"key":"EssenceOfSteel"},{"floor":36.0,"key":"Ancient Potion"}],"is_trial":false,"path_per_floor":["M","?","M","M","?","E","R","$","T","R","?","M","M","?","R","B",null,"M","?","$","M","?","R","M","M","T","M","M","M","M","?","R","B",null,"M","M","?","?","M","R","?","R","T","R","M","R","$","M","R","B"],"character_chosen":"THE_SILENT","items_purchased":["Noxious Fumes","Leg Sweep","Bouncing Flask","Deadly Poison","Poisoned Stab","Block Potion","GamblersBrew"],"campfire_rested":6,"item_purchase_floors":[8,20,47,47,47,47,47],"current_hp_per_floor":[77,77,77,77,77,58,58,58,58,58,58,51,47,36,59,21,77,55,55,55,37,37,37,39,38,38,32,28,27,21,21,44,33,77,49,13,13,13,12,35,35,58,58,58,40,63,63,22,45,0],"gold":109,"neow_bonus":"TEN_PERCENT_HP_BONUS","is_prod":false,"is_daily":false,"chose_seed":false,"campfire_upgraded":4,"win_rate":0,"timestamp":1546444734,"path_taken":["M","?","M","M","?","E","R","$","T","R","?","M","?","?","R","BOSS","M","?","$","M","?","R","M","?","T","M","M","M","M","?","R","BOSS","M","M","?","?","?","R","?","R","T","R","?","R","$","M","R","BOSS"],"build_version":"2018-12-20","purchased_purges":2,"victory":false,"max_hp_per_floor":[77,77,77,77,77,77,77,77,77,77,77,77,77,77,77,77,77,77,77,77,77,77,77,77,77,77,77,77,77,77,77,77,77,77,77,77,77,77,77,77,77,77,77,77,77,77,77,77,77,77],"card_choices":[{"not_picked":["Skewer","Prepared"],"picked":"Well Laid Plans","floor":1.0},{"not_picked":["Riddle With Holes","Slice"],"picked":"All Out Attack","floor":3.0},{"not_picked":["Masterful Stab","Backflip"],"picked":"PiercingWail","floor":4.0},{"not_picked":["Slice","Dagger Spray"],"picked":"Backflip","floor":6.0},{"not_picked":["Dodge and Roll","Backflip"],"picked":"Flying Knee","floor":12.0},{"not_picked":["Night Terror","Choke"],"picked":"Deadly Poison","floor":13.0},{"not_picked":["Envenom","Unload"],"picked":"Corpse Explosion","floor":16.0},{"not_picked":["Skewer","Cloak And Dagger+1"],"picked":"Acrobatics+1","floor":18.0},{"not_picked":["Endless Agony","Underhanded Strike"],"picked":"Outmaneuver","floor":21.0},{"not_picked":["Dagger Spray+1","Well Laid Plans"],"picked":"Poisoned Stab","floor":24.0},{"not_picked":["PiercingWail","Dagger Throw"],"picked":"Tools of the Trade","floor":25.0},{"not_picked":["Riddle With Holes","Blade Dance","Dagger Spray"],"picked":"SKIP","floor":27.0},{"not_picked":["Infinite Blades","Eviscerate"],"picked":"Bane","floor":28.0},{"not_picked":["Infinite Blades+1","Acrobatics+1"],"picked":"Prepared+1","floor":29.0},{"not_picked":["Acrobatics","Deadly Poison","Blade Dance"],"picked":"SKIP","floor":30.0},{"not_picked":["Venomology","Adrenaline"],"picked":"Bullet Time","floor":33.0},{"not_picked":["Masterful Stab","Sucker Punch","Leg Sweep"],"picked":"SKIP","floor":35.0},{"not_picked":["Dagger Throw+1","Predator"],"picked":"Well Laid Plans+1","floor":36.0},{"not_picked":["Dagger Throw+1","Sucker Punch","Finisher"],"picked":"SKIP","floor":39},{"not_picked":["Cloak And Dagger+1","Sucker Punch","Flying Knee+1"],"picked":"SKIP","floor":45},{"not_picked":["Die Die Die","Finisher","Calculated Gamble+1"],"picked":"SKIP","floor":48}],"player_experience":68880,"relics_obtained":[],"event_choices":[{"damage_healed":0.0,"max_hp_gain":0.0,"max_hp_loss":0.0,"gold_gain":0.0,"event_name":"Scrap Ooze","player_choice":"Fled","floor":2.0,"gold_loss":0.0,"damage_taken":0.0},{"damage_healed":0.0,"max_hp_gain":0.0,"max_hp_loss":0.0,"gold_gain":70.0,"event_name":"Golden Wing","player_choice":"Gained Gold","floor":5.0,"gold_loss":0.0,"damage_taken":0.0},{"damage_healed":0.0,"max_hp_gain":0.0,"max_hp_loss":0.0,"gold_gain":0.0,"cards_transformed":["Strike_G"],"event_name":"Living Wall","player_choice":"Change","floor":11.0,"gold_loss":0.0,"damage_taken":0.0,"cards_obtained":["Doppelganger"]},{"damage_healed":0.0,"max_hp_gain":0.0,"max_hp_loss":0.0,"gold_gain":75.0,"event_name":"World of Goop","player_choice":"Gather Gold","floor":14.0,"gold_loss":0.0,"damage_taken":11.0},{"damage_healed":0.0,"max_hp_gain":0.0,"max_hp_loss":0.0,"gold_gain":0.0,"event_name":"The Mausoleum","player_choice":"Ignored","floor":19.0,"gold_loss":0.0,"damage_taken":0.0},{"damage_healed":0.0,"max_hp_gain":0.0,"max_hp_loss":0.0,"gold_gain":0.0,"event_name":"Match and Keep!","player_choice":"1 cards matched","floor":22.0,"gold_loss":0.0,"damage_taken":0.0,"cards_obtained":["Malaise"]},{"damage_healed":0.0,"max_hp_gain":0.0,"max_hp_loss":0.0,"gold_gain":0.0,"cards_transformed":["Strike_G"],"event_name":"Transmorgrifier","player_choice":"Transformed","floor":31.0,"gold_loss":0.0,"damage_taken":0.0,"cards_obtained":["Envenom"]},{"damage_healed":0.0,"max_hp_gain":0.0,"max_hp_loss":0.0,"gold_gain":0.0,"event_name":"Tomb of Lord Red Mask","player_choice":"Ignored","floor":37.0,"gold_loss":0.0,"damage_taken":0.0},{"damage_healed":0.0,"max_hp_gain":0.0,"max_hp_loss":0.0,"gold_gain":0.0,"event_name":"Match and Keep!","player_choice":"1 cards matched","floor":38.0,"gold_loss":0.0,"damage_taken":0.0,"cards_obtained":["Deep Breath"]},{"cards_removed":["Strike_G"],"damage_healed":0,"gold_gain":0,"player_choice":"Upgrade and Remove","damage_taken":0,"max_hp_gain":0,"max_hp_loss":0,"event_name":"Designer","floor":41,"gold_loss":90,"cards_upgraded":["Malaise"]}],"is_beta":false,"boss_relics":[{"not_picked":["White Beast Statue","Cursed Key","Tiny House"]},{"not_picked":["WristBlade","Snecko Eye","Calling Bell"]}],"items_purged_floors":[8,20],"is_endless":false,"potions_floor_spawned":[1,6,12,16,18,27,29,36],"killed_by":"Awakened One","ascension_level":0}