{"gold_per_floor":[116,116,116,116,191,220,220,249,249,249,260,107,117,132,132,234,234,245,245,245,257,281,281,301,301,382,392,424,442,367,111,111,211,211,225,245,345,371,387,387,420,420,420,430,443,462,117,134,134,134],"floor_reached":51,"playtime":2089,"items_purged":["Strike_B"],"score":1072,"play_id":"0564e035-b0ce-457a-a199-aaa6a99a10d0","local_time":"20190124010423","is_ascension_mode":true,"campfire_choices":[{"data":"Dualcast","floor":7,"key":"SMITH"},{"data":"Echo Form","floor":15,"key":"SMITH"},{"data":"Hologram","floor":23,"key":"SMITH"},{"data":"Loop","floor":25,"key":"SMITH"},{"floor":32,"key":"REST"},{"floor":40,"key":"RECALL"},{"floor":49,"key":"REST"}],"neow_cost":"NONE","seed_source_timestamp":218028579654153,"circlet_count":0,"master_deck":["Strike_B","Strike_B","Strike_B","Defend_B","Defend_B","Defend_B","Zap+1","Dualcast+1","Conserve Battery","Seek","Chill","Bandage Up","Echo Form+1","Ball Lightning","Loop+1","Coolheaded","Cold Snap","Electrodynamics","Hologram+1","Leap","Rip and Tear+1","Coolheaded+1","Cold Snap","Biased Cognition","Glacier+1","Consume+1","Hologram+1","Glacier+1","Core Surge","Loop+1"],"relics":["Cracked Core","NeowsBlessing","Kunai","Regal Pillow","Mercury Hourglass","Dodecahedron","Bag of Preparation","Sozu","MutagenicStrength","Strawberry","Sundial","Omamori","Mummified Hand","Fusion Hammer","Nunchaku","Boot","Ginger","Question Card","DollysMirror","Lantern"],"potions_floor_usage":[21,50,50],"damage_taken":[{"damage":0,"enemies":"Cultist","floor":1,"turns":1},{"damage":0,"enemies":"Gremlin Nob","floor":6,"turns":1},{"damage":0,"enemies":"Lagavulin","floor":8,"turns":1},{"damage":2,"enemies":"Jaw Worm","floor":11,"turns":2},{"damage":0,"enemies":"2 Louse","floor":13,"turns":1},{"damage":8,"enemies":"Large Slime","floor":14,"turns":3},{"damage":13,"enemies":"The Guardian","floor":16,"turns":12},{"damage":14,"enemies":"2 Thieves","floor":18,"turns":4},{"damage":18,"enemies":"Shell Parasite","floor":21,"turns":6},{"damage":6,"enemies":"Shelled Parasite and Fungi","floor":24,"turns":6},{"damage":14,"enemies":"Snecko","floor":27,"turns":5},{"damage":20,"enemies":"Slavers","floor":28,"turns":3},{"damage":0,"enemies":"Chosen and Byrds","floor":29,"turns":5},{"damage":27,"enemies":"Champ","floor":33,"turns":14},{"damage":1,"enemies":"Orb Walker","floor":35,"turns":2},{"damage":0,"enemies":"3 Shapes","floor":36,"turns":1},{"damage":0,"enemies":"Mind Bloom Boss Battle","floor":37,"turns":3},{"damage":0,"enemies":"Writhing Mass","floor":39,"turns":7},{"damage":7,"enemies":"Reptomancer","floor":41,"turns":7},{"damage":0,"enemies":"Transient","floor":44,"turns":5},{"damage":0,"enemies":"4 Shapes","floor":45,"turns":3},{"damage":0,"enemies":"Maw","floor":46,"turns":7},{"damage":0,"enemies":"Writhing Mass","floor":48,"turns":6},{"damage":0,"enemies":"Donu and Deca","floor":50,"turns":8}],"seed_played":"982155077155028706","potions_obtained":[{"floor":8,"key":"AttackPotion"},{"floor":11,"key":"LiquidBronze"},{"floor":14,"key":"Dexterity Potion"},{"floor":16,"key":"Regen Potion"}],"is_trial":false,"path_per_floor":["M","T","?","?","?","E","R","E","T","?","M","$","M","M","R","B",null,"M","?","?","M","T","R","M","R","T","M","E","M","?","$","R","B",null,"M","M","?","T","M","R","E","?","T","M","M","M","$","M","R","B",null],"character_chosen":"DEFECT","items_purchased":["Loop","Mummified Hand","DollysMirror","Lantern"],"campfire_rested":2,"item_purchase_floors":[12,31,47,47],"current_hp_per_floor":[68,68,68,56,45,45,45,45,45,45,47,47,51,47,47,42,67,57,57,57,59,66,66,60,60,60,54,34,38,38,38,77,55,75,74,74,78,78,82,82,82,82,82,82,82,82,82,82,82,82],"gold":134,"neow_bonus":"THREE_ENEMY_KILL","is_prod":false,"is_daily":false,"chose_seed":false,"campfire_upgraded":4,"win_rate":0,"timestamp":1548284663,"path_taken":["M","?","?","?","?","E","R","E","T","?","M","$","M","M","R","BOSS","M","?","?","M","?","R","?","R","T","M","E","M","?","$","R","BOSS","M","M","?","?","M","R","E","?","T","M","M","?","$","M","R","BOSS"],"build_version":"2019-01-23","purchased_purges":1,"victory":true,"max_hp_per_floor":[75,75,75,75,75,75,75,75,75,75,75,75,75,75,75,75,75,75,75,75,75,82,82,82,82,82,82,82,82,82,82,82,82,82,82,82,82,82,82,82,82,82,82,82,82,82,82,82,82,82],"card_choices":[{"not_picked":["Beam Cell","Stack"],"picked":"Conserve Battery","floor":1},{"not_picked":["Gash","Hologram"],"picked":"Seek","floor":6},{"not_picked":["Beam Cell","Turbo"],"picked":"Chill","floor":8},{"not_picked":["Sweeping Beam","Barrage"],"picked":"Ball Lightning","floor":11},{"not_picked":["Stack","Rebound"],"picked":"Coolheaded","floor":13},{"not_picked":["Blizzard","Loop"],"picked":"Cold Snap","floor":14},{"not_picked":["Thunder Strike","Buffer"],"picked":"Electrodynamics","floor":16},{"not_picked":["Stack","Gash"],"picked":"Hologram","floor":18},{"not_picked":["Blizzard","Ball Lightning"],"picked":"Leap","floor":21},{"not_picked":["Redo","Chaos"],"picked":"Rip and Tear+1","floor":24},{"not_picked":["Chaos","Skim"],"picked":"Coolheaded+1","floor":27},{"not_picked":["Blizzard","Barrage"],"picked":"Cold Snap","floor":28},{"not_picked":["Chill","Reboot","Steam Power"],"picked":"SKIP","floor":29},{"not_picked":["Meteor Strike","Machine Learning"],"picked":"Biased Cognition","floor":33},{"not_picked":["Recycle+1","Compile Driver+1"],"picked":"Glacier+1","floor":35},{"not_picked":["Static Discharge+1","Undo+1"],"picked":"Consume+1","floor":36},{"not_picked":["Barrage+1","Reprogram"],"picked":"Hologram+1","floor":37},{"not_picked":["Sunder+1","Coolheaded","Force Field+1"],"picked":"SKIP","floor":39},{"not_picked":["Streamline","Double Energy","Rebound+1"],"picked":"SKIP","floor":41},{"not_picked":["Sweeping Beam","Go for the Eyes+1","Gash"],"picked":"Glacier+1","floor":44},{"not_picked":["Hologram+1","Ball Lightning+1","Rebound+1"],"picked":"Core Surge","floor":45},{"not_picked":["Streamline+1","Echo Form","Hologram","Rebound+1"],"picked":"SKIP","floor":46},{"not_picked":["Heatsinks","Recycle","Genetic Algorithm","Lockon"],"picked":"SKIP","floor":48}],"player_experience":114569,"relics_obtained":[{"floor":2,"key":"Kunai"},{"floor":6,"key":"Mercury Hourglass"},{"floor":8,"key":"Dodecahedron"},{"floor":9,"key":"Bag of Preparation"},{"floor":22,"key":"Strawberry"},{"floor":26,"key":"Sundial"},{"floor":28,"key":"Omamori"},{"floor":37,"key":"Nunchaku"},{"floor":38,"key":"Boot"},{"floor":41,"key":"Ginger"},{"floor":43,"key":"Question Card"}],"event_choices":[{"damage_healed":0,"gold_gain":0,"player_choice":"Grow","damage_taken":0,"max_hp_gain":0,"max_hp_loss":0,"event_name":"Living Wall","floor":3,"gold_loss":0,"cards_upgraded":["Zap"]},{"damage_healed":0,"gold_gain":0,"player_choice":"Success","damage_taken":12,"relics_obtained":["Regal Pillow"],"max_hp_gain":0,"max_hp_loss":0,"event_name":"Scrap Ooze","floor":4,"gold_loss":0},{"damage_healed":0,"gold_gain":75,"player_choice":"Gather Gold","damage_taken":11,"max_hp_gain":0,"max_hp_loss":0,"event_name":"World of Goop","floor":5,"gold_loss":0},{"damage_healed":0,"gold_gain":0,"player_choice":"2 cards matched","damage_taken":0,"max_hp_gain":0,"max_hp_loss":0,"event_name":"Match and Keep!","floor":10,"gold_loss":0,"cards_obtained":["Bandage Up","Echo Form"]},{"damage_healed":0,"gold_gain":0,"player_choice":"Ignored","damage_taken":0,"max_hp_gain":0,"max_hp_loss":0,"event_name":"Vampires","floor":19,"gold_loss":0},{"damage_healed":0,"gold_gain":0,"player_choice":"Inject Mutagens","damage_taken":0,"relics_obtained":["MutagenicStrength"],"max_hp_gain":0,"max_hp_loss":0,"event_name":"Drug Dealer","floor":20,"gold_loss":0},{"cards_removed":["Defend_B"],"damage_healed":0,"gold_gain":0,"player_choice":"Gave Gold","damage_taken":0,"max_hp_gain":0,"max_hp_loss":0,"event_name":"Beggar","floor":30,"gold_loss":75},{"damage_healed":0,"gold_gain":0,"player_choice":"Fight","damage_taken":0,"max_hp_gain":0,"max_hp_loss":0,"event_name":"MindBloom","floor":37,"gold_loss":0},{"damage_healed":0,"gold_gain":0,"player_choice":"Bought 0 Potions","damage_taken":0,"max_hp_gain":0,"max_hp_loss":0,"event_name":"The Woman in Blue","floor":42,"gold_loss":0}],"is_beta":false,"boss_relics":[{"not_picked":["Nuclear Battery","Busted Crown"],"picked":"Sozu"},{"not_picked":["Tiny House","Eternal Feather"],"picked":"Fusion Hammer"}],"items_purged_floors":[12],"is_endless":false,"potions_floor_spawned":[8,11,14,16,21,28,41,45,46,48],"ascension_level":7}