{"gold_per_floor":[118,128,140,140,159,32,64,134,146,158,170,197,209,251,263,376,388,416,60,76,76,89,89],"floor_reached":23,"playtime":2187,"items_purged":[],"score":271,"play_id":"e6a2a4b0-35d8-4ab4-aa14-a2fd6f625f2f","local_time":"20190210152744","is_ascension_mode":true,"campfire_choices":[{"floor":11,"key":"REST"},{"floor":13,"key":"REST"},{"data":"Footwork","floor":15,"key":"SMITH"}],"neow_cost":"NONE","seed_source_timestamp":2515800149809492,"circlet_count":0,"master_deck":["Defend_G","Defend_G","Defend_G","Defend_G","Defend_G","Strike_G","Strike_G","Strike_G","Strike_G","Survivor","Neutralize+1","Bouncing Flask","Bane","Heel Hook","Cloak And Dagger","Footwork+1","Poisoned Stab","Cloak And Dagger","Cloak And Dagger","Blade Dance","Infinite Blades","Envenom","Poisoned Stab+1","Noxious Fumes","Bane+1"],"relics":["Ring of the Snake","MawBank","Molten Egg 2","Ornamental Fan","Darkstone Periapt","WristBlade","The Specimen","Nloth\u0027s Gift"],"potions_floor_usage":[8,8,14,16,23],"damage_taken":[{"damage":0,"enemies":"2 Louse","floor":1,"turns":2},{"damage":0,"enemies":"Cultist","floor":2,"turns":3},{"damage":3,"enemies":"Small Slimes","floor":3,"turns":4},{"damage":2,"enemies":"2 Fungi Beasts","floor":5,"turns":3},{"damage":15,"enemies":"Lagavulin","floor":7,"turns":5},{"damage":9,"enemies":"3 Sentries","floor":8,"turns":7},{"damage":1,"enemies":"Blue Slaver","floor":12,"turns":4},{"damage":20,"enemies":"3 Sentries","floor":14,"turns":9},{"damage":34,"enemies":"Hexaghost","floor":16,"turns":9},{"damage":14,"enemies":"Spheric Guardian","floor":18,"turns":6},{"damage":17,"enemies":"Shell Parasite","floor":20,"turns":6},{"damage":11,"enemies":"Snecko","floor":22,"turns":5},{"damage":28,"enemies":"Gremlin Leader","floor":23,"turns":6}],"seed_played":"2741713697657402616","potions_obtained":[{"floor":1,"key":"SkillPotion"},{"floor":2,"key":"EssenceOfSteel"},{"floor":5,"key":"EssenceOfSteel"},{"floor":12,"key":"Regen Potion"},{"floor":22,"key":"LiquidBronze"}],"is_trial":false,"path_per_floor":["M","M","M","?","M","$","E","?","T","?","R","M","R","E","R","B",null,"M","$","M","?","M","E"],"character_chosen":"THE_SILENT","items_purchased":["Footwork","Poisoned Stab","The Specimen","Noxious Fumes"],"campfire_rested":2,"item_purchase_floors":[6,6,19,19],"current_hp_per_floor":[63,63,60,60,58,58,43,34,34,27,48,47,68,48,48,51,65,51,51,34,34,23,0],"gold":89,"neow_bonus":"UPGRADE_CARD","is_prod":false,"is_daily":false,"chose_seed":false,"campfire_upgraded":1,"win_rate":0,"timestamp":1549841264,"path_taken":["M","M","M","?","?","?","E","?","T","?","R","?","R","E","R","BOSS","M","$","M","?","?","E"],"build_version":"2019-01-23","purchased_purges":0,"victory":false,"max_hp_per_floor":[70,70,70,70,70,70,70,70,70,70,70,70,70,70,70,70,70,70,70,70,70,70,70],"card_choices":[{"not_picked":["Dash","Endless Agony"],"picked":"Bouncing Flask","floor":1},{"not_picked":["PiercingWail","Sucker Punch"],"picked":"Bane","floor":2},{"not_picked":["Calculated Gamble","Sucker Punch"],"picked":"Heel Hook","floor":3},{"not_picked":["Dodge and Roll","Flying Knee"],"picked":"Cloak And Dagger","floor":5},{"not_picked":["Calculated Gamble","Underhanded Strike"],"picked":"Cloak And Dagger","floor":7},{"not_picked":["Eviscerate","Dodge and Roll"],"picked":"Cloak And Dagger","floor":8},{"not_picked":["Masterful Stab+1","Expertise"],"picked":"Blade Dance","floor":12},{"not_picked":["Predator+1","Sucker Punch+1"],"picked":"Infinite Blades","floor":14},{"not_picked":["Wraith Form v2","Glass Knife+1"],"picked":"Envenom","floor":16},{"not_picked":["Bane+1","PiercingWail"],"picked":"Poisoned Stab+1","floor":18},{"not_picked":["PiercingWail","Cloak And Dagger","Deflect"],"picked":"SKIP","floor":20},{"not_picked":["Cloak And Dagger","Phantasmal Killer"],"picked":"Bane+1","floor":22}],"player_experience":330150,"relics_obtained":[{"floor":7,"key":"MawBank"},{"floor":8,"key":"Pantograph"},{"floor":9,"key":"Molten Egg 2"},{"floor":14,"key":"Darkstone Periapt"}],"event_choices":[{"cards_removed":["Strike_G"],"damage_healed":0,"gold_gain":0,"player_choice":"Purged","damage_taken":0,"max_hp_gain":0,"max_hp_loss":0,"event_name":"Purifier","floor":4,"gold_loss":0},{"damage_healed":0,"gold_gain":0,"player_choice":"Searched \u00271\u0027 times","damage_taken":0,"max_hp_gain":0,"max_hp_loss":0,"event_name":"Dead Adventurer","floor":8,"gold_loss":0},{"damage_healed":0,"gold_gain":0,"player_choice":"Success","damage_taken":7,"relics_obtained":["Ornamental Fan"],"max_hp_gain":0,"max_hp_loss":0,"event_name":"Scrap Ooze","floor":10,"gold_loss":0},{"damage_healed":0,"gold_gain":0,"player_choice":"Traded Relic","damage_taken":0,"relics_obtained":["Nloth\u0027s Gift"],"max_hp_gain":0,"max_hp_loss":0,"event_name":"N\u0027loth","floor":21,"relics_lost":["Pantograph"],"gold_loss":0}],"is_beta":false,"boss_relics":[{"not_picked":["Calling Bell","Philosopher\u0027s Stone"],"picked":"WristBlade"}],"items_purged_floors":[],"is_endless":false,"potions_floor_spawned":[1,2,5,7,12,22],"killed_by":"Gremlin Leader","ascension_level":7}