{"gold_per_floor":[119,119,133,133,148,148,4,32,59,71,96,96,161,174,174,277,277,277,217,217,132,132,132,132,132,132,53,53,53,53,53,53,53,53,53,53,53,53,53,53,53,53,53,53,53,53,53,53,53,53],"floor_reached":51,"playtime":2496,"items_purged":[],"score":878,"play_id":"81d29041-17dc-4da9-b402-efd20063d781","local_time":"20190105182836","is_ascension_mode":true,"campfire_choices":[{"data":"Spot Weakness","floor":6.0,"key":"SMITH"},{"floor":12.0,"key":"REST"},{"floor":15.0,"key":"REST"},{"data":"Demon Form","floor":23.0,"key":"SMITH"},{"data":"Limit Break","floor":25.0,"key":"SMITH"},{"data":"Whirlwind","floor":28.0,"key":"SMITH"},{"data":"Impervious","floor":32.0,"key":"SMITH"},{"floor":40.0,"key":"REST"},{"floor":42.0,"key":"RECALL"},{"floor":46.0,"key":"REST"},{"floor":49,"key":"REST"}],"neow_cost":"CURSE","seed_source_timestamp":311039397893892,"circlet_count":0,"master_deck":["Strike_R","Strike_R","Strike_R","Strike_R","Strike_R","Defend_R","Defend_R","Defend_R","Defend_R","Bash","Parasite","Armaments+1","Bash","Double Tap","Spot Weakness+1","Limit Break+1","Shockwave","Iron Wave","Demon Form+1","Whirlwind+1","Ghostly Armor","Impervious+1","Metallicize","Disarm","Limit Break","Demon Form+1","Immolate","Demon Form"],"special_seed":0,"relics":["Burning Blood","Pocketwatch","Bronze Scales","Juzu Bracelet","Boot","Smiling Mask","Blood Vial","Ectoplasm","Happy Flower","Strawberry","Orichalcum","Fusion Hammer","Gambling Chip","Bag of Marbles","Mercury Hourglass"],"potions_floor_usage":[50,50,50],"damage_taken":[{"damage":0.0,"enemies":"Small Slimes","floor":1.0,"turns":3.0},{"damage":0.0,"enemies":"2 Louse","floor":3.0,"turns":4.0},{"damage":1.0,"enemies":"Cultist","floor":5.0,"turns":4.0},{"damage":28.0,"enemies":"Gremlin Nob","floor":8.0,"turns":4.0},{"damage":9.0,"enemies":"3 Louse","floor":10.0,"turns":3.0},{"damage":29.0,"enemies":"3 Sentries","floor":11.0,"turns":7.0},{"damage":32.0,"enemies":"Gremlin Nob","floor":13.0,"turns":4.0},{"damage":4.0,"enemies":"2 Fungi Beasts","floor":14.0,"turns":5.0},{"damage":8.0,"enemies":"The Guardian","floor":16.0,"turns":11.0},{"damage":15.0,"enemies":"Shell Parasite","floor":18.0,"turns":5.0},{"damage":19.0,"enemies":"2 Thieves","floor":19.0,"turns":4.0},{"damage":7.0,"enemies":"Cultist and Chosen","floor":22.0,"turns":3.0},{"damage":20.0,"enemies":"Centurion and Healer","floor":24.0,"turns":6.0},{"damage":8.0,"enemies":"Snake Plant","floor":29.0,"turns":4.0},{"damage":1.0,"enemies":"Snecko","floor":30.0,"turns":5.0},{"damage":5.0,"enemies":"Cultist and Chosen","floor":31.0,"turns":6.0},{"damage":33.0,"enemies":"Champ","floor":33.0,"turns":9.0},{"damage":4.0,"enemies":"Orb Walker","floor":35.0,"turns":3.0},{"damage":11.0,"enemies":"3 Shapes","floor":36.0,"turns":8.0},{"damage":17.0,"enemies":"2 Orb Walkers","floor":37.0,"turns":4.0},{"damage":8.0,"enemies":"Writhing Mass","floor":39.0,"turns":6.0},{"damage":23.0,"enemies":"Sphere and 2 Shapes","floor":45.0,"turns":6.0},{"damage":1,"enemies":"Giant Head","floor":48,"turns":5},{"damage":68,"enemies":"Donu and Deca","floor":50,"turns":7}],"seed_played":"2174125810812791960","potions_obtained":[{"floor":1.0,"key":"BloodPotion"},{"floor":8.0,"key":"Poison Potion"},{"floor":10.0,"key":"LiquidBronze"},{"floor":11.0,"key":"PowerPotion"},{"floor":22.0,"key":"Regen Potion"},{"floor":39.0,"key":"PowerPotion"},{"floor":48,"key":"Swift Potion"}],"is_trial":false,"path_per_floor":["M","?","M","?","M","R","$","E","T","M","E","R","?","M","R","B",null,"M","M","?","?","M","R","M","R","T","$","R","M","M","M","R","B",null,"M","M","?","?","M","R","?","R","T","?","M","R","?","E","R","B",null],"character_chosen":"IRONCLAD","items_purchased":["Bronze Scales","Metallicize"],"campfire_rested":5,"item_purchase_floors":[7,27],"current_hp_per_floor":[80,80,80,80,80,80,80,58,58,55,40,64,38,42,66,66,77,70,59,59,66,67,67,67,67,67,67,67,67,74,77,77,52,78,82,79,70,70,70,87,87,87,87,87,70,87,87,87,87,25],"gold":53,"neow_bonus":"ONE_RARE_RELIC","is_prod":false,"is_daily":false,"chose_seed":false,"campfire_upgraded":5,"win_rate":0,"timestamp":1546730916,"path_taken":["M","?","M","?","?","R","$","E","T","M","E","R","?","M","R","BOSS","M","M","?","?","M","R","M","R","T","$","R","M","M","M","R","BOSS","M","M","?","?","M","R","?","R","T","?","M","R","?","E","R","BOSS"],"build_version":"2019-01-03v4","purchased_purges":0,"victory":true,"max_hp_per_floor":[80,80,80,80,80,80,80,80,80,80,80,80,80,80,80,80,80,80,80,80,87,87,87,87,87,87,87,87,87,87,87,87,87,87,87,87,87,87,87,87,87,87,87,87,87,87,87,87,87,87],"card_choices":[{"not_picked":["Havoc","True Grit"],"picked":"Armaments","floor":1.0},{"not_picked":["Perfected Strike","Clash","Searing Blow"],"picked":"SKIP","floor":3.0},{"not_picked":["Infernal Blade","Shrug It Off"],"picked":"Spot Weakness","floor":5.0},{"not_picked":["Anger","Rage"],"picked":"Limit Break","floor":8.0},{"not_picked":["Entrench","Clothesline","Dropkick"],"picked":"SKIP","floor":10.0},{"not_picked":["Sword Boomerang","Headbutt"],"picked":"Shockwave","floor":11.0},{"not_picked":["Wild Strike","Clothesline"],"picked":"Iron Wave","floor":14.0},{"not_picked":["Fiend Fire","Double Tap"],"picked":"Demon Form","floor":16.0},{"not_picked":["Perfected Strike","Pommel Strike"],"picked":"Whirlwind","floor":18.0},{"not_picked":["Dual Wield","Shrug It Off"],"picked":"Ghostly Armor","floor":19.0},{"not_picked":["Clash","Havoc+1","Whirlwind"],"picked":"SKIP","floor":22.0},{"not_picked":["Pommel Strike","Twin Strike"],"picked":"Impervious","floor":24.0},{"not_picked":["Corruption","Infernal Blade+1","True Grit"],"picked":"SKIP","floor":29.0},{"not_picked":["Rupture","Havoc+1","Wild Strike"],"picked":"SKIP","floor":30.0},{"not_picked":["Reckless Charge","Spot Weakness"],"picked":"Disarm","floor":31.0},{"not_picked":["Berserk","Barricade"],"picked":"Limit Break","floor":33.0},{"not_picked":["Warcry","Battle Trance+1","Blood for Blood+1"],"picked":"SKIP","floor":35.0},{"not_picked":["Battle Trance+1","Shrug It Off+1","Bloodletting"],"picked":"SKIP","floor":36.0},{"not_picked":["Battle Trance","Headbutt+1","Body Slam+1"],"picked":"SKIP","floor":39.0},{"not_picked":["Clash","Pommel Strike","Metallicize+1"],"picked":"SKIP","floor":45.0},{"not_picked":["Clothesline","Spot Weakness+1"],"picked":"Demon Form","floor":48}],"player_experience":350796,"relics_obtained":[{"floor":8.0,"key":"Juzu Bracelet"},{"floor":9.0,"key":"Boot"},{"floor":11.0,"key":"Smiling Mask"},{"floor":13.0,"key":"Blood Vial"},{"floor":26.0,"key":"Orichalcum"},{"floor":37.0,"key":"Gambling Chip"},{"floor":43.0,"key":"Bag of Marbles"},{"floor":48,"key":"Mercury Hourglass"}],"event_choices":[{"damage_healed":0.0,"max_hp_gain":0.0,"max_hp_loss":0.0,"gold_gain":0.0,"event_name":"Living Wall","player_choice":"Grow","floor":2.0,"gold_loss":0.0,"damage_taken":0.0,"cards_upgraded":["Armaments"]},{"damage_healed":0.0,"max_hp_gain":0.0,"max_hp_loss":0.0,"gold_gain":0.0,"event_name":"Match and Keep!","player_choice":"2 cards matched","floor":4.0,"gold_loss":0.0,"damage_taken":0.0,"cards_obtained":["Bash","Double Tap"]},{"damage_healed":0.0,"max_hp_gain":0.0,"max_hp_loss":0.0,"gold_gain":0.0,"event_name":"Dead Adventurer","player_choice":"Searched \u00272\u0027 times","floor":13.0,"gold_loss":0.0,"damage_taken":0.0},{"damage_healed":0.0,"max_hp_gain":0.0,"max_hp_loss":0.0,"gold_gain":0.0,"event_name":"The Mausoleum","player_choice":"Opened","floor":20.0,"gold_loss":0.0,"damage_taken":0.0,"relics_obtained":["Happy Flower"]},{"damage_healed":0.0,"max_hp_gain":0.0,"max_hp_loss":0.0,"gold_gain":0.0,"event_name":"Addict","player_choice":"Obtained Relic","floor":21.0,"gold_loss":85.0,"damage_taken":0.0,"relics_obtained":["Strawberry"]},{"damage_healed":0.0,"max_hp_gain":0.0,"max_hp_loss":0.0,"gold_gain":0.0,"event_name":"Mysterious Sphere","player_choice":"Fight","floor":37.0,"gold_loss":0.0,"damage_taken":0.0},{"damage_healed":0.0,"max_hp_gain":0.0,"max_hp_loss":0.0,"gold_gain":100.0,"event_name":"Golden Shrine","player_choice":"Pray","floor":38.0,"gold_loss":0.0,"damage_taken":0.0},{"damage_healed":0.0,"max_hp_gain":0.0,"max_hp_loss":0.0,"gold_gain":0.0,"event_name":"SensoryStone","player_choice":"Memory 1","floor":41.0,"gold_loss":0.0,"damage_taken":0.0},{"damage_healed":0.0,"max_hp_gain":0.0,"max_hp_loss":0.0,"gold_gain":0.0,"event_name":"Duplicator","player_choice":"Copied","floor":44.0,"gold_loss":0.0,"damage_taken":0.0,"cards_obtained":["Demon Form"]},{"damage_healed":0,"gold_gain":0,"player_choice":"1 cards matched","damage_taken":0,"max_hp_gain":0,"max_hp_loss":0,"event_name":"Match and Keep!","floor":47,"gold_loss":0,"cards_obtained":["Immolate"]}],"is_beta":false,"boss_relics":[{"not_picked":["Black Star","Orrery"],"picked":"Ectoplasm"},{"not_picked":["Coffee Dripper","Philosopher\u0027s Stone"],"picked":"Fusion Hammer"}],"items_purged_floors":[],"is_endless":false,"potions_floor_spawned":[1,8,10,11,14,18,19,22,39,48],"ascension_level":5}