{"gold_per_floor":[116,129,142,216,316,316,349,349,349,369,385,385,402,412,412,491,491,503,220,230,247,247,247,263,263,263,263,263,274,274,304,304,304],"floor_reached":33,"playtime":888,"items_purged":["Strike_B"],"score":511,"play_id":"e23c97ec-7ba0-4b6a-8249-9b4a129aec03","local_time":"20190204143653","is_ascension_mode":true,"campfire_choices":[{"data":"Zap","floor":6.0,"key":"SMITH"},{"floor":8.0,"key":"REST"},{"data":"Dualcast","floor":12.0,"key":"SMITH"},{"data":"Beam Cell","floor":15.0,"key":"SMITH"},{"floor":23.0,"key":"REST"},{"data":"White Noise","floor":25.0,"key":"SMITH"},{"data":"Scrape","floor":27.0,"key":"SMITH"},{"data":"Gash","floor":30,"key":"SMITH"},{"floor":32,"key":"REST"}],"neow_cost":"NONE","seed_source_timestamp":1218262788916102,"circlet_count":0,"master_deck":["AscendersBane","Strike_B","Strike_B","Defend_B","Defend_B","Defend_B","Defend_B","Zap+1","Dualcast+1","Doom and Gloom","Gash+1","Reinforced Body","Glacier","Scrape+1","Beam Cell+1","White Noise+1","Echo Form","Gash+1","Ball Lightning+1","Self Repair+1"],"special_seed":0,"relics":["Cracked Core","NeowsBlessing","DataDisk","Letter Opener","Busted Crown","Happy Flower","Shuriken","Matryoshka"],"potions_floor_usage":[29,29,31,33],"damage_taken":[{"damage":0.0,"enemies":"Cultist","floor":1.0,"turns":1.0},{"damage":0.0,"enemies":"2 Louse","floor":2.0,"turns":1.0},{"damage":0.0,"enemies":"Jaw Worm","floor":3.0,"turns":1.0},{"damage":30.0,"enemies":"Lagavulin","floor":7.0,"turns":5.0},{"damage":7.0,"enemies":"Gremlin Gang","floor":10.0,"turns":3.0},{"damage":1.0,"enemies":"Looter","floor":11.0,"turns":3.0},{"damage":0.0,"enemies":"Red Slaver","floor":13.0,"turns":3.0},{"damage":8.0,"enemies":"3 Louse","floor":14.0,"turns":2.0},{"damage":35.0,"enemies":"Slime Boss","floor":16.0,"turns":8.0},{"damage":15.0,"enemies":"Chosen","floor":18.0,"turns":4.0},{"damage":0.0,"enemies":"Spheric Guardian","floor":20.0,"turns":4.0},{"damage":22.0,"enemies":"Snake Plant","floor":21.0,"turns":5.0},{"damage":9.0,"enemies":"Centurion and Healer","floor":24.0,"turns":5.0},{"damage":18,"enemies":"Cultist and Chosen","floor":29,"turns":5},{"damage":35,"enemies":"Book of Stabbing","floor":31,"turns":5},{"damage":72,"enemies":"Champ","floor":33,"turns":6}],"seed_played":"7456461517515822102","potions_obtained":[{"floor":1.0,"key":"Strength Potion"},{"floor":2.0,"key":"PowerPotion"},{"floor":14.0,"key":"Strength Potion"},{"floor":21.0,"key":"FearPotion"},{"floor":29,"key":"SteroidPotion"},{"floor":31,"key":"FocusPotion"}],"is_trial":false,"path_per_floor":["M","M","M","?","?","R","E","R","T","M","M","R","M","M","R","B",null,"M","$","M","M","?","R","M","R","T","R","?","M","R","E","R","B"],"character_chosen":"DEFECT","items_purchased":["Gash","Happy Flower"],"campfire_rested":3,"item_purchase_floors":[19,19],"current_hp_per_floor":[64,64,64,64,64,64,34,55,55,48,47,47,47,39,39,4,54,39,39,39,17,17,38,49,49,49,49,49,51,51,36,57,0],"gold":304,"neow_bonus":"THREE_ENEMY_KILL","is_prod":false,"is_daily":false,"chose_seed":false,"campfire_upgraded":6,"win_rate":0,"timestamp":1549283813,"path_taken":["M","?","M","?","?","R","E","R","T","M","M","R","?","M","R","BOSS","M","$","M","M","?","R","?","R","T","R","?","?","R","E","R","BOSS"],"build_version":"2019-01-23","purchased_purges":1,"victory":false,"max_hp_per_floor":[71,71,71,71,71,71,71,71,71,71,71,71,71,71,71,71,71,71,71,71,71,71,71,71,71,71,71,71,71,71,71,71,71],"card_choices":[{"not_picked":["Hello World","Redo"],"picked":"Doom and Gloom","floor":1.0},{"not_picked":["Hologram","Turbo"],"picked":"Gash","floor":2.0},{"not_picked":["Sweeping Beam","Turbo"],"picked":"Reinforced Body","floor":3.0},{"not_picked":["Steam Power","Redo"],"picked":"Glacier","floor":7.0},{"not_picked":["Skim","Streamline"],"picked":"Scrape","floor":10.0},{"not_picked":["Cold Snap","Force Field"],"picked":"Beam Cell","floor":11.0},{"not_picked":["Lockon","Reprogram","Tempest"],"picked":"SKIP","floor":13.0},{"not_picked":["Leap","Auto Shields"],"picked":"White Noise","floor":14.0},{"not_picked":["Reboot","Amplify"],"picked":"Echo Form","floor":16.0},{"not_picked":["Barrage"],"picked":"SKIP","floor":18.0},{"not_picked":[],"picked":"Ball Lightning+1","floor":20.0},{"not_picked":[],"picked":"Self Repair+1","floor":21.0},{"not_picked":["Stack"],"picked":"SKIP","floor":24.0},{"not_picked":["Turbo"],"picked":"SKIP","floor":29},{"not_picked":["Turbo"],"picked":"SKIP","floor":31}],"player_experience":181802,"relics_obtained":[{"floor":7.0,"key":"DataDisk"},{"floor":9.0,"key":"Letter Opener"},{"floor":26.0,"key":"Shuriken"},{"floor":31,"key":"Matryoshka"}],"event_choices":[{"damage_healed":0.0,"max_hp_gain":0.0,"max_hp_loss":0.0,"gold_gain":74.0,"event_name":"Golden Wing","player_choice":"Gained Gold","floor":4.0,"gold_loss":0.0,"damage_taken":0.0},{"damage_healed":0.0,"max_hp_gain":0.0,"max_hp_loss":0.0,"gold_gain":100.0,"event_name":"Wheel of Change","player_choice":"Gold","floor":5.0,"gold_loss":0.0,"damage_taken":0.0},{"cards_removed":["Strike_B"],"damage_healed":0.0,"max_hp_gain":0.0,"max_hp_loss":0.0,"gold_gain":0.0,"event_name":"Bonfire Elementals","player_choice":"Offered Basic","floor":22.0,"gold_loss":0.0,"damage_taken":0.0},{"damage_healed":0.0,"max_hp_gain":0.0,"max_hp_loss":0.0,"gold_gain":0.0,"event_name":"Upgrade Shrine","player_choice":"Upgraded","floor":28.0,"gold_loss":0.0,"damage_taken":0.0,"cards_upgraded":["Gash"]}],"is_beta":false,"boss_relics":[{"not_picked":["Lizard Tail","Nuclear Battery"],"picked":"Busted Crown"}],"items_purged_floors":[19],"is_endless":false,"potions_floor_spawned":[1,2,3,14,21,29,31],"killed_by":"Champ","ascension_level":18}