{"gold_per_floor":[117,134,145,70,70,97,109,124,124,124,136,151,176,187,187,283,283,294,284,284,133,150,150],"floor_reached":23,"playtime":1229,"items_purged":["Strike_G"],"score":217,"play_id":"834c4f53-87ad-42e2-aaa7-f52cc2b07831","local_time":"20190124221125","is_ascension_mode":true,"campfire_choices":[{"floor":10,"key":"REST"},{"floor":15,"key":"REST"}],"neow_cost":"NONE","seed_source_timestamp":969116029562623,"circlet_count":0,"master_deck":["Defend_G","Defend_G","Defend_G","Defend_G","Defend_G","Survivor","Neutralize","Terror+1","Burst+1","Skewer+1","Sucker Punch","Caltrops","Dagger Throw","Bane","Tactician","Blade Dance","Reflex","Cloak And Dagger","Heel Hook","Underhanded Strike","Burst","Calculated Gamble+1","Slice","Accuracy"],"relics":["Astrolabe","Bag of Marbles","Girya","Bottled Tornado","WristBlade","Lantern"],"potions_floor_usage":[13,16,16,23],"damage_taken":[{"damage":0,"enemies":"2 Louse","floor":1,"turns":4},{"damage":0,"enemies":"Cultist","floor":2,"turns":3},{"damage":0,"enemies":"Jaw Worm","floor":3,"turns":3},{"damage":19,"enemies":"Gremlin Nob","floor":6,"turns":5},{"damage":15,"enemies":"Gremlin Gang","floor":7,"turns":6},{"damage":5,"enemies":"Red Slaver","floor":8,"turns":5},{"damage":3,"enemies":"3 Louse","floor":11,"turns":5},{"damage":12,"enemies":"2 Fungi Beasts","floor":12,"turns":3},{"damage":6,"enemies":"Lagavulin","floor":13,"turns":6},{"damage":2,"enemies":"Looter","floor":14,"turns":3},{"damage":44,"enemies":"Slime Boss","floor":16,"turns":10},{"damage":14,"enemies":"Spheric Guardian","floor":18,"turns":5},{"damage":16,"enemies":"2 Thieves","floor":19,"turns":4},{"damage":39,"enemies":"Sentry and Sphere","floor":22,"turns":8},{"damage":6,"enemies":"Slavers","floor":23,"turns":1}],"seed_played":"-7277902495669964652","potions_obtained":[{"floor":2,"key":"SkillPotion"},{"floor":6,"key":"SmokeBomb"},{"floor":7,"key":"Swift Potion"},{"floor":13,"key":"Strength Potion"},{"floor":14,"key":"Explosive Potion"},{"floor":22,"key":"Weak Potion"}],"is_trial":false,"path_per_floor":["M","M","M","$","?","E","M","M","T","R","M","M","E","M","R","B",null,"M","M","?","$","M","E"],"character_chosen":"THE_SILENT","items_purchased":["Lantern"],"campfire_rested":2,"item_purchase_floors":[21],"current_hp_per_floor":[70,70,70,70,70,51,36,31,31,52,49,37,31,29,50,6,70,56,40,40,40,1,0],"gold":150,"neow_bonus":"BOSS_RELIC","is_prod":false,"is_daily":false,"chose_seed":false,"campfire_upgraded":0,"win_rate":0,"timestamp":1548385885,"path_taken":["M","M","M","$","?","E","M","M","T","R","?","M","E","M","R","BOSS","M","M","?","$","M","E"],"build_version":"2019-01-23","purchased_purges":1,"victory":false,"max_hp_per_floor":[70,70,70,70,70,70,70,70,70,70,70,70,70,70,70,70,70,70,70,70,70,70,70],"card_choices":[{"not_picked":["Poisoned Stab","Prepared"],"picked":"Sucker Punch","floor":1},{"not_picked":["Dodge and Roll","Deadly Poison"],"picked":"Caltrops","floor":2},{"not_picked":["Eviscerate","Bouncing Flask"],"picked":"Dagger Throw","floor":3},{"not_picked":["Escape Plan","Dagger Throw"],"picked":"Tactician","floor":6},{"not_picked":["Bouncing Flask","Backflip"],"picked":"Blade Dance","floor":7},{"not_picked":["PiercingWail","Backflip"],"picked":"Reflex","floor":8},{"not_picked":["All Out Attack","Skewer","Sucker Punch"],"picked":"SKIP","floor":11},{"not_picked":["A Thousand Cuts","Dagger Spray"],"picked":"Cloak And Dagger","floor":12},{"not_picked":["Bane","Slice"],"picked":"Heel Hook","floor":13},{"not_picked":["Flechettes","Unload"],"picked":"Underhanded Strike","floor":14},{"not_picked":["Bullet Time","Glass Knife"],"picked":"Burst","floor":16},{"not_picked":["Sucker Punch","Deflect+1"],"picked":"Calculated Gamble+1","floor":18},{"not_picked":["Flying Knee","Flechettes"],"picked":"Slice","floor":19},{"not_picked":["Prepared","Dagger Spray"],"picked":"Accuracy","floor":22}],"player_experience":87903,"relics_obtained":[{"floor":6,"key":"Bag of Marbles"},{"floor":9,"key":"Girya"},{"floor":13,"key":"Bottled Tornado"}],"event_choices":[{"damage_healed":0,"gold_gain":0,"cards_transformed":["Strike_G"],"player_choice":"Transformed","damage_taken":0,"max_hp_gain":0,"max_hp_loss":0,"event_name":"Transmorgrifier","floor":5,"gold_loss":0,"cards_obtained":["Bane"]},{"damage_healed":0,"gold_gain":0,"player_choice":"Ignored","damage_taken":0,"max_hp_gain":0,"max_hp_loss":0,"event_name":"Vampires","floor":20,"gold_loss":0}],"is_beta":false,"boss_relics":[{"not_picked":["Coffee Dripper","Black Star"],"picked":"WristBlade"}],"items_purged_floors":[4],"is_endless":false,"potions_floor_spawned":[2,6,7,13,14,22],"killed_by":"Slavers","ascension_level":1}