{"gold_per_floor":[109,109,125,144,144,176,176,195,244,244,260,260,5,5,5,102,102,116,116,116,66,83,108,108,108,132,144,171,200,212,224,236,353,365,388,412,28,38,54,54,54,81,108,127,141,167,167,183,183,183],"floor_reached":51,"playtime":3751,"items_purged":[],"score":842,"play_id":"8abe3395-27e5-4498-879d-e67420c80e1d","local_time":"20190131034304","is_ascension_mode":true,"campfire_choices":[{"floor":7,"key":"REST"},{"floor":10,"key":"REST"},{"floor":15,"key":"REST"},{"data":"Coolheaded","floor":24,"key":"SMITH"},{"data":"Go for the Eyes","floor":27,"key":"SMITH"},{"data":"Conserve Battery","floor":32,"key":"SMITH"},{"floor":40,"key":"REST"},{"floor":47,"key":"REST"},{"floor":49,"key":"REST"}],"neow_cost":"NONE","seed_source_timestamp":1607932260227713,"circlet_count":0,"master_deck":["Strike_B+1","Strike_B+1","Strike_B+1","Strike_B+1","Defend_B+1","Defend_B+1","Defend_B+1","Zap+1","Dualcast+1","Coolheaded+1","Conserve Battery+1","Genetic Algorithm+1","Ball Lightning","Electrodynamics+1","Stack","Creative AI+1","Go for the Eyes+1","Beam Cell","Gash","Conserve Battery+1","Loop+1","Echo Form+1","Conserve Battery","Cold Snap+1","Barrage+1","Flash of Steel","Biased Cognition+1","Redo","Gash"],"relics":["Cracked Core","Frozen Egg 2","Oddly Smooth Stone","Regal Pillow","Matryoshka","Blue Candle","Nuclear Battery","Bag of Marbles","Art of War","MawBank","Philosopher\u0027s Stone","Cables","Ancient Tea Set","Pantograph","Juzu Bracelet","War Paint","Blood Vial"],"potions_floor_usage":[5,6,23,29,33,38,42,50,50,50],"damage_taken":[{"damage":12,"enemies":"Jaw Worm","floor":1,"turns":3},{"damage":0,"enemies":"Cultist","floor":3,"turns":3},{"damage":2,"enemies":"Small Slimes","floor":4,"turns":4},{"damage":53,"enemies":"Gremlin Nob","floor":6,"turns":5},{"damage":14,"enemies":"Exordium Thugs","floor":8,"turns":5},{"damage":0,"enemies":"Exordium Wildlife","floor":11,"turns":2},{"damage":29,"enemies":"The Guardian","floor":16,"turns":14},{"damage":19,"enemies":"Shell Parasite","floor":18,"turns":7},{"damage":0,"enemies":"2 Thieves","floor":22,"turns":3},{"damage":0,"enemies":"Gremlin Leader","floor":23,"turns":6},{"damage":0,"enemies":"3 Cultists","floor":28,"turns":2},{"damage":0,"enemies":"Snecko","floor":29,"turns":4},{"damage":30,"enemies":"Collector","floor":33,"turns":7},{"damage":0,"enemies":"3 Shapes","floor":35,"turns":3},{"damage":11,"enemies":"Orb Walker","floor":36,"turns":4},{"damage":5,"enemies":"Spire Growth","floor":38,"turns":5},{"damage":8,"enemies":"Maw","floor":39,"turns":8},{"damage":11,"enemies":"Giant Head","floor":42,"turns":8},{"damage":9,"enemies":"Sphere and 2 Shapes","floor":44,"turns":4},{"damage":0,"enemies":"Jaw Worm Horde","floor":45,"turns":3},{"damage":52,"enemies":"Nemesis","floor":46,"turns":7},{"damage":13,"enemies":"3 Darklings","floor":48,"turns":5},{"damage":72,"enemies":"Donu and Deca","floor":50,"turns":7}],"seed_played":"1533320235489483802","potions_obtained":[{"floor":1,"key":"Explosive Potion"},{"floor":5,"key":"Fruit Juice"},{"floor":5,"key":"LiquidBronze"},{"floor":5,"key":"SpeedPotion"},{"floor":11,"key":"Fire Potion"},{"floor":16,"key":"SkillPotion"},{"floor":23,"key":"FocusPotion"},{"floor":29,"key":"LiquidBronze"},{"floor":38,"key":"SpeedPotion"},{"floor":39,"key":"FocusPotion"},{"floor":44,"key":"FearPotion"},{"floor":45,"key":"Dexterity Potion"},{"floor":48,"key":"Poison Potion"}],"is_trial":false,"path_per_floor":["M","?","M","M","?","E","R","M","T","R","M","T","$","?","R","B",null,"M","$","?","?","M","E","R","$","T","R","M","M","?","?","R","B",null,"M","M","$","M","M","R","?","E","T","M","M","E","R","M","R","B",null],"character_chosen":"DEFECT","items_purchased":["Blue Candle","Cables","Ancient Tea Set"],"campfire_rested":6,"item_purchase_floors":[13,37,37],"current_hp_per_floor":[63,63,63,61,66,13,37,23,23,62,62,62,62,46,80,51,80,61,61,61,61,61,61,61,61,61,61,61,61,61,61,61,31,80,80,69,69,64,56,80,80,69,69,60,60,8,47,36,75,8],"gold":183,"neow_bonus":"UPGRADE_CARD","is_prod":false,"is_daily":false,"chose_seed":false,"campfire_upgraded":3,"win_rate":0,"timestamp":1548934984,"path_taken":["M","?","M","?","?","E","R","?","T","R","M","?","$","?","R","BOSS","M","$","?","?","M","E","R","$","T","R","?","M","?","?","R","BOSS","M","M","$","?","M","R","?","E","T","M","M","E","R","M","R","BOSS"],"build_version":"2019-01-23","purchased_purges":0,"victory":true,"max_hp_per_floor":[75,75,75,75,80,80,80,80,80,80,80,80,80,80,80,80,80,80,80,80,80,80,80,80,80,80,80,80,80,80,80,80,80,80,80,80,80,80,80,80,80,80,80,80,80,80,80,80,80,80],"card_choices":[{"not_picked":["Recycle","Fusion"],"picked":"Coolheaded","floor":1},{"not_picked":["Streamline","Coolheaded"],"picked":"Conserve Battery","floor":3},{"not_picked":["Redo","Coolheaded"],"picked":"Genetic Algorithm","floor":4},{"not_picked":["Beam Cell","Auto Shields"],"picked":"Ball Lightning","floor":6},{"not_picked":["Steam","Conserve Battery"],"picked":"Electrodynamics+1","floor":8},{"not_picked":["Skim","Genetic Algorithm"],"picked":"Stack","floor":11},{"not_picked":["Thunder Strike","All For One"],"picked":"Creative AI+1","floor":16},{"not_picked":["Chaos+1","Chill"],"picked":"Go for the Eyes","floor":18},{"not_picked":["Compile Driver","Sweeping Beam"],"picked":"Beam Cell","floor":22},{"not_picked":["Stack+1","Fusion","Heatsinks+1"],"picked":"SKIP","floor":23},{"not_picked":["Stack","Undo+1"],"picked":"Gash","floor":28},{"not_picked":["Turbo","Glacier"],"picked":"Conserve Battery","floor":29},{"not_picked":["Electrodynamics+1","Thunder Strike"],"picked":"Echo Form+1","floor":33},{"not_picked":["Redo","Barrage"],"picked":"Conserve Battery","floor":35},{"not_picked":["Doom and Gloom","Glacier"],"picked":"Cold Snap+1","floor":36},{"not_picked":["Stack+1","Static Discharge+1","Skim+1"],"picked":"SKIP","floor":38},{"not_picked":["Reprogram","Heatsinks+1"],"picked":"Barrage+1","floor":39},{"not_picked":["Discovery","Swift Strike"],"picked":"Flash of Steel","floor":41},{"not_picked":["Undo+1","Rebound"],"picked":"Biased Cognition+1","floor":42},{"not_picked":["Fusion+1","Go for the Eyes+1"],"picked":"Redo","floor":44},{"not_picked":["Compile Driver+1","Force Field+1","Cold Snap+1"],"picked":"SKIP","floor":45},{"not_picked":["Chaos+1","Tempest","Barrage+1"],"picked":"SKIP","floor":46},{"not_picked":["Hyperbeam","Auto Shields"],"picked":"Gash","floor":48}],"player_experience":240016,"relics_obtained":[{"floor":6,"key":"Oddly Smooth Stone"},{"floor":9,"key":"Regal Pillow"},{"floor":12,"key":"Matryoshka"},{"floor":23,"key":"Bag of Marbles"},{"floor":26,"key":"Art of War"},{"floor":26,"key":"MawBank"},{"floor":42,"key":"Pantograph"},{"floor":43,"key":"Juzu Bracelet"},{"floor":43,"key":"War Paint"},{"floor":46,"key":"Blood Vial"}],"event_choices":[{"damage_healed":0,"gold_gain":0,"player_choice":"Gave Potion","damage_taken":0,"relics_obtained":["Frozen Egg 2"],"max_hp_gain":0,"max_hp_loss":0,"event_name":"WeMeetAgain","floor":2,"gold_loss":0},{"damage_healed":0,"gold_gain":0,"player_choice":"Got Potions","damage_taken":0,"max_hp_gain":0,"max_hp_loss":0,"event_name":"Lab","floor":5,"gold_loss":0},{"damage_healed":0,"gold_gain":0,"player_choice":"Entered Light","damage_taken":16,"max_hp_gain":0,"max_hp_loss":0,"event_name":"Shining Light","floor":14,"gold_loss":0,"cards_upgraded":["Conserve Battery","Defend_B"]},{"damage_healed":0,"gold_gain":0,"player_choice":"Simplicity","damage_taken":0,"max_hp_gain":0,"max_hp_loss":0,"event_name":"Back to Basics","floor":20,"gold_loss":0,"cards_upgraded":["Strike_B","Strike_B","Strike_B","Strike_B","Defend_B","Defend_B","Defend_B"]},{"damage_healed":0,"gold_gain":0,"player_choice":"Bet on Owner","damage_taken":0,"max_hp_gain":0,"max_hp_loss":0,"event_name":"The Joust","floor":21,"gold_loss":50},{"damage_healed":0,"gold_gain":0,"player_choice":"Read","damage_taken":0,"max_hp_gain":0,"max_hp_loss":0,"event_name":"The Library","floor":30,"gold_loss":0,"cards_obtained":["Loop"]},{"cards_removed":["Defend_B"],"damage_healed":0,"gold_gain":0,"player_choice":"Purged","damage_taken":0,"max_hp_gain":0,"max_hp_loss":0,"event_name":"Purifier","floor":31,"gold_loss":0},{"damage_healed":0,"gold_gain":0,"player_choice":"Memory 1","damage_taken":0,"max_hp_gain":0,"max_hp_loss":0,"event_name":"SensoryStone","floor":41,"gold_loss":0}],"is_beta":false,"boss_relics":[{"not_picked":["Pandora\u0027s Box","Coffee Dripper"],"picked":"Nuclear Battery"},{"not_picked":["Fusion Hammer","Orrery"],"picked":"Philosopher\u0027s Stone"}],"items_purged_floors":[],"is_endless":false,"potions_floor_spawned":[1,11,16,23,29,38,39,44,45,48],"ascension_level":4}