{"gold_per_floor":[211,57,57,57,76,76,110,123,148,180,8,20,20,20,20,115,115,131,146,146,146,3,32,32,32],"floor_reached":25,"playtime":1530,"items_purged":["Writhe"],"score":369,"play_id":"b3123d27-23aa-4922-b7df-d3bee9bfa830","local_time":"20190220015013","is_ascension_mode":true,"campfire_choices":[{"data":"Zap","floor":6.0,"key":"SMITH"},{"floor":15.0,"key":"REST"}],"neow_cost":"NONE","seed_source_timestamp":370936695758227,"circlet_count":0,"master_deck":["Strike_B","Strike_B","Strike_B","Defend_B","Defend_B","Defend_B","Defend_B","Zap+1","Dualcast","Stack","Sweeping Beam","Rebound","Leap","Storm","Apotheosis","Ball Lightning","Electrodynamics","Injury","Sweeping Beam","Go for the Eyes","Ghostly","Ghostly","Ghostly","Ghostly","Ghostly","Biased Cognition","Capacitor","Forethought"],"special_seed":0,"relics":["Cracked Core","Regal Pillow","Sundial","Strawberry","DataDisk","Juzu Bracelet","Calling Bell","Bag of Marbles","Gremlin Horn","Unceasing Top","Oddly Smooth Stone"],"potions_floor_usage":[25],"damage_taken":[{"damage":1.0,"enemies":"2 Louse","floor":1.0,"turns":2.0},{"damage":4.0,"enemies":"Jaw Worm","floor":5.0,"turns":4.0},{"damage":33.0,"enemies":"Lagavulin","floor":7.0,"turns":7.0},{"damage":1.0,"enemies":"Cultist","floor":8.0,"turns":3.0},{"damage":19.0,"enemies":"Gremlin Nob","floor":10.0,"turns":4.0},{"damage":3.0,"enemies":"Blue Slaver","floor":12.0,"turns":3.0},{"damage":0.0,"enemies":"3 Sentries","floor":14.0,"turns":1.0},{"damage":12.0,"enemies":"Slime Boss","floor":16.0,"turns":6.0},{"damage":12.0,"enemies":"Shell Parasite","floor":18.0,"turns":5.0},{"damage":13.0,"enemies":"3 Byrds","floor":19.0,"turns":2.0},{"damage":15.0,"enemies":"Book of Stabbing","floor":23.0,"turns":5.0},{"damage":31,"enemies":"Slavers","floor":25,"turns":3}],"seed_played":"497999411725926888","potions_obtained":[{"floor":1.0,"key":"Dexterity Potion"},{"floor":7.0,"key":"GamblersBrew"},{"floor":12.0,"key":"PowerPotion"},{"floor":13.0,"key":"SmokeBomb"},{"floor":16.0,"key":"Poison Potion"},{"floor":18.0,"key":"PowerPotion"},{"floor":19.0,"key":"SkillPotion"}],"is_trial":false,"path_per_floor":["M","$","?","T","M","R","E","M","T","E","$","M","?","E","R","B",null,"M","M","?","?","$","E","?","E"],"character_chosen":"DEFECT","items_purchased":["Regal Pillow","Apotheosis","Biased Cognition"],"campfire_rested":1,"item_purchase_floors":[2,11,22],"current_hp_per_floor":[67,67,60,60,56,56,30,29,29,10,10,7,7,7,46,34,70,58,45,41,41,41,26,26,0],"gold":32,"neow_bonus":"HUNDRED_GOLD","is_prod":false,"is_daily":false,"chose_seed":false,"campfire_upgraded":1,"win_rate":0,"timestamp":1550656213,"path_taken":["M","$","?","?","M","R","E","M","T","E","$","M","?","E","R","BOSS","M","M","?","?","$","E","?","E"],"build_version":"2019-01-23","purchased_purges":1,"victory":false,"max_hp_per_floor":[75,75,75,75,75,75,82,82,82,82,82,82,82,82,82,82,82,82,82,41,41,41,41,41,41],"card_choices":[{"not_picked":["Double Energy","Reinforced Body"],"picked":"Stack","floor":1.0},{"not_picked":["Melter","Steam"],"picked":"Sweeping Beam","floor":5.0},{"not_picked":["Steam Power","Fusion"],"picked":"Rebound","floor":7.0},{"not_picked":["Recycle","Lockon"],"picked":"Leap","floor":8.0},{"not_picked":["Rebound","Sweeping Beam"],"picked":"Storm","floor":10.0},{"not_picked":["Consume","Steam Power"],"picked":"Ball Lightning","floor":12.0},{"not_picked":["Biased Cognition","Seek"],"picked":"Electrodynamics","floor":16.0},{"not_picked":["Storm","Cold Snap"],"picked":"Sweeping Beam","floor":18.0},{"not_picked":["Steam","Redo"],"picked":"Go for the Eyes","floor":19.0},{"not_picked":["Go for the Eyes+1","Force Field+1"],"picked":"Capacitor","floor":23.0}],"player_experience":451440,"relics_obtained":[{"floor":4.0,"key":"Sundial"},{"floor":7.0,"key":"Strawberry"},{"floor":9.0,"key":"DataDisk"},{"floor":10.0,"key":"Juzu Bracelet"},{"floor":17.0,"key":"Bag of Marbles"},{"floor":17.0,"key":"Gremlin Horn"},{"floor":17.0,"key":"Unceasing Top"},{"floor":23.0,"key":"Oddly Smooth Stone"}],"event_choices":[{"cards_removed":["Strike_B"],"damage_healed":0.0,"max_hp_gain":0.0,"max_hp_loss":0.0,"gold_gain":0.0,"event_name":"Golden Wing","player_choice":"Card Removal","floor":3.0,"gold_loss":0.0,"damage_taken":7.0},{"damage_healed":0.0,"max_hp_gain":0.0,"max_hp_loss":0.0,"gold_gain":0.0,"event_name":"Lab","player_choice":"Got Potions","floor":13.0,"gold_loss":0.0,"damage_taken":0.0},{"damage_healed":0.0,"max_hp_gain":0.0,"max_hp_loss":41.0,"gold_gain":0.0,"event_name":"Ghosts","player_choice":"Became a Ghost","floor":20.0,"gold_loss":0.0,"damage_taken":0.0,"cards_obtained":["Ghostly","Ghostly","Ghostly","Ghostly","Ghostly"]},{"cards_removed":["Decay"],"damage_healed":0.0,"max_hp_gain":0.0,"max_hp_loss":0.0,"gold_gain":0.0,"event_name":"Back to Basics","player_choice":"Elegance","floor":21.0,"gold_loss":0.0,"damage_taken":0.0},{"damage_healed":0.0,"max_hp_gain":0.0,"max_hp_loss":0.0,"gold_gain":0.0,"event_name":"Match and Keep!","player_choice":"1 cards matched","floor":24.0,"gold_loss":0.0,"damage_taken":0.0,"cards_obtained":["Forethought"]}],"is_beta":false,"boss_relics":[{"not_picked":["Fusion Hammer","White Beast Statue"],"picked":"Calling Bell"}],"items_purged_floors":[22],"is_endless":false,"potions_floor_spawned":[1,7,12,16,18,19],"killed_by":"Slavers","ascension_level":9}