{"gold_per_floor":[110,110,130,130,130,130,155,155,155,167,212,224,253,284,296,407,419,450,69,79,93,103,103,103,138,192,219,232,232,232,259,259,354,354,371,371,382,13,25,25,55,55,55,55,86,86,37,37,37,37],"floor_reached":51,"playtime":1843,"items_purged":["Strike_B"],"score":1545,"play_id":"9d44c7a4-2a8e-4341-8ee4-7e1e90eb777f","local_time":"20190131192622","is_ascension_mode":true,"campfire_choices":[{"data":"Dualcast","floor":6,"key":"SMITH"},{"data":"Zap","floor":8,"key":"SMITH"},{"data":"Hologram","floor":10,"key":"SMITH"},{"data":"Defragment","floor":12,"key":"SMITH"},{"data":"Coolheaded","floor":15,"key":"SMITH"},{"data":"Loop","floor":23,"key":"SMITH"},{"data":"Defragment","floor":29,"key":"SMITH"},{"data":"Loop","floor":32,"key":"SMITH"},{"data":"Echo Form","floor":40,"key":"SMITH"},{"data":"Seek","floor":44,"key":"SMITH"},{"floor":49,"key":"REST"}],"neow_cost":"NONE","seed_source_timestamp":889199666552615,"circlet_count":0,"master_deck":["AscendersBane","Strike_B","Strike_B","Defend_B","Defend_B","Defend_B","Defend_B","Zap+1","Dualcast+1","Coolheaded+1","Defragment+1","Hologram+1","Coolheaded","Electrodynamics","Seek+1","Leap","Undo","Defragment+1","Loop+1","Ghostly","Ghostly","Ghostly","Ghostly","Ghostly","Loop+1","Biased Cognition","Cold Snap","Conserve Battery+1","Echo Form+1","Redo+1","Consume+1","Secret Technique"],"relics":["Cracked Core","NeowsBlessing","Shuriken","Boot","MawBank","Meat on the Bone","Inserter","PreservedInsect","Mercury Hourglass","Vajra","Juzu Bracelet","DataDisk","Potion Belt","Velvet Choker","Thread and Needle","Blood Vial","Sundial","Bronze Scales"],"potions_floor_usage":[13,25,27,33,33,41,50,50,50,50,50,50,50,50],"damage_taken":[{"damage":0,"enemies":"2 Louse","floor":1,"turns":1},{"damage":0,"enemies":"Cultist","floor":3,"turns":1},{"damage":0,"enemies":"Gremlin Nob","floor":7,"turns":1},{"damage":24,"enemies":"3 Sentries","floor":11,"turns":11},{"damage":0,"enemies":"Small Slimes","floor":13,"turns":2},{"damage":11,"enemies":"Looter","floor":14,"turns":2},{"damage":20,"enemies":"Slime Boss","floor":16,"turns":8},{"damage":16,"enemies":"Spheric Guardian","floor":18,"turns":4},{"damage":1,"enemies":"Shell Parasite","floor":20,"turns":4},{"damage":5,"enemies":"Snake Plant","floor":21,"turns":3},{"damage":9,"enemies":"Cultist and Chosen","floor":22,"turns":7},{"damage":3,"enemies":"Book of Stabbing","floor":25,"turns":4},{"damage":3,"enemies":"Slavers","floor":27,"turns":3},{"damage":2,"enemies":"Chosen and Byrds","floor":28,"turns":4},{"damage":0,"enemies":"Gremlin Leader","floor":31,"turns":7},{"damage":0,"enemies":"Collector","floor":33,"turns":11},{"damage":0,"enemies":"3 Shapes","floor":35,"turns":3},{"damage":2,"enemies":"3 Darklings","floor":37,"turns":5},{"damage":6,"enemies":"Jaw Worm Horde","floor":39,"turns":3},{"damage":0,"enemies":"Reptomancer","floor":41,"turns":7},{"damage":0,"enemies":"Nemesis","floor":45,"turns":5},{"damage":0,"enemies":"Awakened One","floor":50,"turns":8}],"seed_played":"-2998681842867706737","potions_obtained":[{"floor":7,"key":"Dexterity Potion"},{"floor":11,"key":"Explosive Potion"},{"floor":14,"key":"EssenceOfSteel"},{"floor":25,"key":"AttackPotion"},{"floor":28,"key":"PowerPotion"},{"floor":31,"key":"GamblersBrew"},{"floor":35,"key":"AttackPotion"},{"floor":37,"key":"FocusPotion"},{"floor":46,"key":"FearPotion"},{"floor":46,"key":"EntropicBrew"}],"is_trial":false,"path_per_floor":["M","?","M","$","T","R","E","R","T","R","E","R","M","M","R","B",null,"M","$","M","M","M","R","?","E","T","E","M","R","?","E","R","B",null,"M","?","M","$","M","R","E","?","T","R","E","?","$","?","R","B",null],"character_chosen":"DEFECT","items_purchased":["PreservedInsect","Mercury Hourglass","Thread and Needle","Fire Potion"],"campfire_rested":1,"item_purchase_floors":[19,19,38,47],"current_hp_per_floor":[68,68,68,68,68,68,68,68,68,68,44,44,44,45,45,37,66,50,50,49,44,47,47,37,34,34,31,29,29,29,29,29,29,35,35,35,33,33,27,27,27,27,27,27,29,29,29,29,37,37],"gold":37,"neow_bonus":"THREE_ENEMY_KILL","is_prod":false,"is_daily":false,"chose_seed":false,"campfire_upgraded":10,"win_rate":0,"timestamp":1548955582,"path_taken":["M","?","M","$","?","R","E","R","T","R","E","R","M","M","R","BOSS","M","$","M","M","M","R","?","E","T","E","M","R","?","E","R","BOSS","M","?","M","$","M","R","E","?","T","R","E","?","$","?","R","BOSS"],"build_version":"2019-01-23","purchased_purges":1,"victory":true,"max_hp_per_floor":[75,75,75,75,75,75,75,75,75,75,75,75,75,75,75,75,75,75,75,75,75,75,75,37,37,37,37,37,37,37,37,37,37,37,37,37,37,37,37,37,37,37,37,37,37,37,37,37,37,37],"card_choices":[{"not_picked":["Sweeping Beam","Melter"],"picked":"Coolheaded","floor":1},{"not_picked":["Skim","Steam"],"picked":"Defragment","floor":3},{"not_picked":["Beam Cell","Force Field"],"picked":"Hologram","floor":7},{"not_picked":["Rebound","Gash"],"picked":"Streamline","floor":11},{"not_picked":["Redo","Static Discharge"],"picked":"Coolheaded","floor":13},{"not_picked":["Ball Lightning","Streamline"],"picked":"Electrodynamics","floor":14},{"not_picked":["Fission","Amplify"],"picked":"Seek","floor":16},{"not_picked":["Chaos","Ball Lightning"],"picked":"Leap","floor":18},{"not_picked":["Gash","Sweeping Beam"],"picked":"Undo","floor":20},{"not_picked":["Streamline+1","Cold Snap"],"picked":"Defragment","floor":21},{"not_picked":["Barrage","Ball Lightning"],"picked":"Loop","floor":22},{"not_picked":["Recycle","Tempest"],"picked":"Loop","floor":25},{"not_picked":["Compile Driver","Sunder"],"picked":"Biased Cognition","floor":27},{"not_picked":["Doom and Gloom","Leap"],"picked":"Cold Snap","floor":28},{"not_picked":["Cold Snap","Redo"],"picked":"Conserve Battery+1","floor":31},{"not_picked":["Thunder Strike","Machine Learning"],"picked":"Echo Form","floor":33},{"not_picked":["Gash+1","Hologram"],"picked":"Redo+1","floor":35},{"not_picked":["Barrage","Gash"],"picked":"Consume+1","floor":37},{"not_picked":["Streamline","Stack","Hologram"],"picked":"SKIP","floor":39},{"not_picked":["Beam Cell","Heatsinks","Loop"],"picked":"SKIP","floor":41},{"not_picked":["HandOfGreed","Discovery"],"picked":"Secret Technique","floor":42},{"not_picked":["Tempest","Hologram","Turbo"],"picked":"SKIP","floor":45}],"player_experience":153615,"relics_obtained":[{"floor":5,"key":"Shuriken"},{"floor":7,"key":"Boot"},{"floor":9,"key":"MawBank"},{"floor":11,"key":"Meat on the Bone"},{"floor":25,"key":"Vajra"},{"floor":26,"key":"Juzu Bracelet"},{"floor":27,"key":"DataDisk"},{"floor":31,"key":"Potion Belt"},{"floor":41,"key":"Blood Vial"},{"floor":43,"key":"Sundial"},{"floor":45,"key":"Bronze Scales"}],"event_choices":[{"cards_removed":["Strike_B"],"damage_healed":0,"gold_gain":0,"player_choice":"Offered Basic","damage_taken":0,"max_hp_gain":0,"max_hp_loss":0,"event_name":"Bonfire Elementals","floor":2,"gold_loss":0},{"damage_healed":0,"gold_gain":0,"player_choice":"Became a Ghost","damage_taken":0,"max_hp_gain":0,"max_hp_loss":38,"event_name":"Ghosts","floor":24,"gold_loss":0,"cards_obtained":["Ghostly","Ghostly","Ghostly","Ghostly","Ghostly"]},{"damage_healed":0,"gold_gain":0,"player_choice":"Ignored","damage_taken":0,"max_hp_gain":0,"max_hp_loss":0,"event_name":"Vampires","floor":30,"gold_loss":0},{"damage_healed":0,"gold_gain":0,"player_choice":"0 cards matched","damage_taken":0,"max_hp_gain":0,"max_hp_loss":0,"event_name":"Match and Keep!","floor":36,"gold_loss":0,"cards_obtained":[]},{"damage_healed":0,"gold_gain":0,"player_choice":"Memory 1","damage_taken":0,"max_hp_gain":0,"max_hp_loss":0,"event_name":"SensoryStone","floor":42,"gold_loss":0},{"damage_healed":0,"gold_gain":0,"player_choice":"Got Potions","damage_taken":0,"max_hp_gain":0,"max_hp_loss":0,"event_name":"Lab","floor":46,"gold_loss":0},{"cards_removed":["Streamline"],"damage_healed":0,"gold_gain":0,"player_choice":"Removed Attack","damage_taken":0,"max_hp_gain":0,"max_hp_loss":0,"event_name":"Falling","floor":48,"gold_loss":0}],"is_beta":false,"boss_relics":[{"not_picked":["White Beast Statue","Lizard Tail"],"picked":"Inserter"},{"not_picked":["Busted Crown","Fusion Hammer"],"picked":"Velvet Choker"}],"items_purged_floors":[38],"is_endless":false,"potions_floor_spawned":[7,11,14,16,21,25,28,31,35,37],"ascension_level":12}