{"gold_per_floor":[14,189,189,199,210,210,245,245,299,386,416,460,248,266,266,371,371,386,397,397,413,328,360,360,394,439,439,469,487,487,487,487,487],"floor_reached":33,"playtime":1778,"items_purged":["Strike_R"],"score":396,"play_id":"b4fe6626-a2cc-4d8a-9291-6015a0b44228","local_time":"20190210225943","is_ascension_mode":true,"campfire_choices":[{"data":"Uppercut","floor":6,"key":"SMITH"},{"data":"Inflame","floor":8,"key":"SMITH"},{"floor":15,"key":"REST"},{"floor":24,"key":"REST"},{"floor":27,"key":"REST"},{"floor":30,"key":"REST"},{"floor":32,"key":"REST"}],"neow_cost":"NO_GOLD","seed_source_timestamp":2543329931157877,"circlet_count":0,"master_deck":["Strike_R","Strike_R","Strike_R","Strike_R","Defend_R","Defend_R","Defend_R","Defend_R","Bash","Cleave","Rage","Uppercut+1","Inflame+1","Pommel Strike","Heavy Blade","Inflame","Juggernaut","Uppercut","Infernal Blade","Sentinel","Warcry","Immolate"],"relics":["Unceasing Top","Strawberry","MawBank","Self Forming Clay","Bag of Marbles","Busted Crown","Nloth\u0027s Gift","Shuriken","Bottled Flame","Nunchaku","Orichalcum","Tiny Chest"],"potions_floor_usage":[16,16,21,25],"damage_taken":[{"damage":10,"enemies":"Small Slimes","floor":1,"turns":4},{"damage":3,"enemies":"2 Louse","floor":4,"turns":3},{"damage":0,"enemies":"Cultist","floor":5,"turns":3},{"damage":27,"enemies":"Lagavulin","floor":7,"turns":6},{"damage":2,"enemies":"2 Fungi Beasts","floor":11,"turns":3},{"damage":20,"enemies":"3 Sentries","floor":12,"turns":5},{"damage":1,"enemies":"Blue Slaver","floor":14,"turns":3},{"damage":32,"enemies":"Hexaghost","floor":16,"turns":8},{"damage":13,"enemies":"2 Thieves","floor":18,"turns":3},{"damage":15,"enemies":"3 Byrds","floor":19,"turns":4},{"damage":13,"enemies":"Centurion and Healer","floor":21,"turns":3},{"damage":29,"enemies":"Book of Stabbing","floor":23,"turns":5},{"damage":35,"enemies":"Slavers","floor":25,"turns":5},{"damage":23,"enemies":"Cultist and Chosen","floor":29,"turns":5},{"damage":75,"enemies":"Collector","floor":33,"turns":6}],"seed_played":"2384658656407924059","potions_obtained":[{"floor":4,"key":"Energy Potion"},{"floor":7,"key":"PowerPotion"},{"floor":12,"key":"Block Potion"},{"floor":21,"key":"EssenceOfSteel"},{"floor":29,"key":"SmokeBomb"}],"is_trial":false,"path_per_floor":["M","?","?","M","M","R","E","R","T","?","M","E","$","M","R","B",null,"M","M","?","M","?","E","R","E","T","R","?","M","R","?","R","B"],"character_chosen":"IRONCLAD","items_purchased":["Bag of Marbles"],"campfire_rested":5,"item_purchase_floors":[13],"current_hp_per_floor":[68,68,68,71,77,77,63,63,63,52,56,42,42,47,73,47,77,70,61,61,48,48,19,45,10,10,36,36,13,39,22,49,0],"gold":487,"neow_bonus":"ONE_RARE_RELIC","is_prod":false,"is_daily":false,"chose_seed":false,"campfire_upgraded":2,"win_rate":0,"timestamp":1549868383,"path_taken":["M","?","?","M","?","R","E","R","T","?","M","E","$","M","R","BOSS","M","M","?","?","?","E","R","E","T","R","?","M","R","?","R","BOSS"],"build_version":"2019-01-23","purchased_purges":1,"victory":false,"max_hp_per_floor":[80,80,80,80,80,80,87,87,87,87,87,87,87,87,87,87,87,87,87,87,87,87,87,87,87,87,87,87,87,87,92,92,92],"card_choices":[{"not_picked":["Headbutt","Heavy Blade"],"picked":"Cleave","floor":1},{"not_picked":["Clash","Anger"],"picked":"Rage","floor":4},{"not_picked":["Rupture","Body Slam"],"picked":"Uppercut","floor":5},{"not_picked":["Body Slam","Reaper"],"picked":"Inflame","floor":7},{"not_picked":["Armaments","Intimidate"],"picked":"Pommel Strike","floor":11},{"not_picked":["Warcry","Havoc"],"picked":"Heavy Blade","floor":12},{"not_picked":["Sword Boomerang","Clothesline"],"picked":"Inflame","floor":14},{"not_picked":["Offering","Limit Break"],"picked":"Juggernaut","floor":16},{"not_picked":[],"picked":"Uppercut","floor":18},{"not_picked":[],"picked":"Infernal Blade","floor":19},{"not_picked":[],"picked":"Sentinel","floor":21},{"not_picked":[],"picked":"Warcry","floor":23},{"not_picked":[],"picked":"Immolate","floor":25},{"not_picked":["Intimidate"],"picked":"SKIP","floor":29}],"player_experience":344982,"relics_obtained":[{"floor":7,"key":"Strawberry"},{"floor":9,"key":"MawBank"},{"floor":12,"key":"Self Forming Clay"},{"floor":23,"key":"Bottled Flame"},{"floor":25,"key":"Nunchaku"},{"floor":26,"key":"Orichalcum"}],"event_choices":[{"damage_healed":0,"gold_gain":175,"player_choice":"AGREE","damage_taken":0,"max_hp_gain":0,"max_hp_loss":0,"event_name":"Liars Game","floor":2,"gold_loss":0,"cards_obtained":["Doubt"]},{"cards_removed":["Doubt"],"damage_healed":0,"gold_gain":0,"player_choice":"Purged","damage_taken":0,"max_hp_gain":0,"max_hp_loss":0,"event_name":"Purifier","floor":3,"gold_loss":0},{"damage_healed":0,"gold_gain":75,"player_choice":"Gather Gold","damage_taken":11,"max_hp_gain":0,"max_hp_loss":0,"event_name":"World of Goop","floor":10,"gold_loss":0},{"damage_healed":0,"gold_gain":0,"player_choice":"Traded Relic","damage_taken":0,"relics_obtained":["Nloth\u0027s Gift"],"max_hp_gain":0,"max_hp_loss":0,"event_name":"N\u0027loth","floor":20,"relics_lost":["Burning Blood"],"gold_loss":0},{"damage_healed":0,"gold_gain":0,"player_choice":"Obtained Relic","damage_taken":0,"relics_obtained":["Shuriken"],"max_hp_gain":0,"max_hp_loss":0,"event_name":"Addict","floor":22,"gold_loss":85},{"damage_healed":0,"gold_gain":0,"player_choice":"Opened","damage_taken":0,"relics_obtained":["Tiny Chest"],"max_hp_gain":0,"max_hp_loss":0,"event_name":"The Mausoleum","floor":28,"gold_loss":0},{"damage_healed":0,"gold_gain":0,"player_choice":"Shed Blood","damage_taken":22,"max_hp_gain":5,"max_hp_loss":0,"event_name":"Forgotten Altar","floor":31,"gold_loss":0}],"is_beta":false,"boss_relics":[{"not_picked":["Astrolabe","Coffee Dripper"],"picked":"Busted Crown"}],"items_purged_floors":[13],"is_endless":false,"potions_floor_spawned":[4,7,12,21,29],"killed_by":"Collector","ascension_level":7}