{"gold_per_floor":[111,111,36,49,66,66,97,153,153,118,118,142,142,62,62,190,190,208,229,253,269,269,269,283,314,314,334,135,176,191,191,191,316,316,340,396,412,192,414,414,20,51,99,120,151,169,187,207,207,207],"floor_reached":50,"playtime":5596,"items_purged":["Defend_G","Strike_G","Strike_G"],"score":739,"play_id":"0bd10941-04f1-4f1b-b885-3579e489dcf4","local_time":"20190113145337","is_ascension_mode":true,"campfire_choices":[{"data":"Survivor","floor":6.0,"key":"SMITH"},{"data":"Dagger Spray","floor":13.0,"key":"SMITH"},{"floor":15.0,"key":"REST"},{"data":"Choke","floor":23,"key":"SMITH"},{"data":"A Thousand Cuts","floor":32,"key":"SMITH"},{"data":"After Image","floor":40,"key":"SMITH"},{"floor":49,"key":"REST"}],"neow_cost":"NONE","seed_source_timestamp":0,"circlet_count":0,"master_deck":["Defend_G","Defend_G","Strike_G","Strike_G","Survivor+1","Neutralize+1","Backflip","Well Laid Plans","Dagger Spray+1","A Thousand Cuts+1","Tools of the Trade+1","Accuracy+1","Predator+1","Dodge and Roll","Choke+1","Ghostly","Ghostly","Ghostly","Ghostly","Ghostly","After Image+1","Flying Knee+1","Caltrops+1","Bandage Up","Sucker Punch+1","Parasite","Choke+1","Quick Slash+1"],"special_seed":0,"relics":["Busted Crown","Sundial","The Courier","Matryoshka","Golden Idol","Astrolabe","Red Mask","Bag of Marbles","Letter Opener","Molten Egg 2","Singing Bowl","Runic Dome","Nunchaku","Oddly Smooth Stone","Membership Card","Kunai","Shuriken","Bottled Tornado","Smiling Mask","Happy Flower","Bottled Lightning"],"potions_floor_usage":[21,29,33,33,33,36,50,50,50],"damage_taken":[{"damage":2.0,"enemies":"2 Louse","floor":1.0,"turns":3.0},{"damage":0.0,"enemies":"Cultist","floor":4.0,"turns":4.0},{"damage":1.0,"enemies":"Small Slimes","floor":5.0,"turns":4.0},{"damage":23.0,"enemies":"Lagavulin","floor":7.0,"turns":10.0},{"damage":15.0,"enemies":"3 Sentries","floor":8.0,"turns":11.0},{"damage":1.0,"enemies":"Looter","floor":12.0,"turns":3.0},{"damage":0.0,"enemies":"The Guardian","floor":16.0,"turns":14.0},{"damage":8.0,"enemies":"Chosen","floor":18.0,"turns":4.0},{"damage":11.0,"enemies":"Shell Parasite","floor":19.0,"turns":5.0},{"damage":18.0,"enemies":"Centurion and Healer","floor":20.0,"turns":5.0},{"damage":0,"enemies":"Snecko","floor":21,"turns":5},{"damage":9,"enemies":"Chosen and Byrds","floor":24,"turns":7},{"damage":1,"enemies":"Masked Bandits","floor":25,"turns":5},{"damage":0,"enemies":"3 Cultists","floor":27,"turns":6},{"damage":0,"enemies":"Gremlin Leader","floor":29,"turns":8},{"damage":0,"enemies":"Shelled Parasite and Fungi","floor":30,"turns":6},{"damage":23,"enemies":"Automaton","floor":33,"turns":9},{"damage":0,"enemies":"3 Darklings","floor":35,"turns":5},{"damage":13,"enemies":"2 Orb Walkers","floor":36,"turns":5},{"damage":0,"enemies":"3 Shapes","floor":37,"turns":5},{"damage":1,"enemies":"Nemesis","floor":42,"turns":7},{"damage":5,"enemies":"Spire Growth","floor":44,"turns":5},{"damage":2,"enemies":"Reptomancer","floor":45,"turns":7},{"damage":0,"enemies":"Writhing Mass","floor":46,"turns":5},{"damage":1,"enemies":"3 Darklings","floor":47,"turns":4},{"damage":11,"enemies":"Sphere and 2 Shapes","floor":48,"turns":4},{"damage":56,"enemies":"Awakened One","floor":50,"turns":10}],"seed_played":"-3932854378390417539","potions_obtained":[{"floor":5.0,"key":"EssenceOfSteel"},{"floor":7.0,"key":"AttackPotion"},{"floor":8.0,"key":"Strength Potion"},{"floor":12.0,"key":"Dexterity Potion"},{"floor":16.0,"key":"Energy Potion"},{"floor":19.0,"key":"EssenceOfSteel"},{"floor":21,"key":"Block Potion"},{"floor":25,"key":"Strength Potion"},{"floor":29,"key":"FearPotion"},{"floor":35,"key":"Poison Potion"},{"floor":45,"key":"AttackPotion"},{"floor":46,"key":"Block Potion"},{"floor":48,"key":"Ancient Potion"}],"is_trial":false,"path_per_floor":["M","?","$","M","M","R","E","?","T","?","?","M","R","$","R","B",null,"M","M","M","M","?","R","M","?","T","M","$","E","M","?","R","B",null,"M","?","M","$","?","R","$","E","T","M","E","M","M","M","R","B"],"character_chosen":"THE_SILENT","items_purchased":["Molten Egg 2","Oddly Smooth Stone","Membership Card","Kunai","Shuriken","Bandage Up"],"campfire_rested":2,"item_purchase_floors":[28,38,41,41,41,41],"current_hp_per_floor":[68,68,68,68,67,67,44,29,29,46,46,45,45,45,64,64,65,57,46,28,28,28,28,19,18,18,18,18,18,20,31,31,10,36,38,27,27,27,27,27,27,30,30,31,35,39,44,33,46,0],"gold":207,"neow_bonus":"BOSS_RELIC","is_prod":false,"is_daily":false,"chose_seed":false,"campfire_upgraded":5,"win_rate":0,"timestamp":1547420017,"path_taken":["M","?","$","M","?","R","E","?","T","?","?","M","R","?","R","BOSS","M","M","?","?","?","R","M","?","T","M","$","E","M","?","R","BOSS","M","?","M","$","?","R","$","E","T","M","E","M","M","M","R","BOSS"],"build_version":"2019-01-10","purchased_purges":3,"victory":false,"max_hp_per_floor":[70,70,70,70,70,70,70,70,70,70,65,65,65,65,65,65,65,65,65,65,65,32,32,32,32,32,32,32,32,34,34,34,36,36,38,40,40,40,40,40,40,40,40,42,44,44,46,46,46,46],"card_choices":[{"not_picked":[],"picked":"Backflip","floor":1.0},{"not_picked":["Blade Dance"],"picked":"SKIP","floor":4.0},{"not_picked":["Skewer"],"picked":"SKIP","floor":5.0},{"not_picked":["Concentrate"],"picked":"SKIP","floor":7.0},{"not_picked":[],"picked":"Well Laid Plans","floor":8.0},{"not_picked":[],"picked":"Dagger Spray","floor":12.0},{"not_picked":[],"picked":"A Thousand Cuts","floor":16.0},{"not_picked":["Well Laid Plans"],"picked":"SKIP","floor":18.0},{"not_picked":["PiercingWail+1"],"picked":"SKIP","floor":19.0},{"not_picked":[],"picked":"Dodge and Roll","floor":20.0},{"not_picked":[],"picked":"Choke","floor":21},{"not_picked":["Eviscerate"],"picked":"SKIP","floor":24},{"not_picked":[],"picked":"After Image","floor":27},{"not_picked":[],"picked":"Flying Knee+1","floor":29},{"not_picked":["Reflex"],"picked":"Singing Bowl","floor":30},{"not_picked":["Malaise"],"picked":"Singing Bowl","floor":33},{"not_picked":["Terror"],"picked":"Singing Bowl","floor":35},{"not_picked":["Calculated Gamble+1"],"picked":"Singing Bowl","floor":36},{"not_picked":[],"picked":"Caltrops+1","floor":37},{"not_picked":[],"picked":"Sucker Punch+1","floor":42},{"not_picked":["Endless Agony+1"],"picked":"Singing Bowl","floor":44},{"not_picked":["Catalyst"],"picked":"Singing Bowl","floor":45},{"not_picked":[],"picked":"Choke+1","floor":46},{"not_picked":["Bane+1"],"picked":"Singing Bowl","floor":47},{"not_picked":[],"picked":"Quick Slash+1","floor":48}],"player_experience":145123,"relics_obtained":[{"floor":7.0,"key":"Sundial"},{"floor":8.0,"key":"The Courier"},{"floor":9.0,"key":"Matryoshka"},{"floor":25,"key":"Red Mask"},{"floor":26,"key":"Bag of Marbles"},{"floor":26,"key":"Letter Opener"},{"floor":29,"key":"Singing Bowl"},{"floor":36,"key":"Nunchaku"},{"floor":42,"key":"Bottled Tornado"},{"floor":43,"key":"Smiling Mask"},{"floor":43,"key":"Happy Flower"},{"floor":45,"key":"Bottled Lightning"}],"event_choices":[{"damage_healed":0.0,"max_hp_gain":0.0,"max_hp_loss":0.0,"gold_gain":0.0,"event_name":"Upgrade Shrine","player_choice":"Upgraded","floor":2.0,"gold_loss":0.0,"damage_taken":0.0,"cards_upgraded":["Neutralize"]},{"damage_healed":0.0,"max_hp_gain":0.0,"max_hp_loss":0.0,"gold_gain":0.0,"event_name":"Dead Adventurer","player_choice":"Searched \u00272\u0027 times","floor":8.0,"gold_loss":0.0,"damage_taken":0.0},{"damage_healed":17.0,"max_hp_gain":0.0,"max_hp_loss":0.0,"gold_gain":0.0,"event_name":"The Cleric","player_choice":"Healed","floor":10.0,"gold_loss":35.0,"damage_taken":0.0},{"damage_healed":0.0,"max_hp_gain":0.0,"max_hp_loss":5.0,"gold_gain":0.0,"event_name":"Golden Idol","player_choice":"Lose Max HP","floor":11.0,"gold_loss":0.0,"damage_taken":0.0,"relics_obtained":["Golden Idol"]},{"damage_healed":0,"gold_gain":0,"player_choice":"Became a Ghost","damage_taken":0,"max_hp_gain":0,"max_hp_loss":33,"event_name":"Ghosts","floor":22,"gold_loss":0,"cards_obtained":["Ghostly","Ghostly","Ghostly","Ghostly","Ghostly"]},{"damage_healed":0,"gold_gain":0,"player_choice":"Fought Bandits","damage_taken":0,"max_hp_gain":0,"max_hp_loss":0,"event_name":"Masked Bandits","floor":25,"gold_loss":0},{"damage_healed":11,"gold_gain":0,"player_choice":"Heal","damage_taken":0,"max_hp_gain":0,"max_hp_loss":0,"event_name":"The Library","floor":31,"gold_loss":0},{"damage_healed":0,"gold_gain":0,"player_choice":"Fight","damage_taken":0,"max_hp_gain":0,"max_hp_loss":0,"event_name":"Mysterious Sphere","floor":36,"gold_loss":0},{"damage_healed":0,"gold_gain":222,"player_choice":"Wore Mask","damage_taken":0,"max_hp_gain":0,"max_hp_loss":0,"event_name":"Tomb of Lord Red Mask","floor":39,"gold_loss":0}],"is_beta":false,"boss_relics":[{"not_picked":["Eternal Feather","Orrery"],"picked":"Astrolabe"},{"not_picked":["Runic Pyramid","Velvet Choker"],"picked":"Runic Dome"}],"items_purged_floors":[3,14,38],"is_endless":false,"potions_floor_spawned":[5,7,8,12,16,19,21,25,27,29,35,45,46,48],"killed_by":"Awakened One","ascension_level":3}