{"gold_per_floor":[218,218,234,82,96,130,130,146,173,173,191,191,224,234,234,335,335,352,368,378,188,188,188,217,217,217,227,246,269,31,31,31,127,127,142,0,0,0,0,0],"floor_reached":40,"playtime":3579,"items_purged":[],"score":587,"play_id":"343900ab-42ff-4e90-88cf-4c606947caed","local_time":"20190211014723","is_ascension_mode":true,"campfire_choices":[{"data":"Metallicize","floor":10,"key":"SMITH"},{"data":"Pommel Strike","floor":12,"key":"SMITH"},{"data":"Armaments","floor":15,"key":"SMITH"},{"floor":23,"key":"REST"},{"floor":25,"key":"REST"},{"floor":32,"key":"RECALL"}],"neow_cost":"NONE","seed_source_timestamp":2551588175034996,"circlet_count":0,"master_deck":["Strike_R","Strike_R","Strike_R","Strike_R","Strike_R","Defend_R","Defend_R","Defend_R","Defend_R","Bash","Metallicize+1","Pommel Strike+1","Shrug It Off","Ghostly Armor","Armaments+1","Demon Form","Battle Trance+1","Burning Pact","Spot Weakness","Seeing Red+1","Double Tap","Armaments+1","Finesse","Writhe"],"relics":["Burning Blood","Strawberry","Lantern","Blood Vial","Boot","Kunai","Fusion Hammer","Happy Flower","Nilry\u0027s Codex","Paper Frog","Letter Opener","Potion Belt","Mercury Hourglass","Mark of Pain","Red Mask"],"potions_floor_usage":[6,16,16,20,24,27,33,39],"damage_taken":[{"damage":14,"enemies":"Small Slimes","floor":1,"turns":4},{"damage":1,"enemies":"Cultist","floor":3,"turns":4},{"damage":1,"enemies":"2 Louse","floor":5,"turns":4},{"damage":18,"enemies":"Gremlin Nob","floor":6,"turns":4},{"damage":7,"enemies":"Red Slaver","floor":8,"turns":6},{"damage":10,"enemies":"Lots of Slimes","floor":11,"turns":6},{"damage":15,"enemies":"3 Sentries","floor":13,"turns":11},{"damage":6,"enemies":"Large Slime","floor":14,"turns":8},{"damage":54,"enemies":"Hexaghost","floor":16,"turns":15},{"damage":6,"enemies":"Spheric Guardian","floor":18,"turns":6},{"damage":0,"enemies":"Chosen","floor":19,"turns":6},{"damage":26,"enemies":"Snake Plant","floor":20,"turns":6},{"damage":31,"enemies":"Slavers","floor":24,"turns":7},{"damage":15,"enemies":"Snecko","floor":27,"turns":5},{"damage":2,"enemies":"3 Cultists","floor":28,"turns":7},{"damage":91,"enemies":"Automaton","floor":33,"turns":11},{"damage":18,"enemies":"Orb Walker","floor":35,"turns":4},{"damage":0,"enemies":"3 Shapes","floor":39,"turns":1},{"damage":112,"enemies":"Giant Head","floor":40,"turns":9}],"seed_played":"-3812255737897853130","potions_obtained":[{"floor":5,"key":"FearPotion"},{"floor":11,"key":"Poison Potion"},{"floor":13,"key":"SkillPotion"},{"floor":14,"key":"SmokeBomb"},{"floor":18,"key":"SpeedPotion"},{"floor":20,"key":"SpeedPotion"},{"floor":24,"key":"Block Potion"},{"floor":28,"key":"Dexterity Potion"}],"is_trial":false,"path_per_floor":["M","?","M","$","M","E","?","M","T","R","M","R","E","M","R","B",null,"M","M","M","$","?","R","E","R","T","M","M","T","$","?","R","B",null,"M","?","?","?","M","E"],"character_chosen":"IRONCLAD","items_purchased":["Lantern","Spot Weakness","Happy Flower","Mercury Hourglass"],"campfire_rested":2,"item_purchase_floors":[4,21,21,30],"current_hp_per_floor":[64,71,76,76,81,69,97,96,96,96,93,93,86,88,88,42,83,85,93,75,75,59,88,65,94,94,87,93,93,93,93,93,10,75,65,65,65,89,97,0],"gold":0,"neow_bonus":"HUNDRED_GOLD","is_prod":false,"is_daily":false,"chose_seed":false,"campfire_upgraded":3,"win_rate":0,"timestamp":1549878443,"path_taken":["M","?","?","$","M","E","?","?","T","R","M","R","E","M","R","BOSS","M","M","?","$","?","R","E","R","T","M","M","?","$","?","R","BOSS","M","?","?","?","M","E"],"build_version":"2019-01-23","purchased_purges":0,"victory":false,"max_hp_per_floor":[80,87,87,87,87,87,97,97,97,97,97,97,97,97,97,97,97,97,97,97,97,97,97,97,97,97,97,97,97,97,97,97,97,97,97,97,97,97,97,97],"card_choices":[{"not_picked":["Iron Wave","Disarm"],"picked":"Metallicize","floor":1},{"not_picked":["Rage","Sword Boomerang"],"picked":"Pommel Strike","floor":3},{"not_picked":["Clash","Second Wind","Corruption"],"picked":"SKIP","floor":5},{"not_picked":["Exhume","Thunderclap"],"picked":"Immolate","floor":6},{"not_picked":["Corruption","True Grit"],"picked":"Shrug It Off","floor":8},{"not_picked":["Clash","Perfected Strike"],"picked":"Ghostly Armor","floor":11},{"not_picked":["Wild Strike","Dual Wield","True Grit"],"picked":"SKIP","floor":13},{"not_picked":["Wild Strike","Shockwave"],"picked":"Armaments","floor":14},{"not_picked":["Immolate","Double Tap"],"picked":"Demon Form","floor":16},{"not_picked":["Perfected Strike","Armaments","Intimidate"],"picked":"SKIP","floor":18},{"not_picked":["Armaments+1","Twin Strike"],"picked":"Battle Trance+1","floor":19},{"not_picked":["Perfected Strike","Body Slam"],"picked":"Burning Pact","floor":20},{"not_picked":["Cleave","Havoc"],"picked":"Seeing Red+1","floor":24},{"not_picked":["Combust","True Grit+1","Blood for Blood+1"],"picked":"SKIP","floor":27},{"not_picked":["Sword Boomerang","Sever Soul+1","Headbutt"],"picked":"SKIP","floor":28},{"not_picked":["Berserk","Dark Embrace"],"picked":"Double Tap","floor":33},{"not_picked":["Cleave","Headbutt+1"],"picked":"Armaments+1","floor":35},{"not_picked":["Good Instincts","HandOfGreed"],"picked":"Finesse","floor":37}],"player_experience":353102,"relics_obtained":[{"floor":2,"key":"Strawberry"},{"floor":6,"key":"Blood Vial"},{"floor":9,"key":"Boot"},{"floor":13,"key":"Kunai"},{"floor":22,"key":"Nilry\u0027s Codex"},{"floor":24,"key":"Paper Frog"},{"floor":26,"key":"Letter Opener"},{"floor":29,"key":"Potion Belt"}],"event_choices":[{"damage_healed":0,"gold_gain":0,"player_choice":"Relic","damage_taken":0,"max_hp_gain":0,"max_hp_loss":0,"event_name":"Wheel of Change","floor":2,"gold_loss":0},{"cards_removed":["Immolate"],"damage_healed":18,"gold_gain":0,"player_choice":"Offered Rare","damage_taken":0,"max_hp_gain":10,"max_hp_loss":0,"event_name":"Bonfire Elementals","floor":7,"gold_loss":0},{"damage_healed":0,"gold_gain":0,"player_choice":"Obtained Book","damage_taken":16,"max_hp_gain":0,"max_hp_loss":0,"event_name":"Cursed Tome","floor":22,"gold_loss":0},{"damage_healed":0,"gold_gain":0,"player_choice":"Ignored","damage_taken":0,"max_hp_gain":0,"max_hp_loss":0,"event_name":"Ghosts","floor":31,"gold_loss":0},{"damage_healed":0,"gold_gain":0,"player_choice":"Paid","damage_taken":0,"relics_obtained":["Red Mask"],"max_hp_gain":0,"max_hp_loss":0,"event_name":"Tomb of Lord Red Mask","floor":36,"gold_loss":142},{"damage_healed":0,"gold_gain":0,"player_choice":"Memory 1","damage_taken":0,"max_hp_gain":0,"max_hp_loss":0,"event_name":"SensoryStone","floor":37,"gold_loss":0},{"damage_healed":24,"gold_gain":0,"player_choice":"Writhe","damage_taken":0,"max_hp_gain":0,"max_hp_loss":0,"event_name":"Winding Halls","floor":38,"gold_loss":0,"cards_obtained":["Writhe"]}],"is_beta":false,"boss_relics":[{"not_picked":["Runic Pyramid","Black Star"],"picked":"Fusion Hammer"},{"not_picked":["Snecko Eye","White Beast Statue"],"picked":"Mark of Pain"}],"items_purged_floors":[],"is_endless":false,"potions_floor_spawned":[5,11,13,14,18,20,24,28],"killed_by":"Giant Head","ascension_level":7}