{"gold_per_floor":[109,71,71,71,71,94,94,128,128,128,164,200,200,239,239,363,363,386,386,386,386,68,68,68,98,98,98,23,38,38,51,51,146,146,161,12,12,27,47,47,72,72,151,167,67,101,101,135,135,135],"floor_reached":51,"playtime":7030,"items_purged":["Defend_G","Writhe"],"score":1057,"play_id":"e96a16ea-68d7-48a0-88fa-95e22c0aab2d","local_time":"20190209003600","is_ascension_mode":true,"campfire_choices":[{"floor":7,"key":"REST"},{"floor":15,"key":"REST"},{"floor":23,"key":"REST"},{"floor":24,"key":"REST"},{"floor":27,"key":"REST"},{"data":"Noxious Fumes","floor":30,"key":"SMITH"},{"data":"Footwork","floor":32,"key":"SMITH"},{"data":"Cloak And Dagger","floor":40,"key":"SMITH"},{"data":"Blur","floor":47,"key":"SMITH"},{"data":"Sucker Punch","floor":49,"key":"SMITH"}],"neow_cost":"NONE","seed_source_timestamp":2371012206321102,"circlet_count":0,"master_deck":["Defend_G","Defend_G","Defend_G","Defend_G","Strike_G","Strike_G","Strike_G+1","Survivor","Neutralize+1","Infinite Blades","Noxious Fumes+1","Footwork+1","Accuracy","Sucker Punch+1","Dagger Throw","Blur+1","Deflect+1","RitualDagger","Well Laid Plans+1","Caltrops+1","Deflect+1","After Image+1","Cloak And Dagger+1","Footwork+1","Prepared+1","Backflip","Bane+1","Dagger Throw+1","Dodge and Roll"],"relics":["Ring of the Snake","NeowsBlessing","Gremlin Horn","Bloody Idol","Pen Nib","Bottled Tornado","Frozen Egg 2","Odd Mushroom","WingedGreaves","Eternal Feather","Molten Egg 2","FossilizedHelix","Paper Crane","WristBlade","Whetstone","Darkstone Periapt","Bottled Lightning","Gambling Chip","Sundial"],"potions_floor_usage":[11,11,12,14,16,16,20,31,33,38,39,39,50],"damage_taken":[{"damage":0,"enemies":"Small Slimes","floor":1,"turns":2},{"damage":0,"enemies":"2 Louse","floor":6,"turns":1},{"damage":0,"enemies":"3 Sentries","floor":8,"turns":1},{"damage":15,"enemies":"Gremlin Nob","floor":11,"turns":5},{"damage":5,"enemies":"The Mushroom Lair","floor":12,"turns":3},{"damage":8,"enemies":"Lagavulin","floor":14,"turns":6},{"damage":9,"enemies":"Slime Boss","floor":16,"turns":12},{"damage":11,"enemies":"Shell Parasite","floor":18,"turns":9},{"damage":41,"enemies":"Colosseum Slavers","floor":20,"turns":7},{"damage":44,"enemies":"Gremlin Leader","floor":25,"turns":10},{"damage":14,"enemies":"Spheric Guardian","floor":29,"turns":6},{"damage":18,"enemies":"Snake Plant","floor":31,"turns":5},{"damage":41,"enemies":"Automaton","floor":33,"turns":13},{"damage":0,"enemies":"3 Shapes","floor":35,"turns":5},{"damage":0,"enemies":"Orb Walker","floor":38,"turns":5},{"damage":0,"enemies":"Spire Growth","floor":39,"turns":6},{"damage":0,"enemies":"Giant Head","floor":41,"turns":11},{"damage":11,"enemies":"Sphere and 2 Shapes","floor":44,"turns":6},{"damage":0,"enemies":"Nemesis","floor":46,"turns":7},{"damage":0,"enemies":"Giant Head","floor":48,"turns":11},{"damage":44,"enemies":"Awakened One","floor":50,"turns":16}],"seed_played":"7718132739931127617","potions_obtained":[{"floor":1,"key":"EntropicBrew"},{"floor":8,"key":"GhostInAJar"},{"floor":12,"key":"SpeedPotion"},{"floor":16,"key":"FearPotion"},{"floor":25,"key":"Dexterity Potion"},{"floor":29,"key":"AttackPotion"},{"floor":33,"key":"SteroidPotion"},{"floor":35,"key":"GamblersBrew"},{"floor":38,"key":"Energy Potion"},{"floor":48,"key":"Regen Potion"}],"is_trial":false,"path_per_floor":["M","$","?","$","?","M","R","E","T","$","E","?","?","E","R","B",null,"M","?","?","?","$","R","R","E","T","R","?","M","R","M","R","B",null,"M","$","?","M","M","R","E","?","T","M","$","E","R","E","R","B",null],"character_chosen":"THE_SILENT","items_purchased":["Noxious Fumes","Molten Egg 2","Whetstone"],"campfire_rested":5,"item_purchase_floors":[2,22,36],"current_hp_per_floor":[63,63,60,60,43,43,64,64,64,64,49,44,37,29,50,41,63,52,46,5,5,5,35,65,26,26,59,59,50,62,49,61,25,59,64,64,64,69,70,70,70,76,76,70,70,75,76,76,76,47],"gold":135,"neow_bonus":"THREE_ENEMY_KILL","is_prod":false,"is_daily":false,"chose_seed":false,"campfire_upgraded":5,"win_rate":0,"timestamp":1549701360,"path_taken":["M","$","?","$","?","M","R","E","T","$","E","?","?","E","R","BOSS","M","?","?","?","$","R","R","E","T","R","?","M","R","?","R","BOSS","M","$","?","M","?","R","E","?","T","M","$","E","R","E","R","BOSS"],"build_version":"2019-01-23","purchased_purges":2,"victory":true,"max_hp_per_floor":[70,70,70,70,70,70,70,70,70,70,70,70,70,70,70,70,70,70,70,70,70,70,70,70,70,70,70,70,70,70,70,70,70,70,70,70,70,70,70,70,70,76,76,76,76,76,76,76,76,76],"card_choices":[{"not_picked":["Underhanded Strike","Dagger Throw"],"picked":"Infinite Blades","floor":1},{"not_picked":["Reflex","Dagger Throw"],"picked":"Footwork","floor":6},{"not_picked":["Bane","Acrobatics"],"picked":"Accuracy","floor":8},{"not_picked":["Eviscerate","Finisher"],"picked":"Sucker Punch","floor":11},{"not_picked":["Prepared","Heel Hook"],"picked":"Dagger Throw","floor":12},{"not_picked":["Accuracy+1","Eviscerate"],"picked":"Blur","floor":14},{"not_picked":["Underhanded Strike","Finisher"],"picked":"Deflect+1","floor":18},{"not_picked":["Infinite Blades+1","Blur"],"picked":"Well Laid Plans+1","floor":25},{"not_picked":["Blade Dance","Dodge and Roll+1"],"picked":"Caltrops+1","floor":29},{"not_picked":["PiercingWail","Calculated Gamble"],"picked":"Deflect+1","floor":31},{"not_picked":["Storm of Steel","Night Terror"],"picked":"After Image+1","floor":33},{"not_picked":["Dagger Throw+1","Prepared"],"picked":"Cloak And Dagger","floor":35},{"not_picked":["Dagger Spray+1","Cloak And Dagger"],"picked":"Footwork+1","floor":38},{"not_picked":["Masterful Stab+1","Dodge and Roll+1"],"picked":"Prepared+1","floor":39},{"not_picked":["Sucker Punch+1","Phantasmal Killer"],"picked":"Backflip","floor":41},{"not_picked":["Poisoned Stab+1","Dodge and Roll+1"],"picked":"Bane+1","floor":44},{"not_picked":["Outmaneuver+1","Poisoned Stab+1"],"picked":"Dagger Throw+1","floor":46},{"not_picked":["Quick Slash+1","Dash+1"],"picked":"Dodge and Roll","floor":48}],"player_experience":290032,"relics_obtained":[{"floor":8,"key":"Pen Nib"},{"floor":9,"key":"Bottled Tornado"},{"floor":11,"key":"Frozen Egg 2"},{"floor":12,"key":"Odd Mushroom"},{"floor":14,"key":"WingedGreaves"},{"floor":25,"key":"FossilizedHelix"},{"floor":26,"key":"Paper Crane"},{"floor":41,"key":"Darkstone Periapt"},{"floor":43,"key":"Bottled Lightning"},{"floor":46,"key":"Gambling Chip"},{"floor":48,"key":"Sundial"}],"event_choices":[{"damage_healed":0,"gold_gain":0,"player_choice":"Success","damage_taken":3,"relics_obtained":["Gremlin Horn"],"max_hp_gain":0,"max_hp_loss":0,"event_name":"Scrap Ooze","floor":3,"gold_loss":0},{"damage_healed":0,"gold_gain":0,"player_choice":"Take Damage","damage_taken":17,"relics_obtained":["Golden Idol"],"max_hp_gain":0,"max_hp_loss":0,"event_name":"Golden Idol","floor":5,"gold_loss":0},{"damage_healed":0,"gold_gain":0,"player_choice":"Fought Mushrooms","damage_taken":0,"max_hp_gain":0,"max_hp_loss":0,"event_name":"Mushrooms","floor":12,"gold_loss":0},{"cards_removed":["Strike_G"],"damage_healed":0,"gold_gain":0,"player_choice":"Card Removal","damage_taken":7,"max_hp_gain":0,"max_hp_loss":0,"event_name":"Golden Wing","floor":13,"gold_loss":0},{"damage_healed":0,"gold_gain":0,"player_choice":"Joined the Cult","damage_taken":6,"max_hp_gain":0,"max_hp_loss":0,"event_name":"Nest","floor":19,"gold_loss":0,"cards_obtained":["RitualDagger"]},{"damage_healed":0,"gold_gain":0,"player_choice":"Fight","damage_taken":0,"max_hp_gain":0,"max_hp_loss":0,"event_name":"Colosseum","floor":20,"gold_loss":0},{"damage_healed":0,"gold_gain":0,"player_choice":"Fled From Nobs","damage_taken":0,"max_hp_gain":0,"max_hp_loss":0,"event_name":"Colosseum","floor":20,"gold_loss":0},{"damage_healed":0,"gold_gain":0,"player_choice":"Gave Idol","damage_taken":0,"relics_obtained":["Bloody Idol"],"max_hp_gain":0,"max_hp_loss":0,"event_name":"Forgotten Altar","floor":21,"relics_lost":["Golden Idol"],"gold_loss":0},{"cards_removed":["Strike_G"],"damage_healed":0,"gold_gain":0,"player_choice":"Gave Gold","damage_taken":0,"max_hp_gain":0,"max_hp_loss":0,"event_name":"Beggar","floor":28,"gold_loss":75},{"damage_healed":0,"gold_gain":0,"player_choice":"Ignored","damage_taken":0,"max_hp_gain":0,"max_hp_loss":0,"event_name":"SecretPortal","floor":37,"gold_loss":0},{"damage_healed":18,"gold_gain":0,"player_choice":"Writhe","damage_taken":0,"max_hp_gain":0,"max_hp_loss":0,"event_name":"Winding Halls","floor":42,"gold_loss":0,"cards_obtained":["Writhe"]}],"is_beta":false,"boss_relics":[{"not_picked":["Coffee Dripper","Runic Dome"],"picked":"Eternal Feather"},{"not_picked":["Pandora\u0027s Box","Empty Cage"],"picked":"WristBlade"}],"items_purged_floors":[22,45],"is_endless":false,"potions_floor_spawned":[1,8,12,16,20,25,29,33,35,38,48],"ascension_level":6}