{"gold_per_floor":[118,43,61,61,61,61,75,93,119,119,144,144,44,44,44,173,173,188,188,188,113,113,113,125,185,212,212,212,64,81,109,109,211,211,230,230,281,281,156,156,186,186,186,198,217,232,257,275,275,275],"floor_reached":51,"playtime":5835,"items_purged":["Strike_G","Strike_G","Strike_G"],"score":748,"play_id":"9f27f9f4-0e6b-4b85-a2d5-fc19a4053b4f","local_time":"20190111003943","is_ascension_mode":true,"campfire_choices":[{"floor":6,"key":"REST"},{"floor":10,"key":"REST"},{"data":"Venomology","floor":12,"key":"SMITH"},{"floor":15,"key":"REST"},{"floor":23,"key":"REST"},{"floor":27,"key":"REST"},{"floor":32,"key":"REST"},{"floor":40,"key":"REST"},{"floor":42,"key":"REST"},{"floor":49,"key":"REST"}],"neow_cost":"PERCENT_DAMAGE","seed_source_timestamp":123190197350092,"circlet_count":0,"master_deck":["Defend_G","Defend_G+1","Strike_G","Strike_G+1","Survivor","Neutralize","Venomology+1","Footwork","Backstab","Dagger Spray","Dodge and Roll","Dagger Throw","Tools of the Trade","Dagger Throw","Dodge and Roll","Noxious Fumes+1","Poisoned Stab","Corpse Explosion","Deadly Poison+1","Crippling Poison+1","Finesse","Purity","Panache","Slice","Slice+1","Dagger Throw+1","Dodge and Roll+1"],"relics":["Ring of the Snake","Juzu Bracelet","Lantern","Bloody Idol","Fusion Hammer","Enchiridion","Tiny Chest","Regal Pillow","Oddly Smooth Stone","Bird Faced Urn","Philosopher\u0027s Stone","FossilizedHelix","Unceasing Top","Pantograph","Ginger"],"potions_floor_usage":[7,8,11,16,16,16,24,25,30,31,33,33,35,37,41,41,44,44,44,45,45,45,46,46,47,47,50,50],"damage_taken":[{"damage":0,"enemies":"Small Slimes","floor":1,"turns":3},{"damage":0,"enemies":"Jaw Worm","floor":3,"turns":7},{"damage":0,"enemies":"Cultist","floor":7,"turns":2},{"damage":5,"enemies":"Exordium Thugs","floor":8,"turns":7},{"damage":4,"enemies":"Lagavulin","floor":11,"turns":11},{"damage":44,"enemies":"Hexaghost","floor":16,"turns":15},{"damage":9,"enemies":"Spheric Guardian","floor":18,"turns":6},{"damage":0,"enemies":"Shell Parasite","floor":24,"turns":4},{"damage":13,"enemies":"Book of Stabbing","floor":25,"turns":10},{"damage":0,"enemies":"Cultist and Chosen","floor":30,"turns":6},{"damage":10,"enemies":"Gremlin Leader","floor":31,"turns":6},{"damage":22,"enemies":"Automaton","floor":33,"turns":12},{"damage":9,"enemies":"3 Shapes","floor":35,"turns":4},{"damage":16,"enemies":"2 Orb Walkers","floor":37,"turns":3},{"damage":24,"enemies":"Nemesis","floor":41,"turns":7},{"damage":0,"enemies":"Orb Walker","floor":44,"turns":3},{"damage":9,"enemies":"4 Shapes","floor":45,"turns":1},{"damage":0,"enemies":"Sphere and 2 Shapes","floor":46,"turns":4},{"damage":16,"enemies":"Giant Head","floor":47,"turns":8},{"damage":0,"enemies":"3 Darklings","floor":48,"turns":2},{"damage":56,"enemies":"Awakened One","floor":50,"turns":13}],"seed_played":"-4489240755273980597","potions_obtained":[{"floor":1,"key":"SpeedPotion"},{"floor":7,"key":"Swift Potion"},{"floor":25,"key":"Regen Potion"},{"floor":33,"key":"FearPotion"},{"floor":41,"key":"Weak Potion"},{"floor":44,"key":"Poison Potion"},{"floor":45,"key":"GamblersBrew"},{"floor":48,"key":"Block Potion"}],"is_trial":false,"path_per_floor":["M","$","M","?","?","R","M","M","T","R","E","R","$","?","R","B",null,"M","?","?","?","?","R","M","E","T","R","?","$","M","E","R","B",null,"M","?","?","?","$","R","E","R","T","M","M","M","E","M","R","B",null],"character_chosen":"THE_SILENT","items_purchased":["Oddly Smooth Stone"],"campfire_rested":9,"item_purchase_floors":[29],"current_hp_per_floor":[49,49,49,35,35,56,56,51,51,70,66,66,66,49,70,26,70,61,45,45,45,45,66,70,67,70,70,70,70,70,65,70,53,70,70,70,61,51,51,70,57,70,70,70,66,70,59,68,70,15],"gold":275,"neow_bonus":"THREE_RARE_CARDS","is_prod":false,"is_daily":false,"chose_seed":false,"campfire_upgraded":1,"win_rate":0,"timestamp":1547195983,"path_taken":["M","$","M","?","?","R","?","M","T","R","E","R","?","?","R","BOSS","M","?","?","?","?","R","M","E","T","R","?","?","M","E","R","BOSS","M","?","?","?","?","R","E","R","T","M","M","M","E","M","R","BOSS"],"build_version":"2019-01-10","purchased_purges":3,"victory":true,"max_hp_per_floor":[70,70,70,70,70,70,70,70,70,70,70,70,70,70,70,70,70,70,70,70,70,70,70,70,70,70,70,70,70,70,70,70,70,70,70,70,70,70,70,70,70,70,70,70,70,70,70,70,70,70],"card_choices":[{"not_picked":["Malaise","Doppelganger"],"picked":"Venomology","floor":0},{"not_picked":["Calculated Gamble","Catalyst"],"picked":"Footwork","floor":1},{"not_picked":["Slice","Calculated Gamble"],"picked":"Backstab","floor":3},{"not_picked":["Eviscerate","Slice"],"picked":"Dagger Spray","floor":7},{"not_picked":["Slice","Acrobatics"],"picked":"Dodge and Roll","floor":8},{"not_picked":["All Out Attack","Bane"],"picked":"Dagger Throw","floor":11},{"not_picked":["Glass Knife","Phantasmal Killer"],"picked":"Tools of the Trade","floor":16},{"not_picked":["Bane","Distraction+1"],"picked":"Dagger Throw","floor":18},{"not_picked":["Reflex","Sucker Punch"],"picked":"Dodge and Roll","floor":24},{"not_picked":["Dagger Throw+1","Reflex"],"picked":"Noxious Fumes+1","floor":25},{"not_picked":["Blade Dance","Leg Sweep","Deadly Poison"],"picked":"SKIP","floor":30},{"not_picked":["Sucker Punch","Unload"],"picked":"Poisoned Stab","floor":31},{"not_picked":["Doppelganger","Bullet Time"],"picked":"Corpse Explosion","floor":33},{"not_picked":["PiercingWail+1","Sucker Punch+1"],"picked":"Deadly Poison+1","floor":35},{"not_picked":["Riddle With Holes+1","Dagger Spray+1"],"picked":"Crippling Poison+1","floor":37},{"not_picked":["Discovery","Madness"],"picked":"Finesse","floor":38},{"not_picked":["Impatience","Thinking Ahead"],"picked":"Purity","floor":38},{"not_picked":["Deep Breath","Flash of Steel"],"picked":"Panache","floor":38},{"not_picked":["Blade Dance+1","Distraction","Malaise"],"picked":"SKIP","floor":41},{"not_picked":["Flying Knee","Caltrops"],"picked":"Slice","floor":44},{"not_picked":["Bouncing Flask+1","Accuracy"],"picked":"Slice+1","floor":45},{"not_picked":["Bane","Calculated Gamble"],"picked":"Dagger Throw+1","floor":46},{"not_picked":["Flechettes","Quick Slash+1"],"picked":"Dodge and Roll+1","floor":47},{"not_picked":["Predator+1","Bullet Time","Deflect"],"picked":"SKIP","floor":48}],"player_experience":105253,"relics_obtained":[{"floor":9,"key":"Juzu Bracelet"},{"floor":11,"key":"Lantern"},{"floor":19,"key":"Enchiridion"},{"floor":25,"key":"Tiny Chest"},{"floor":26,"key":"Regal Pillow"},{"floor":31,"key":"Bird Faced Urn"},{"floor":37,"key":"FossilizedHelix"},{"floor":41,"key":"Unceasing Top"},{"floor":43,"key":"Pantograph"},{"floor":47,"key":"Ginger"}],"event_choices":[{"damage_healed":0,"gold_gain":0,"player_choice":"Entered Light","damage_taken":14,"max_hp_gain":0,"max_hp_loss":0,"event_name":"Shining Light","floor":4,"gold_loss":0,"cards_upgraded":["Defend_G","Strike_G"]},{"cards_removed":["Defend_G"],"damage_healed":0,"gold_gain":0,"player_choice":"Offered Basic","damage_taken":0,"max_hp_gain":0,"max_hp_loss":0,"event_name":"Bonfire Elementals","floor":5,"gold_loss":0},{"damage_healed":0,"gold_gain":0,"player_choice":"Take Damage","damage_taken":17,"relics_obtained":["Golden Idol"],"max_hp_gain":0,"max_hp_loss":0,"event_name":"Golden Idol","floor":14,"gold_loss":0},{"damage_healed":0,"gold_gain":0,"player_choice":"Obtained Book","damage_taken":16,"max_hp_gain":0,"max_hp_loss":0,"event_name":"Cursed Tome","floor":19,"gold_loss":0},{"damage_healed":0,"gold_gain":0,"player_choice":"Gave Idol","damage_taken":0,"relics_obtained":["Bloody Idol"],"max_hp_gain":0,"max_hp_loss":0,"event_name":"Forgotten Altar","floor":20,"relics_lost":["Golden Idol"],"gold_loss":0},{"cards_removed":["Defend_G"],"damage_healed":0,"gold_gain":0,"player_choice":"Gave Gold","damage_taken":0,"max_hp_gain":0,"max_hp_loss":0,"event_name":"Beggar","floor":21,"gold_loss":75},{"damage_healed":0,"gold_gain":0,"player_choice":"Ignored","damage_taken":0,"max_hp_gain":0,"max_hp_loss":0,"event_name":"Ghosts","floor":22,"gold_loss":0},{"cards_removed":["Defend_G"],"damage_healed":0,"gold_gain":0,"player_choice":"Elegance","damage_taken":0,"max_hp_gain":0,"max_hp_loss":0,"event_name":"Back to Basics","floor":28,"gold_loss":0},{"damage_healed":0,"gold_gain":0,"player_choice":"Ignored","damage_taken":0,"max_hp_gain":0,"max_hp_loss":0,"event_name":"Tomb of Lord Red Mask","floor":36,"gold_loss":0},{"damage_healed":0,"gold_gain":0,"player_choice":"Fight","damage_taken":0,"max_hp_gain":0,"max_hp_loss":0,"event_name":"Mysterious Sphere","floor":37,"gold_loss":0},{"damage_healed":0,"gold_gain":0,"player_choice":"Memory 3","damage_taken":10,"max_hp_gain":0,"max_hp_loss":0,"event_name":"SensoryStone","floor":38,"gold_loss":0}],"is_beta":false,"boss_relics":[{"not_picked":["Calling Bell","Ectoplasm"],"picked":"Fusion Hammer"},{"not_picked":["Sozu","Astrolabe"],"picked":"Philosopher\u0027s Stone"}],"items_purged_floors":[2,13,39],"is_endless":false,"potions_floor_spawned":[1,7,25,31,33,41,44,45,48],"ascension_level":1}