{"gold_per_floor":[119,119,139,154,329,329,342,371,419,144,94,128,128,148,148,246,246,256,275,275,291,309,309,341,341,341,351,351,451,451,465,465,569,569,582,582,86,86,86,121,133,161,173,185,216,228,240,13,13,13],"floor_reached":50,"playtime":7937,"items_purged":["Strike_G","Normality"],"score":548,"play_id":"5499c54d-48fc-4b5f-ba34-d9a2396ce720","local_time":"20190109165005","is_ascension_mode":false,"campfire_choices":[{"data":"Acrobatics","floor":6,"key":"SMITH"},{"floor":15,"key":"REST"},{"floor":23,"key":"REST"},{"floor":25,"key":"REST"},{"floor":32,"key":"REST"},{"floor":41,"key":"REST"},{"floor":44,"key":"REST"},{"data":"Doppelganger","floor":47,"key":"SMITH"},{"floor":49,"key":"REST"}],"neow_cost":"NONE","seed_source_timestamp":6548991994357,"circlet_count":0,"master_deck":["Defend_G","Defend_G","Defend_G","Strike_G","Strike_G","Survivor","Neutralize+1","Quick Slash","Acrobatics+1","Backstab","Backflip","Bane","Adrenaline+1","All Out Attack+1","Flechettes+1","Dash","Flying Knee+1","Well Laid Plans","Poisoned Stab+1","Poisoned Stab","Doppelganger+1","Injury","Pain","Decay","Dagger Throw+1"],"relics":["Ring of the Snake","Singing Bowl","Centennial Puzzle","Toolbox","Regal Pillow","Astrolabe","Bag of Preparation","Bag of Marbles","Dead Branch","Sundial","Calling Bell","Bronze Scales","Paper Crane","Girya","Lantern","Bottled Tornado","CultistMask","MawBank","Ninja Scroll","TwistedFunnel"],"potions_floor_usage":[8,16,24,29,33,40,40,50,50,50],"damage_taken":[{"damage":0,"enemies":"Jaw Worm","floor":1,"turns":4},{"damage":0,"enemies":"Cultist","floor":3,"turns":3},{"damage":1,"enemies":"2 Louse","floor":4,"turns":3},{"damage":5,"enemies":"Exordium Wildlife","floor":7,"turns":8},{"damage":16,"enemies":"3 Sentries","floor":8,"turns":12},{"damage":9,"enemies":"Gremlin Nob","floor":12,"turns":4},{"damage":0,"enemies":"2 Fungi Beasts","floor":14,"turns":2},{"damage":64,"enemies":"The Guardian","floor":16,"turns":22},{"damage":10,"enemies":"Spheric Guardian","floor":18,"turns":3},{"damage":0,"enemies":"Chosen","floor":19,"turns":4},{"damage":22,"enemies":"Snecko","floor":21,"turns":6},{"damage":14,"enemies":"3 Cultists","floor":22,"turns":8},{"damage":41,"enemies":"Book of Stabbing","floor":24,"turns":8},{"damage":9,"enemies":"Snake Plant","floor":27,"turns":3},{"damage":12,"enemies":"Colosseum Slavers","floor":29,"turns":3},{"damage":21,"enemies":"Colosseum Nobs","floor":29,"turns":4},{"damage":0,"enemies":"Centurion and Healer","floor":31,"turns":4},{"damage":26,"enemies":"Collector","floor":33,"turns":9},{"damage":20,"enemies":"3 Shapes","floor":35,"turns":5},{"damage":67,"enemies":"Giant Head","floor":40,"turns":10},{"damage":18,"enemies":"3 Darklings","floor":42,"turns":3},{"damage":21,"enemies":"Maw","floor":45,"turns":6},{"damage":100,"enemies":"Time Eater","floor":50,"turns":11}],"seed_played":"5341629975383951996","potions_obtained":[{"floor":7,"key":"GhostInAJar"},{"floor":8,"key":"Regen Potion"},{"floor":21,"key":"Strength Potion"},{"floor":22,"key":"Block Potion"},{"floor":29,"key":"Dexterity Potion"},{"floor":31,"key":"Block Potion"},{"floor":33,"key":"Swift Potion"},{"floor":42,"key":"GhostInAJar"},{"floor":45,"key":"Strength Potion"}],"is_trial":false,"path_per_floor":["M","?","M","M","?","R","M","E","T","$","?","E","?","M","R","B",null,"M","M","?","M","M","R","E","R","T","M","?","?","?","M","R","B",null,"M","?","$","?","?","E","R","M","T","R","M","?","R","$","R","B"],"character_chosen":"THE_SILENT","items_purchased":["Toolbox","Lantern","Bottled Tornado","TwistedFunnel","Fire Potion"],"campfire_rested":7,"item_purchase_floors":[10,37,37,48,48],"current_hp_per_floor":[77,77,77,76,76,76,71,55,55,55,55,46,46,48,79,30,79,71,71,71,49,35,74,33,72,72,63,63,32,32,34,74,50,87,67,67,67,69,69,4,46,30,30,72,53,53,53,53,95,0],"gold":13,"neow_bonus":"TEN_PERCENT_HP_BONUS","is_prod":false,"is_daily":false,"chose_seed":false,"campfire_upgraded":2,"win_rate":0.0,"timestamp":1547081405,"path_taken":["M","?","?","M","?","R","M","E","T","?","?","E","?","?","R","BOSS","M","M","?","?","M","R","E","R","T","M","?","?","?","M","R","BOSS","M","?","$","?","?","E","R","M","T","R","?","?","R","$","R","BOSS"],"build_version":"2019-01-03v4","purchased_purges":2,"victory":false,"max_hp_per_floor":[77,77,77,77,77,77,77,77,77,77,77,77,77,79,79,79,79,81,81,81,81,81,81,81,81,81,81,81,83,83,85,85,87,87,87,87,87,89,89,91,91,93,93,93,95,95,95,95,95,95],"card_choices":[{"not_picked":["Prepared","Deflect"],"picked":"Quick Slash","floor":1},{"not_picked":["Wraith Form v2","Underhanded Strike"],"picked":"Acrobatics","floor":3},{"not_picked":["Outmaneuver","Dagger Throw"],"picked":"Quick Slash","floor":4},{"not_picked":["Outmaneuver","Caltrops"],"picked":"Backstab","floor":7},{"not_picked":["Deadly Poison","Eviscerate"],"picked":"Backflip","floor":8},{"not_picked":["Distraction","Underhanded Strike"],"picked":"Bane","floor":12},{"not_picked":["Blade Dance","Leg Sweep","Deadly Poison"],"picked":"Singing Bowl","floor":14},{"not_picked":["Glass Knife","Die Die Die"],"picked":"Adrenaline","floor":16},{"not_picked":["Underhanded Strike","Flechettes","Footwork"],"picked":"Singing Bowl","floor":18},{"not_picked":["Deflect+1","Endless Agony"],"picked":"Dash","floor":19},{"not_picked":["Backstab","Deflect+1"],"picked":"Flying Knee+1","floor":21},{"not_picked":["Outmaneuver","Catalyst"],"picked":"Well Laid Plans","floor":22},{"not_picked":["Riddle With Holes","Blade Dance"],"picked":"Poisoned Stab+1","floor":24},{"not_picked":["Underhanded Strike","Quick Slash"],"picked":"Poisoned Stab","floor":27},{"not_picked":["Dagger Throw","Bouncing Flask+1","Blade Dance+1"],"picked":"Singing Bowl","floor":29},{"not_picked":["Backstab+1","Slice+1","Eviscerate"],"picked":"Singing Bowl","floor":31},{"not_picked":["Corpse Explosion","Die Die Die","Glass Knife"],"picked":"Singing Bowl","floor":33},{"not_picked":["Bane+1","Acrobatics+1"],"picked":"Dagger Throw+1","floor":35},{"not_picked":["The Bomb","Transmutation","Magnetism"],"picked":"Singing Bowl","floor":38},{"not_picked":["Quick Slash","Sucker Punch","Deadly Poison"],"picked":"Singing Bowl","floor":40},{"not_picked":["Flying Knee","Quick Slash","PiercingWail+1"],"picked":"Singing Bowl","floor":42},{"not_picked":["Blur","Backflip","Slice"],"picked":"Singing Bowl","floor":45}],"player_experience":77679,"relics_obtained":[{"floor":8,"key":"Singing Bowl"},{"floor":9,"key":"Centennial Puzzle"},{"floor":12,"key":"Regal Pillow"},{"floor":24,"key":"Bag of Preparation"},{"floor":26,"key":"Bag of Marbles"},{"floor":29,"key":"Dead Branch"},{"floor":29,"key":"Sundial"},{"floor":34,"key":"Bronze Scales"},{"floor":34,"key":"Paper Crane"},{"floor":34,"key":"Girya"},{"floor":40,"key":"MawBank"},{"floor":43,"key":"Ninja Scroll"}],"event_choices":[{"damage_healed":0,"gold_gain":0,"player_choice":"Forge","damage_taken":0,"max_hp_gain":0,"max_hp_loss":0,"event_name":"Accursed Blacksmith","floor":2,"gold_loss":0,"cards_upgraded":["Neutralize"]},{"damage_healed":0,"gold_gain":175,"player_choice":"AGREE","damage_taken":0,"max_hp_gain":0,"max_hp_loss":0,"event_name":"Liars Game","floor":5,"gold_loss":0,"cards_obtained":["Doubt"]},{"cards_removed":["Defend_G"],"damage_healed":0,"gold_gain":0,"player_choice":"Card Removal","damage_taken":0,"max_hp_gain":0,"max_hp_loss":0,"event_name":"The Cleric","floor":11,"gold_loss":50},{"damage_healed":0,"gold_gain":0,"player_choice":"Ignored","damage_taken":0,"max_hp_gain":0,"max_hp_loss":0,"event_name":"NoteForYourself","floor":13,"gold_loss":0},{"damage_healed":0,"gold_gain":0,"player_choice":"Upgraded","damage_taken":0,"max_hp_gain":0,"max_hp_loss":0,"event_name":"Upgrade Shrine","floor":20,"gold_loss":0,"cards_upgraded":["Adrenaline"]},{"cards_removed":["Strike_G"],"damage_healed":0,"gold_gain":0,"player_choice":"Elegance","damage_taken":0,"max_hp_gain":0,"max_hp_loss":0,"event_name":"Back to Basics","floor":28,"gold_loss":0},{"damage_healed":0,"gold_gain":0,"player_choice":"Fight","damage_taken":0,"max_hp_gain":0,"max_hp_loss":0,"event_name":"Colosseum","floor":29,"gold_loss":0},{"damage_healed":0,"gold_gain":0,"player_choice":"Fought Nobs","damage_taken":0,"max_hp_gain":0,"max_hp_loss":0,"event_name":"Colosseum","floor":29,"gold_loss":0},{"damage_healed":0,"gold_gain":0,"player_choice":"Read","damage_taken":0,"max_hp_gain":0,"max_hp_loss":0,"event_name":"The Library","floor":30,"gold_loss":0,"cards_obtained":["Doppelganger"]},{"cards_removed":["Quick Slash"],"damage_healed":0,"gold_gain":0,"player_choice":"Removed Attack","damage_taken":0,"max_hp_gain":0,"max_hp_loss":0,"event_name":"Falling","floor":36,"gold_loss":0},{"damage_healed":0,"gold_gain":0,"player_choice":"Memory 1","damage_taken":0,"max_hp_gain":0,"max_hp_loss":0,"event_name":"SensoryStone","floor":38,"gold_loss":0},{"damage_healed":0,"gold_gain":0,"player_choice":"Trade","damage_taken":0,"relics_obtained":["CultistMask"],"max_hp_gain":0,"max_hp_loss":0,"event_name":"FaceTrader","floor":39,"gold_loss":0},{"damage_healed":0,"gold_gain":0,"player_choice":"Ignored","damage_taken":0,"max_hp_gain":0,"max_hp_loss":0,"event_name":"Tomb of Lord Red Mask","floor":46,"gold_loss":0}],"is_beta":false,"boss_relics":[{"not_picked":["Orrery","Eternal Feather"],"picked":"Astrolabe"},{"not_picked":["Velvet Choker","Snecko Eye"],"picked":"Calling Bell"}],"items_purged_floors":[10,37],"is_endless":false,"potions_floor_spawned":[7,8,21,22,29,31,33,42,45],"killed_by":"Time Eater","ascension_level":0}