{"gold_per_floor":[113,113,38,52,52,52,52,63,63,77,93,193,224,241,241,346,346,356,200,218,218,235,235,247,262,262,288,299,299,324,339,339,436,436,452,552,567,258,258,258,258,258,284,294,294,312,312,5,5,5],"floor_reached":50,"playtime":2122,"items_purged":["Strike_R","Strike_R"],"score":534,"play_id":"9ab9a483-cb00-4ef8-a584-65080448a6ac","local_time":"20190104004458","is_ascension_mode":false,"campfire_choices":[{"data":"Demon Form","floor":6.0,"key":"SMITH"},{"data":"Intimidate","floor":15.0,"key":"SMITH"},{"data":"Shockwave","floor":23.0,"key":"SMITH"},{"floor":32,"key":"REST"},{"data":"Limit Break","floor":40,"key":"SMITH"},{"data":"Enlightenment","floor":42,"key":"SMITH"},{"floor":47,"key":"REST"},{"data":"Whirlwind","floor":49,"key":"SMITH"}],"neow_cost":"TEN_PERCENT_HP_LOSS","seed_source_timestamp":111636628390153,"circlet_count":0,"master_deck":["Strike_R","Strike_R","Strike_R","Defend_R","Defend_R","Defend_R","Defend_R","Bash","Demon Form+1","Rage","Shrug It Off","True Grit","Feel No Pain","Intimidate+1","Exhume","Shockwave+1","Sword Boomerang+1","Heavy Blade+1","Armaments","Twin Strike","Decay","Carnage+1","Flame Barrier+1","Shame","Limit Break+1","Enlightenment+1","Injury","Whirlwind+1","PanicButton"],"special_seed":0,"relics":["Burning Blood","Kunai","Centennial Puzzle","Gremlin Horn","Shuriken","Anchor","Cursed Key","Bag of Preparation","NlothsMask","Girya","Blood Vial","Singing Bowl","Sozu","Magic Flower","ClockworkSouvenir","Pen Nib","Orichalcum"],"potions_floor_usage":[30,30,33],"damage_taken":[{"damage":1.0,"enemies":"Jaw Worm","floor":1.0,"turns":5.0},{"damage":5.0,"enemies":"Cultist","floor":4.0,"turns":4.0},{"damage":1.0,"enemies":"2 Louse","floor":8.0,"turns":3.0},{"damage":16.0,"enemies":"Exordium Wildlife","floor":10.0,"turns":5.0},{"damage":16.0,"enemies":"Exordium Thugs","floor":11.0,"turns":4.0},{"damage":16.0,"enemies":"3 Sentries","floor":13.0,"turns":8.0},{"damage":2.0,"enemies":"Blue Slaver","floor":14.0,"turns":5.0},{"damage":27.0,"enemies":"Hexaghost","floor":16.0,"turns":10.0},{"damage":12.0,"enemies":"Spheric Guardian","floor":18.0,"turns":5.0},{"damage":2.0,"enemies":"Shell Parasite","floor":20.0,"turns":5.0},{"damage":8.0,"enemies":"3 Cultists","floor":22.0,"turns":4.0},{"damage":14.0,"enemies":"Centurion and Healer","floor":24.0,"turns":4.0},{"damage":18.0,"enemies":"Snecko","floor":25.0,"turns":5.0},{"damage":8.0,"enemies":"Book of Stabbing","floor":27.0,"turns":4.0},{"damage":2.0,"enemies":"Cultist and Chosen","floor":28.0,"turns":4.0},{"damage":37,"enemies":"Gremlin Leader","floor":30,"turns":6},{"damage":18,"enemies":"Snake Plant","floor":31,"turns":4},{"damage":24,"enemies":"Collector","floor":33,"turns":6},{"damage":26,"enemies":"3 Darklings","floor":35,"turns":5},{"damage":20,"enemies":"Mind Bloom Boss Battle","floor":36,"turns":16},{"damage":0,"enemies":"Orb Walker","floor":37,"turns":3},{"damage":40,"enemies":"Transient","floor":44,"turns":5},{"damage":18,"enemies":"Jaw Worm Horde","floor":46,"turns":4},{"damage":61,"enemies":"Donu and Deca","floor":50,"turns":7}],"seed_played":"-5356985129020262107","potions_obtained":[{"floor":4.0,"key":"SneckoOil"},{"floor":10.0,"key":"GamblersBrew"},{"floor":13.0,"key":"Block Potion"},{"floor":14.0,"key":"EssenceOfSteel"},{"floor":18.0,"key":"Poison Potion"},{"floor":22.0,"key":"PowerPotion"},{"floor":28.0,"key":"FearPotion"},{"floor":31,"key":"PowerPotion"},{"floor":33,"key":"Energy Potion"}],"is_trial":false,"path_per_floor":["M","?","$","M","?","R","T","M","T","M","M","?","E","M","R","B",null,"M","$","M","?","M","R","M","M","T","E","M","T","E","M","R","B",null,"M","?","M","$","?","R","?","R","T","M","?","M","R","$","R","B"],"character_chosen":"IRONCLAD","items_purchased":["Bag of Preparation","ClockworkSouvenir","Whirlwind","Orichalcum","PanicButton"],"campfire_rested":2,"item_purchase_floors":[19,38,48,48,48],"current_hp_per_floor":[72,72,72,72,65,65,65,70,70,60,50,50,40,44,44,23,72,66,66,70,70,68,68,60,48,48,46,50,50,23,15,37,21,76,58,48,62,62,62,62,62,62,62,36,36,32,57,57,57,0],"gold":5,"neow_bonus":"THREE_RARE_CARDS","is_prod":false,"is_daily":false,"chose_seed":false,"campfire_upgraded":6,"win_rate":0,"timestamp":1546555498,"path_taken":["M","?","$","?","?","R","?","M","T","?","M","?","E","M","R","BOSS","M","$","?","?","?","R","M","M","T","E","?","?","E","M","R","BOSS","M","?","M","$","?","R","?","R","T","M","?","M","R","$","R","BOSS"],"build_version":"2018-12-20","purchased_purges":2,"victory":false,"max_hp_per_floor":[72,72,72,72,72,72,72,72,72,72,72,72,72,72,72,72,72,72,72,72,72,72,72,72,72,72,72,72,72,74,76,76,76,76,78,80,82,82,82,82,82,82,82,84,84,86,86,86,86,86],"card_choices":[{"not_picked":["Dark Embrace","Brutality"],"picked":"Demon Form","floor":0.0},{"not_picked":["Body Slam","Anger"],"picked":"Iron Wave","floor":1.0},{"not_picked":["Burning Pact","Dual Wield"],"picked":"Rage","floor":4.0},{"not_picked":["Rupture","Second Wind"],"picked":"Shrug It Off","floor":8.0},{"not_picked":["Flex","Corruption"],"picked":"True Grit","floor":10.0},{"not_picked":["Inflame","Hemokinesis"],"picked":"Entrench","floor":11.0},{"not_picked":["Intimidate","True Grit"],"picked":"Feel No Pain","floor":13.0},{"not_picked":["Rupture","Flex"],"picked":"Intimidate","floor":14.0},{"not_picked":["Impervious","Demon Form"],"picked":"Exhume","floor":16.0},{"not_picked":["True Grit","Inflame"],"picked":"Shockwave","floor":18.0},{"not_picked":["Cleave","Second Wind"],"picked":"Sword Boomerang+1","floor":20.0},{"not_picked":["Wild Strike","Pommel Strike"],"picked":"Heavy Blade+1","floor":22.0},{"not_picked":["Perfected Strike","Rampage"],"picked":"Armaments","floor":24.0},{"not_picked":["Berserk","Infernal Blade"],"picked":"Twin Strike","floor":25.0},{"not_picked":["Intimidate","Combust"],"picked":"Carnage+1","floor":27.0},{"not_picked":["Flex","Searing Blow"],"picked":"Flame Barrier+1","floor":28.0},{"not_picked":["Corruption","Sever Soul","Bloodletting"],"picked":"Singing Bowl","floor":30},{"not_picked":["Anger","True Grit+1","Spot Weakness"],"picked":"Singing Bowl","floor":31},{"not_picked":["Juggernaut","Fiend Fire"],"picked":"Limit Break","floor":33},{"not_picked":["Thunderclap+1","Hemokinesis+1","Armaments+1"],"picked":"Singing Bowl","floor":35},{"not_picked":["Evolve","Bloodletting","Armaments+1"],"picked":"Singing Bowl","floor":36},{"not_picked":["Armaments","Iron Wave","Ghostly Armor+1"],"picked":"Singing Bowl","floor":37},{"not_picked":["Mind Blast","The Bomb"],"picked":"Enlightenment","floor":41},{"not_picked":["Warcry+1","Pommel Strike+1","Bloodletting"],"picked":"Singing Bowl","floor":44},{"not_picked":["Entrench+1","Second Wind+1","Headbutt+1"],"picked":"Singing Bowl","floor":46}],"player_experience":87203,"relics_obtained":[{"floor":7.0,"key":"Gremlin Horn"},{"floor":9.0,"key":"Shuriken"},{"floor":13.0,"key":"Anchor"},{"floor":27.0,"key":"Girya"},{"floor":29.0,"key":"Blood Vial"},{"floor":30,"key":"Singing Bowl"},{"floor":36,"key":"Magic Flower"},{"floor":43,"key":"Pen Nib"}],"event_choices":[{"cards_removed":["Iron Wave"],"damage_healed":0.0,"max_hp_gain":0.0,"max_hp_loss":0.0,"gold_gain":0.0,"event_name":"WeMeetAgain","player_choice":"Gave Card","floor":2.0,"gold_loss":0.0,"damage_taken":0.0,"relics_obtained":["Kunai"]},{"damage_healed":0.0,"max_hp_gain":0.0,"max_hp_loss":0.0,"gold_gain":0.0,"event_name":"Scrap Ooze","player_choice":"Success","floor":5.0,"gold_loss":0.0,"damage_taken":7.0,"relics_obtained":["Centennial Puzzle"]},{"damage_healed":0.0,"max_hp_gain":0.0,"max_hp_loss":0.0,"gold_gain":100.0,"event_name":"Golden Shrine","player_choice":"Pray","floor":12.0,"gold_loss":0.0,"damage_taken":0.0},{"damage_healed":0.0,"max_hp_gain":0.0,"max_hp_loss":0.0,"gold_gain":0.0,"event_name":"FaceTrader","player_choice":"Trade","floor":21.0,"gold_loss":0.0,"damage_taken":0.0,"relics_obtained":["NlothsMask"]},{"damage_healed":0,"gold_gain":0,"player_choice":"Fight","damage_taken":0,"max_hp_gain":0,"max_hp_loss":0,"event_name":"MindBloom","floor":36,"gold_loss":0},{"cards_removed":["Entrench"],"damage_healed":0,"gold_gain":0,"player_choice":"Removed Skill","damage_taken":0,"max_hp_gain":0,"max_hp_loss":0,"event_name":"Falling","floor":39,"gold_loss":0},{"damage_healed":0,"gold_gain":0,"player_choice":"Memory 1","damage_taken":0,"max_hp_gain":0,"max_hp_loss":0,"event_name":"SensoryStone","floor":41,"gold_loss":0},{"damage_healed":0,"gold_gain":0,"player_choice":"Bought 0 Potions","damage_taken":0,"max_hp_gain":0,"max_hp_loss":0,"event_name":"The Woman in Blue","floor":45,"gold_loss":0}],"is_beta":false,"boss_relics":[{"not_picked":["Fusion Hammer","Runic Cube"],"picked":"Cursed Key"},{"not_picked":["Black Star","Lizard Tail"],"picked":"Sozu"}],"items_purged_floors":[3,38],"is_endless":false,"potions_floor_spawned":[4,10,13,14,18,22,25,28,31,33,35,36,46],"killed_by":"Donu and Deca","ascension_level":0}