{"gold_per_floor":[115,135,135,235,251,251,267,282,282,282,308,322,45,58,58,155,155,170,185,197,297,310,310,21,36,63,63,63,63,63,91,91,194,194,213,230,249,249,266,301,301,315,368,368,417,26,41,54,54,54],"floor_reached":51,"playtime":2187,"items_purged":[],"score":1359,"play_id":"c3656f12-7170-4e8f-9125-f27a5f70f041","local_time":"20190128225221","is_ascension_mode":true,"campfire_choices":[{"data":"Zap","floor":6,"key":"SMITH"},{"data":"Defragment","floor":10,"key":"SMITH"},{"data":"Dualcast","floor":15,"key":"SMITH"},{"floor":23,"key":"REST"},{"floor":27,"key":"REST"},{"floor":32,"key":"REST"},{"floor":41,"key":"RECALL"},{"floor":49,"key":"REST"}],"neow_cost":"TEN_PERCENT_HP_LOSS","seed_source_timestamp":642009201681641,"circlet_count":0,"master_deck":["Strike_B+1","Strike_B+1","Strike_B+1","Defend_B+1","Defend_B+1","Defend_B+1","Defend_B+1","Zap+1","Dualcast+1","Ball Lightning","BootSequence","Doom and Gloom","Conserve Battery","Defragment+1","Conserve Battery","Defragment","Cold Snap","Buffer+1","Coolheaded","Leap","Hologram+1","Electrodynamics+1","Coolheaded+1"],"relics":["Cracked Core","Unceasing Top","Ginger","Gambling Chip","Runic Capacitor","Fusion Hammer","Torii","Frozen Egg 2","Calipers","Omamori","Dodecahedron","Busted Crown","Cables","Potion Belt","Thread and Needle","Bottled Tornado","Lantern"],"potions_floor_usage":[18,20,21,21,25,50,50,50,50],"damage_taken":[{"damage":3,"enemies":"Jaw Worm","floor":1,"turns":4},{"damage":2,"enemies":"2 Louse","floor":2,"turns":3},{"damage":0,"enemies":"Cultist","floor":5,"turns":3},{"damage":2,"enemies":"Red Slaver","floor":7,"turns":3},{"damage":0,"enemies":"2 Fungi Beasts","floor":8,"turns":2},{"damage":8,"enemies":"3 Sentries","floor":11,"turns":4},{"damage":0,"enemies":"Looter","floor":12,"turns":2},{"damage":4,"enemies":"Red Slaver","floor":14,"turns":3},{"damage":0,"enemies":"The Guardian","floor":16,"turns":11},{"damage":2,"enemies":"Spheric Guardian","floor":18,"turns":4},{"damage":5,"enemies":"3 Byrds","floor":19,"turns":5},{"damage":3,"enemies":"Snake Plant","floor":20,"turns":5},{"damage":0,"enemies":"Colosseum Slavers","floor":21,"turns":4},{"damage":9,"enemies":"Colosseum Nobs","floor":21,"turns":7},{"damage":24,"enemies":"Shelled Parasite and Fungi","floor":22,"turns":6},{"damage":0,"enemies":"Chosen and Byrds","floor":25,"turns":4},{"damage":0,"enemies":"Gremlin Leader","floor":31,"turns":10},{"damage":0,"enemies":"Champ","floor":33,"turns":11},{"damage":0,"enemies":"3 Shapes","floor":35,"turns":4},{"damage":0,"enemies":"3 Darklings","floor":36,"turns":3},{"damage":0,"enemies":"Jaw Worm Horde","floor":37,"turns":3},{"damage":0,"enemies":"4 Shapes","floor":39,"turns":4},{"damage":0,"enemies":"Nemesis","floor":40,"turns":8},{"damage":0,"enemies":"Writhing Mass","floor":42,"turns":5},{"damage":0,"enemies":"2 Orb Walkers","floor":45,"turns":4},{"damage":0,"enemies":"3 Darklings","floor":47,"turns":3},{"damage":0,"enemies":"Transient","floor":48,"turns":5},{"damage":0,"enemies":"Time Eater","floor":50,"turns":9}],"seed_played":"7887566804556407998","potions_obtained":[{"floor":1,"key":"SkillPotion"},{"floor":5,"key":"Ancient Potion"},{"floor":11,"key":"Weak Potion"},{"floor":18,"key":"SpeedPotion"},{"floor":21,"key":"LiquidBronze"},{"floor":22,"key":"AttackPotion"},{"floor":25,"key":"EssenceOfSteel"},{"floor":33,"key":"SteroidPotion"},{"floor":39,"key":"Swift Potion"},{"floor":45,"key":"Strength Potion"},{"floor":47,"key":"PowerPotion"}],"is_trial":false,"path_per_floor":["M","M","?","?","M","R","M","M","T","R","E","M","$","M","R","B",null,"M","M","M","?","M","R","$","M","T","R","?","?","?","E","R","B",null,"M","M","M","?","M","E","R","M","T","?","?","$","M","M","R","B",null],"character_chosen":"DEFECT","items_purchased":["Runic Capacitor","Defragment","Calipers","Bottled Tornado","Lantern"],"campfire_rested":4,"item_purchase_floors":[13,13,24,46,46],"current_hp_per_floor":[65,63,63,63,63,63,61,61,61,61,53,53,53,49,49,49,63,61,56,53,44,20,40,40,40,40,60,60,60,60,60,68,68,68,68,68,68,68,68,68,68,68,68,68,68,68,68,68,68,68],"gold":54,"neow_bonus":"ONE_RARE_RELIC","is_prod":false,"is_daily":false,"chose_seed":false,"campfire_upgraded":3,"win_rate":0,"timestamp":1548708741,"path_taken":["M","M","?","?","?","R","M","M","T","R","E","M","$","M","R","BOSS","M","M","M","?","M","R","$","M","T","R","?","?","?","E","R","BOSS","M","M","M","?","M","E","R","M","T","?","?","$","?","M","R","BOSS"],"build_version":"2019-01-23","purchased_purges":0,"victory":true,"max_hp_per_floor":[68,68,68,68,68,68,68,68,68,68,68,68,68,68,68,68,68,68,68,68,68,68,68,68,68,68,68,68,68,68,68,68,68,68,68,68,68,68,68,68,68,68,68,68,68,68,68,68,68,68],"card_choices":[{"not_picked":["Sunder","Stack"],"picked":"Ball Lightning","floor":1},{"not_picked":["Aggregate","Storm"],"picked":"Coolheaded","floor":2},{"not_picked":["Lockon","Leap"],"picked":"Doom and Gloom","floor":5},{"not_picked":["Rebound","All For One"],"picked":"Conserve Battery","floor":7},{"not_picked":["White Noise","Barrage"],"picked":"Defragment","floor":8},{"not_picked":["Compile Driver","FTL","Static Discharge"],"picked":"SKIP","floor":11},{"not_picked":["Turbo","Steam Power"],"picked":"Conserve Battery","floor":12},{"not_picked":["Stack","Rebound"],"picked":"Cold Snap","floor":14},{"not_picked":["All For One","Multi-Cast"],"picked":"Buffer","floor":16},{"not_picked":["FTL","Rebound"],"picked":"Coolheaded","floor":18},{"not_picked":["Capacitor","Recycle"],"picked":"Leap","floor":19},{"not_picked":["Stack","Chill"],"picked":"Hologram+1","floor":20},{"not_picked":["Turbo","Rebound","Skim"],"picked":"SKIP","floor":22},{"not_picked":["Turbo","All For One","Leap"],"picked":"SKIP","floor":25},{"not_picked":["Rebound+1","BootSequence","Fusion"],"picked":"SKIP","floor":31},{"not_picked":["Seek","Amplify"],"picked":"Electrodynamics+1","floor":33},{"not_picked":["Recycle+1"],"picked":"SKIP","floor":35},{"not_picked":["Redo"],"picked":"SKIP","floor":36},{"not_picked":["Heatsinks+1"],"picked":"SKIP","floor":37},{"not_picked":["Ball Lightning+1"],"picked":"SKIP","floor":39},{"not_picked":["BootSequence"],"picked":"SKIP","floor":40},{"not_picked":["Steam"],"picked":"SKIP","floor":42},{"not_picked":[],"picked":"Coolheaded+1","floor":45},{"not_picked":["Sweeping Beam"],"picked":"SKIP","floor":47},{"not_picked":["Rebound"],"picked":"SKIP","floor":48}],"player_experience":136043,"relics_obtained":[{"floor":9,"key":"Ginger"},{"floor":11,"key":"Gambling Chip"},{"floor":21,"key":"Torii"},{"floor":21,"key":"Frozen Egg 2"},{"floor":26,"key":"Omamori"},{"floor":31,"key":"Dodecahedron"},{"floor":40,"key":"Cables"},{"floor":43,"key":"Potion Belt"},{"floor":45,"key":"Thread and Needle"}],"event_choices":[{"damage_healed":0,"gold_gain":0,"cards_transformed":["Strike_B"],"player_choice":"Change","damage_taken":0,"max_hp_gain":0,"max_hp_loss":0,"event_name":"Living Wall","floor":3,"gold_loss":0,"cards_obtained":["BootSequence"]},{"damage_healed":0,"gold_gain":100,"player_choice":"Pray","damage_taken":0,"max_hp_gain":0,"max_hp_loss":0,"event_name":"Golden Shrine","floor":4,"gold_loss":0},{"damage_healed":0,"gold_gain":0,"player_choice":"Fight","damage_taken":0,"max_hp_gain":0,"max_hp_loss":0,"event_name":"Colosseum","floor":21,"gold_loss":0},{"damage_healed":0,"gold_gain":0,"player_choice":"Fought Nobs","damage_taken":0,"max_hp_gain":0,"max_hp_loss":0,"event_name":"Colosseum","floor":21,"gold_loss":0},{"damage_healed":0,"gold_gain":0,"player_choice":"Ignored","damage_taken":0,"max_hp_gain":0,"max_hp_loss":0,"event_name":"Ghosts","floor":28,"gold_loss":0},{"damage_healed":0,"gold_gain":0,"player_choice":"Simplicity","damage_taken":0,"max_hp_gain":0,"max_hp_loss":0,"event_name":"Back to Basics","floor":29,"gold_loss":0,"cards_upgraded":["Strike_B","Strike_B","Strike_B","Defend_B","Defend_B","Defend_B","Defend_B"]},{"damage_healed":0,"gold_gain":0,"player_choice":"Forge","damage_taken":0,"max_hp_gain":0,"max_hp_loss":0,"event_name":"Accursed Blacksmith","floor":30,"gold_loss":0,"cards_upgraded":["Buffer"]},{"damage_healed":0,"gold_gain":0,"player_choice":"Ignored","damage_taken":0,"max_hp_gain":0,"max_hp_loss":0,"event_name":"Tomb of Lord Red Mask","floor":38,"gold_loss":0},{"cards_removed":["Coolheaded"],"damage_healed":0,"gold_gain":0,"player_choice":"Removed Skill","damage_taken":0,"max_hp_gain":0,"max_hp_loss":0,"event_name":"Falling","floor":44,"gold_loss":0},{"damage_healed":0,"gold_gain":0,"player_choice":"Fight","damage_taken":0,"max_hp_gain":0,"max_hp_loss":0,"event_name":"Mysterious Sphere","floor":45,"gold_loss":0}],"is_beta":false,"boss_relics":[{"not_picked":["Runic Pyramid","Philosopher\u0027s Stone"],"picked":"Fusion Hammer"},{"not_picked":["White Beast Statue","Eternal Feather"],"picked":"Busted Crown"}],"items_purged_floors":[],"is_endless":false,"potions_floor_spawned":[1,5,11,12,16,18,21,22,25,33,37,39,42,45,47],"ascension_level":9}