{"gold_per_floor":[112,129,129,129,304,335,91,166,166,181,209,229,229,179,179,274,274,285,285,304,324,22,22,36,36,36,52,80,100,50,67,67,67],"floor_reached":33,"playtime":2812,"items_purged":["Doubt","Strike_R"],"score":296,"play_id":"6a5afc29-f2de-4689-8c19-d515c03b8e7d","local_time":"20190115231253","is_ascension_mode":true,"campfire_choices":[{"floor":13,"key":"REST"},{"floor":15,"key":"REST"},{"floor":23,"key":"REST"},{"floor":25,"key":"REST"},{"floor":32,"key":"REST"}],"neow_cost":"NONE","seed_source_timestamp":296672213553580,"circlet_count":0,"master_deck":["Strike_R","Strike_R","Defend_R","Defend_R","Defend_R","Bash","Cleave","Shrug It Off","Pommel Strike","Warcry+1","Deflect+1","Pommel Strike","Reaper","Wild Strike+1","Dash","Dagger Throw+1","Shrug It Off+1","Iron Wave","Panache"],"relics":["Burning Blood","Orichalcum","Smiling Mask","PrismaticShard","Toxic Egg 2","Bronze Scales","Lizard Tail","Ginger","Kunai","Red Mask"],"potions_floor_usage":[6,16,27,27,28,29,31],"damage_taken":[{"damage":2,"enemies":"2 Louse","floor":1,"turns":3},{"damage":2,"enemies":"Small Slimes","floor":2,"turns":3},{"damage":31,"enemies":"3 Sentries","floor":6,"turns":8},{"damage":0,"enemies":"Cultist","floor":10,"turns":3},{"damage":38,"enemies":"Gremlin Nob","floor":11,"turns":5},{"damage":2,"enemies":"Red Slaver","floor":12,"turns":5},{"damage":54,"enemies":"Slime Boss","floor":16,"turns":13},{"damage":30,"enemies":"2 Thieves","floor":18,"turns":5},{"damage":22,"enemies":"Spheric Guardian","floor":20,"turns":5},{"damage":23,"enemies":"Snake Plant","floor":21,"turns":4},{"damage":42,"enemies":"Shelled Parasite and Fungi","floor":24,"turns":7},{"damage":41,"enemies":"Centurion and Healer","floor":27,"turns":10},{"damage":20,"enemies":"Masked Bandits","floor":28,"turns":4},{"damage":6,"enemies":"Snecko","floor":29,"turns":5},{"damage":11,"enemies":"Snake Plant","floor":31,"turns":4},{"damage":83,"enemies":"Champ","floor":33,"turns":18}],"seed_played":"-298094518958332066","potions_obtained":[{"floor":1,"key":"LiquidBronze"},{"floor":12,"key":"Poison Potion"},{"floor":16,"key":"Dexterity Potion"},{"floor":18,"key":"Dexterity Potion"},{"floor":24,"key":"Weak Potion"},{"floor":28,"key":"Weak Potion"},{"floor":29,"key":"GamblersBrew"}],"is_trial":false,"path_per_floor":["M","M","$","?","?","E","$","?","T","M","E","M","R","?","R","B",null,"M","?","M","M","$","R","M","R","T","M","?","M","$","M","R","B"],"character_chosen":"IRONCLAD","items_purchased":["PrismaticShard","Ginger"],"campfire_rested":5,"item_purchase_floors":[7,22],"current_hp_per_floor":[80,80,80,73,73,48,48,37,37,43,11,15,39,39,63,15,80,58,58,42,29,29,53,17,41,41,14,12,16,16,15,39,0],"gold":67,"neow_bonus":"RANDOM_COMMON_RELIC","is_prod":false,"is_daily":false,"chose_seed":false,"campfire_upgraded":0,"win_rate":0,"timestamp":1547622773,"path_taken":["M","M","$","?","?","E","$","?","T","M","E","M","R","?","R","BOSS","M","?","?","M","?","R","M","R","T","M","?","M","$","M","R","BOSS"],"build_version":"2019-01-10","purchased_purges":2,"victory":false,"max_hp_per_floor":[80,80,80,80,80,80,80,80,80,80,80,80,80,80,80,80,80,80,80,80,80,80,80,80,80,80,80,80,80,80,80,80,80],"card_choices":[{"not_picked":["Wild Strike","Clothesline"],"picked":"Cleave","floor":1},{"not_picked":["Heavy Blade","Iron Wave"],"picked":"Shrug It Off","floor":2},{"not_picked":["Searing Blow","Burning Pact"],"picked":"Pommel Strike","floor":6},{"not_picked":["Secret Technique+1","Deadly Poison+1"],"picked":"Warcry+1","floor":10},{"not_picked":["Mind Blast","Perfected Strike"],"picked":"Deflect+1","floor":11},{"not_picked":["Reckless Charge","Static Discharge"],"picked":"Pommel Strike","floor":12},{"not_picked":["Fiend Fire","Double Tap+1"],"picked":"Reaper","floor":16},{"not_picked":["Disarm+1","Acrobatics+1"],"picked":"Wild Strike+1","floor":18},{"not_picked":["Perfected Strike","Battle Trance+1"],"picked":"Dash","floor":20},{"not_picked":["Poisoned Stab","Ghostly Armor+1"],"picked":"Dagger Throw+1","floor":21},{"not_picked":["Sucker Punch+1","Ball Lightning"],"picked":"Shrug It Off+1","floor":24},{"not_picked":["Body Slam","Sentinel+1"],"picked":"Iron Wave","floor":27},{"not_picked":["Perfected Strike","Iron Wave"],"picked":"Panache","floor":29},{"not_picked":["True Grit+1","Heavy Blade+1","Shrug It Off+1"],"picked":"SKIP","floor":31}],"player_experience":170942,"relics_obtained":[{"floor":6,"key":"Smiling Mask"},{"floor":9,"key":"Toxic Egg 2"},{"floor":11,"key":"Bronze Scales"},{"floor":26,"key":"Kunai"},{"floor":28,"key":"Red Mask"}],"event_choices":[{"cards_removed":["Defend_R"],"damage_healed":0,"gold_gain":0,"player_choice":"Card Removal","damage_taken":7,"max_hp_gain":0,"max_hp_loss":0,"event_name":"Golden Wing","floor":4,"gold_loss":0},{"damage_healed":0,"gold_gain":175,"player_choice":"AGREE","damage_taken":0,"max_hp_gain":0,"max_hp_loss":0,"event_name":"Liars Game","floor":5,"gold_loss":0,"cards_obtained":["Doubt"]},{"damage_healed":0,"gold_gain":75,"player_choice":"Gather Gold","damage_taken":11,"max_hp_gain":0,"max_hp_loss":0,"event_name":"World of Goop","floor":8,"gold_loss":0},{"cards_removed":["Strike_R"],"damage_healed":0,"gold_gain":0,"player_choice":"Card Removal","damage_taken":0,"max_hp_gain":0,"max_hp_loss":0,"event_name":"The Cleric","floor":14,"gold_loss":50},{"cards_removed":["Strike_R"],"damage_healed":0,"gold_gain":0,"player_choice":"Purged","damage_taken":0,"max_hp_gain":0,"max_hp_loss":0,"event_name":"Purifier","floor":19,"gold_loss":0},{"damage_healed":0,"gold_gain":0,"player_choice":"Fought Bandits","damage_taken":0,"max_hp_gain":0,"max_hp_loss":0,"event_name":"Masked Bandits","floor":28,"gold_loss":0}],"is_beta":false,"boss_relics":[{"not_picked":["Pandora\u0027s Box","White Beast Statue"],"picked":"Lizard Tail"}],"items_purged_floors":[7,30],"is_endless":false,"potions_floor_spawned":[1,12,16,18,24,28,29],"killed_by":"Champ","ascension_level":3}