{"gold_per_floor":[129,161,193,220,252,264,295,307,344,356,385,424,452,464,476,585,597,595,522,534],"floor_reached":20,"playtime":805,"items_purged":[],"score":214,"play_id":"7657cbba-e961-48ae-a233-ca568d0f1fca","local_time":"20181209020025","is_ascension_mode":true,"campfire_choices":[{"data":"Echo Form","floor":6,"key":"SMITH"},{"floor":8,"key":"REST"},{"floor":10,"key":"REST"},{"floor":15,"key":"REST"}],"neow_cost":"NONE","seed_source_timestamp":39312761447553,"circlet_count":0,"master_deck":["Strike_B","Strike_B","Strike_B","Strike_B","Defend_B","Defend_B","Defend_B","Defend_B","Zap","Dualcast","Redo","Echo Form+1","Hologram","Self Repair","Conserve Battery","Streamline","BootSequence","Cold Snap","Go for the Eyes","Biased Cognition"],"relics":["Cracked Core","MawBank","PreservedInsect","Orichalcum","Busted Crown","Vajra"],"potions_floor_usage":[7,7,12,16,16,18],"damage_taken":[{"damage":5,"enemies":"Small Slimes","floor":1,"turns":3},{"damage":12,"enemies":"Jaw Worm","floor":2,"turns":3},{"damage":10,"enemies":"2 Louse","floor":3,"turns":3},{"damage":14,"enemies":"Blue Slaver","floor":4,"turns":4},{"damage":8,"enemies":"Large Slime","floor":5,"turns":7},{"damage":26,"enemies":"Exordium Thugs","floor":7,"turns":4},{"damage":13,"enemies":"Blue Slaver","floor":11,"turns":5},{"damage":49,"enemies":"Gremlin Nob","floor":12,"turns":5},{"damage":3,"enemies":"Looter","floor":13,"turns":3},{"damage":29,"enemies":"Hexaghost","floor":16,"turns":10},{"damage":19,"enemies":"2 Thieves","floor":18,"turns":4},{"damage":70,"enemies":"Masked Bandits","floor":20,"turns":3}],"seed_played":"3624673755932867902","potions_obtained":[{"floor":4,"key":"Explosive Potion"},{"floor":5,"key":"Fire Potion"},{"floor":11,"key":"Weak Potion"},{"floor":12,"key":"LiquidBronze"},{"floor":13,"key":"SkillPotion"},{"floor":16,"key":"Poison Potion"},{"floor":18,"key":"Fruit Juice"}],"is_trial":false,"path_per_floor":["M","M","M","M","M","R","M","R","T","R","M","E","M","?","R","B",null,"M","?","?"],"character_chosen":"DEFECT","items_purchased":[],"campfire_rested":3,"item_purchase_floors":[],"current_hp_per_floor":[70,58,48,34,40,40,21,43,43,65,59,10,14,14,36,14,75,68,68,0],"gold":534,"neow_bonus":"RANDOM_COMMON_RELIC","is_prod":false,"is_daily":false,"chose_seed":false,"campfire_upgraded":1,"win_rate":0,"timestamp":1544338825,"path_taken":["M","M","M","M","M","R","M","R","T","R","M","E","M","?","R","BOSS","M","?","?"],"build_version":"2018-12-06","purchased_purges":0,"victory":false,"max_hp_per_floor":[75,75,75,75,75,75,75,75,75,75,75,75,75,75,75,75,75,80,80,80],"card_choices":[{"not_picked":["Turbo","Streamline"],"picked":"Redo","floor":1},{"not_picked":["Redo","Cold Snap"],"picked":"Echo Form","floor":2},{"not_picked":["Rebound","Reprogram"],"picked":"Hologram","floor":3},{"not_picked":["Compile Driver","Genetic Algorithm"],"picked":"Self Repair","floor":4},{"not_picked":["Barrage","Machine Learning"],"picked":"Conserve Battery","floor":5},{"not_picked":["Turbo","Rip and Tear"],"picked":"Streamline","floor":7},{"not_picked":["Loop","Hologram"],"picked":"BootSequence","floor":11},{"not_picked":["Compile Driver","Blizzard"],"picked":"Cold Snap","floor":12},{"not_picked":["Compile Driver","Stack"],"picked":"Go for the Eyes","floor":13},{"not_picked":["Rainbow","Fission"],"picked":"Biased Cognition","floor":16},{"not_picked":["Beam Cell"],"picked":"SKIP","floor":18}],"player_experience":237007,"relics_obtained":[{"floor":9,"key":"PreservedInsect"},{"floor":12,"key":"Orichalcum"}],"event_choices":[{"damage_healed":0,"gold_gain":0,"player_choice":"Ignored","damage_taken":0,"max_hp_gain":0,"max_hp_loss":0,"event_name":"Shining Light","floor":14,"gold_loss":0},{"damage_healed":0,"gold_gain":0,"player_choice":"Obtained Relic","damage_taken":0,"relics_obtained":["Vajra"],"max_hp_gain":0,"max_hp_loss":0,"event_name":"Addict","floor":19,"gold_loss":85},{"damage_healed":0,"gold_gain":0,"player_choice":"Fought Bandits","damage_taken":0,"max_hp_gain":0,"max_hp_loss":0,"event_name":"Masked Bandits","floor":20,"gold_loss":0}],"is_beta":false,"boss_relics":[{"not_picked":["Snecko Eye","Runic Pyramid"],"picked":"Busted Crown"}],"items_purged_floors":[],"is_endless":false,"potions_floor_spawned":[4,5,11,12,13,16,18],"killed_by":"Masked Bandits","ascension_level":4}