{"gold_per_floor":[118,134,146,156,166,166,183,216,241,241,166,194,248,267,267,267],"floor_reached":16,"playtime":571,"items_purged":["Strike_R"],"score":114,"play_id":"b76cd4d9-9eb0-417f-8100-4a59f1fee261","local_time":"20181229132557","is_ascension_mode":false,"campfire_choices":[{"data":"Bash","floor":6.0,"key":"SMITH"},{"data":"Rampage","floor":10.0,"key":"SMITH"},{"data":"Limit Break","floor":15.0,"key":"SMITH"}],"neow_cost":"NONE","seed_source_timestamp":685382005999597,"circlet_count":0,"master_deck":["Strike_R","Strike_R","Strike_R","Strike_R","Defend_R","Defend_R","Defend_R","Defend_R","Bash+1","Thunderclap","True Grit","Juggernaut","Spot Weakness","Iron Wave","Heavy Blade","Rampage+1","Cleave","Limit Break+1"],"special_seed":0,"relics":["Burning Blood","NeowsBlessing","Bottled Flame","Bag of Preparation","Regal Pillow"],"potions_floor_usage":[16,16],"damage_taken":[{"damage":0.0,"enemies":"Cultist","floor":1.0,"turns":1.0},{"damage":0.0,"enemies":"Jaw Worm","floor":2.0,"turns":1.0},{"damage":0.0,"enemies":"2 Louse","floor":3.0,"turns":1.0},{"damage":9.0,"enemies":"2 Fungi Beasts","floor":4.0,"turns":4.0},{"damage":1.0,"enemies":"Exordium Wildlife","floor":5.0,"turns":2.0},{"damage":7.0,"enemies":"Lots of Slimes","floor":7.0,"turns":4.0},{"damage":24.0,"enemies":"Gremlin Nob","floor":8.0,"turns":4.0},{"damage":35.0,"enemies":"3 Sentries","floor":12.0,"turns":6.0},{"damage":12.0,"enemies":"Looter","floor":14.0,"turns":4.0},{"damage":27,"enemies":"The Guardian","floor":16,"turns":5}],"seed_played":"6361944622942540015","potions_obtained":[{"floor":2.0,"key":"Fruit Juice"},{"floor":4.0,"key":"Poison Potion"},{"floor":7.0,"key":"PowerPotion"},{"floor":12.0,"key":"GamblersBrew"}],"is_trial":false,"path_per_floor":["M","M","M","M","M","R","M","E","T","R","$","E","T","M","R","B"],"character_chosen":"IRONCLAD","items_purchased":[],"campfire_rested":0,"item_purchase_floors":[],"current_hp_per_floor":[80,80,80,82,85,85,84,66,66,66,66,37,37,31,31,4],"gold":267,"neow_bonus":"THREE_ENEMY_KILL","is_prod":false,"is_daily":false,"chose_seed":false,"campfire_upgraded":3,"win_rate":0,"timestamp":1546082757,"path_taken":["M","M","M","M","M","R","M","E","T","R","$","E","?","M","R","BOSS"],"build_version":"2018-12-20","purchased_purges":1,"victory":false,"max_hp_per_floor":[80,80,80,85,85,85,85,85,85,85,85,85,85,85,85,85],"card_choices":[{"not_picked":["Clothesline","Hemokinesis"],"picked":"Thunderclap","floor":1.0},{"not_picked":["Sword Boomerang","Hemokinesis"],"picked":"True Grit","floor":2.0},{"not_picked":["Intimidate","Shrug It Off"],"picked":"Juggernaut","floor":3.0},{"not_picked":["Second Wind","Burning Pact"],"picked":"Spot Weakness","floor":4.0},{"not_picked":["Perfected Strike","Reckless Charge"],"picked":"Iron Wave","floor":5.0},{"not_picked":["Clash","Pommel Strike"],"picked":"Heavy Blade","floor":7.0},{"not_picked":["Perfected Strike","Intimidate"],"picked":"Rampage","floor":8.0},{"not_picked":["Flex","Anger"],"picked":"Cleave","floor":12.0},{"not_picked":["Entrench","Heavy Blade"],"picked":"Limit Break","floor":14.0}],"player_experience":45610,"relics_obtained":[{"floor":8.0,"key":"Bottled Flame"},{"floor":12.0,"key":"Bag of Preparation"},{"floor":13.0,"key":"Regal Pillow"}],"event_choices":[],"is_beta":false,"boss_relics":[],"items_purged_floors":[11],"is_endless":false,"potions_floor_spawned":[2,4,7,12],"killed_by":"The Guardian","ascension_level":0}