{"gold_per_floor":[115,133,50,67,91,91,124,124,198,217,39,51,61,80,80,175,225,240,240,260,260,260,260,270,286,338,338,13,13,13,29,29,128,128,140,140,156,169,169],"floor_reached":39,"playtime":2894,"items_purged":[],"score":597,"play_id":"306fb96e-26f3-4c85-a964-492925e561bc","local_time":"20190108171438","is_ascension_mode":true,"campfire_choices":[{"floor":6.0,"key":"REST"},{"floor":8.0,"key":"REST"},{"floor":15.0,"key":"REST"},{"data":"Storm of Steel","floor":23.0,"key":"SMITH"},{"floor":27.0,"key":"REST"},{"data":"Dash","floor":29.0,"key":"SMITH"},{"data":"Footwork","floor":32.0,"key":"SMITH"}],"neow_cost":"NONE","seed_source_timestamp":0,"circlet_count":0,"master_deck":["AscendersBane","Defend_G","Defend_G","Defend_G","Defend_G","Defend_G","Strike_G","Strike_G","Strike_G","Strike_G","Survivor","Neutralize","Cloak And Dagger+1","Footwork+1","Underhanded Strike","Noxious Fumes","Skewer","Dash+1","Storm of Steel+1","Leg Sweep","Night Terror+1","Infinite Blades","Footwork+1","Noxious Fumes","Noxious Fumes","Die Die Die","PiercingWail"],"special_seed":0,"relics":["Snecko Eye","Lantern","Strawberry","The Courier","Tiny House","War Paint","Orichalcum","WristBlade"],"potions_floor_usage":[38,38],"damage_taken":[{"damage":5.0,"enemies":"Cultist","floor":1.0,"turns":4.0},{"damage":13.0,"enemies":"Jaw Worm","floor":2.0,"turns":7.0},{"damage":5.0,"enemies":"Small Slimes","floor":4.0,"turns":4.0},{"damage":46.0,"enemies":"Gremlin Nob","floor":7.0,"turns":6.0},{"damage":15.0,"enemies":"Exordium Thugs","floor":10.0,"turns":7.0},{"damage":0.0,"enemies":"Red Slaver","floor":12.0,"turns":4.0},{"damage":0.0,"enemies":"Lots of Slimes","floor":13.0,"turns":3.0},{"damage":2.0,"enemies":"Looter","floor":14.0,"turns":3.0},{"damage":11.0,"enemies":"Slime Boss","floor":16.0,"turns":12.0},{"damage":29.0,"enemies":"Chosen","floor":18.0,"turns":6.0},{"damage":8.0,"enemies":"Colosseum Slavers","floor":19.0,"turns":6.0},{"damage":0.0,"enemies":"Spheric Guardian","floor":20.0,"turns":4.0},{"damage":12.0,"enemies":"Snake Plant","floor":24.0,"turns":7.0},{"damage":2.0,"enemies":"Centurion and Healer","floor":25.0,"turns":6.0},{"damage":1.0,"enemies":"Snecko","floor":31.0,"turns":8.0},{"damage":6.0,"enemies":"Automaton","floor":33.0,"turns":12.0},{"damage":40.0,"enemies":"3 Darklings","floor":35.0,"turns":7.0},{"damage":27,"enemies":"Orb Walker","floor":37,"turns":5},{"damage":4,"enemies":"Maw","floor":38,"turns":9},{"damage":17,"enemies":"Jaw Worm Horde","floor":39,"turns":3}],"seed_played":"-3605007355112520435","potions_obtained":[{"floor":4.0,"key":"Ancient Potion"},{"floor":10.0,"key":"Ancient Potion"},{"floor":12.0,"key":"Swift Potion"},{"floor":20.0,"key":"Strength Potion"},{"floor":33.0,"key":"Weak Potion"},{"floor":37,"key":"GhostInAJar"}],"is_trial":false,"path_per_floor":["M","M","$","M","T","R","E","R","T","M","$","M","M","M","R","B",null,"M","?","M","?","?","R","M","M","T","R","$","R","$","M","R","B",null,"M","?","M","M","M"],"character_chosen":"THE_SILENT","items_purchased":["Footwork","Underhanded Strike","Dash","Storm of Steel","Leg Sweep","Orichalcum","Infinite Blades","Footwork","Noxious Fumes","Noxious Fumes"],"campfire_rested":4,"item_purchase_floors":[3,3,11,11,11,28,28,28,28,28],"current_hp_per_floor":[58,45,45,40,40,61,22,45,45,30,30,30,30,28,51,40,73,44,36,36,36,63,63,51,49,49,73,73,73,73,72,72,66,78,38,38,11,7,0],"gold":169,"neow_bonus":"BOSS_RELIC","is_prod":false,"is_daily":false,"chose_seed":false,"campfire_upgraded":3,"win_rate":0,"timestamp":1546985678,"path_taken":["M","M","$","M","?","R","E","R","T","M","$","?","M","M","R","BOSS","M","?","M","?","?","R","M","?","T","R","$","R","?","?","R","BOSS","M","?","M","M","M"],"build_version":"2019-01-03v4","purchased_purges":0,"victory":false,"max_hp_per_floor":[70,70,70,70,70,70,77,77,77,77,77,77,77,77,77,77,82,82,82,82,82,82,82,82,82,82,82,82,82,82,82,82,82,82,82,82,82,82,82],"card_choices":[{"not_picked":["Outmaneuver","Blade Dance","Catalyst"],"picked":"SKIP","floor":1.0},{"not_picked":["Backflip","Acrobatics"],"picked":"Cloak And Dagger","floor":2.0},{"not_picked":["Poisoned Stab","Slice"],"picked":"Noxious Fumes","floor":4.0},{"not_picked":["Well Laid Plans","Blade Dance"],"picked":"Skewer","floor":7.0},{"not_picked":["PiercingWail","Blade Dance","Quick Slash"],"picked":"SKIP","floor":10.0},{"not_picked":["Deadly Poison","All Out Attack","Dodge and Roll"],"picked":"SKIP","floor":12.0},{"not_picked":["Flying Knee","Sucker Punch","Storm of Steel"],"picked":"SKIP","floor":13.0},{"not_picked":["Sucker Punch","Cloak And Dagger","Dagger Throw"],"picked":"SKIP","floor":14.0},{"not_picked":["Envenom","Die Die Die"],"picked":"Night Terror","floor":16.0},{"not_picked":["Acrobatics","Deadly Poison+1","Infinite Blades"],"picked":"SKIP","floor":18.0},{"not_picked":["Quick Slash","Flechettes+1","Acrobatics"],"picked":"SKIP","floor":20.0},{"not_picked":["Blade Dance","Tactician+1","Sucker Punch"],"picked":"SKIP","floor":24.0},{"not_picked":["Sucker Punch","Underhanded Strike+1","Catalyst"],"picked":"SKIP","floor":25.0},{"not_picked":["Backflip","Setup","Cloak And Dagger"],"picked":"SKIP","floor":31.0},{"not_picked":["Adrenaline","Unload"],"picked":"Die Die Die","floor":33.0},{"not_picked":["Cloak And Dagger","Prepared+1","Blade Dance"],"picked":"SKIP","floor":35.0},{"not_picked":["Slice+1","Prepared+1","Poisoned Stab"],"picked":"SKIP","floor":37},{"not_picked":["Blade Dance","Dagger Throw+1"],"picked":"PiercingWail","floor":38}],"player_experience":353292,"relics_obtained":[{"floor":5.0,"key":"Lantern"},{"floor":7.0,"key":"Strawberry"},{"floor":9.0,"key":"The Courier"},{"floor":26.0,"key":"War Paint"}],"event_choices":[{"damage_healed":0.0,"max_hp_gain":0.0,"max_hp_loss":0.0,"gold_gain":0.0,"event_name":"Colosseum","player_choice":"Fight","floor":19.0,"gold_loss":0.0,"damage_taken":0.0},{"damage_healed":0.0,"max_hp_gain":0.0,"max_hp_loss":0.0,"gold_gain":0.0,"event_name":"Colosseum","player_choice":"Fled From Nobs","floor":19.0,"gold_loss":0.0,"damage_taken":0.0},{"damage_healed":0.0,"max_hp_gain":0.0,"max_hp_loss":0.0,"gold_gain":0.0,"event_name":"Beggar","player_choice":"Ignored","floor":21.0,"gold_loss":0.0,"damage_taken":0.0},{"damage_healed":27.0,"max_hp_gain":0.0,"max_hp_loss":0.0,"gold_gain":0.0,"event_name":"The Library","player_choice":"Heal","floor":22.0,"gold_loss":0.0,"damage_taken":0.0},{"cards_removed":["Strike_G"],"damage_healed":0.0,"max_hp_gain":0.0,"max_hp_loss":0.0,"gold_gain":0.0,"event_name":"Falling","player_choice":"Removed Attack","floor":36.0,"gold_loss":0.0,"damage_taken":0.0}],"is_beta":false,"boss_relics":[{"not_picked":["Velvet Choker","Lizard Tail"],"picked":"Tiny House"},{"not_picked":["Black Star","Calling Bell"],"picked":"WristBlade"}],"items_purged_floors":[],"is_endless":false,"potions_floor_spawned":[4,10,12,13,18,20,24,33,35,37],"killed_by":"Jaw Worm Horde","ascension_level":11}