{"gold_per_floor":[112,112,112,124,139,139,170,170,170,50,69,12,30,30,30,133,133,146,157,172,182,107,107,136,136,181,181,121,121,156,173,173,272,272,291,150,168,7,27,27,27,27,50,50,69,69,83,0,0,0],"floor_reached":51,"playtime":1293,"items_purged":["Strike_R","Defend_R"],"score":685,"play_id":"9b429325-81b4-46da-b2b2-b302146b578b","local_time":"20190220041248","is_ascension_mode":false,"campfire_choices":[{"data":"Iron Wave","floor":6.0,"key":"SMITH"},{"data":"Disarm","floor":8.0,"key":"SMITH"},{"data":"Limit Break","floor":15.0,"key":"SMITH"},{"floor":23.0,"key":"REST"},{"floor":27,"key":"REST"},{"floor":29,"key":"REST"},{"floor":32,"key":"REST"},{"floor":40,"key":"REST"},{"data":"Whirlwind","floor":42,"key":"SMITH"},{"floor":44,"key":"REST"},{"data":"Metallicize","floor":49,"key":"SMITH"}],"neow_cost":"NONE","seed_source_timestamp":38035323498214,"circlet_count":0,"master_deck":["Bash","Iron Wave+1","Battle Trance","Pommel Strike","Spot Weakness","Disarm+1","Limit Break+1","Whirlwind+1","Whirlwind","Clothesline","Exhume","Shrug It Off+1","Armaments+1","Metallicize+1","Offering","Pummel","Shockwave+1","Bludgeon+1","Demon Form+1","Seeing Red+1","Pummel","Flame Barrier+1","Limit Break+1","Heavy Blade+1","Iron Wave+1","Writhe","Shrug It Off+1"],"special_seed":0,"relics":["Runic Cube","Pantograph","The Courier","Philosopher\u0027s Stone","Incense Burner","Vajra","Dream Catcher","Astrolabe","DollysMirror","Bronze Scales","Red Mask"],"potions_floor_usage":[24,24,33,50],"damage_taken":[{"damage":0.0,"enemies":"Small Slimes","floor":1.0,"turns":4.0},{"damage":1.0,"enemies":"Jaw Worm","floor":4.0,"turns":4.0},{"damage":1.0,"enemies":"Cultist","floor":5.0,"turns":3.0},{"damage":14.0,"enemies":"Gremlin Nob","floor":7.0,"turns":4.0},{"damage":0.0,"enemies":"Looter","floor":11.0,"turns":5.0},{"damage":0.0,"enemies":"Gremlin Gang","floor":13.0,"turns":1.0},{"damage":24.0,"enemies":"Hexaghost","floor":16.0,"turns":10.0},{"damage":14.0,"enemies":"Shell Parasite","floor":18.0,"turns":4.0},{"damage":8.0,"enemies":"3 Byrds","floor":19.0,"turns":3.0},{"damage":3.0,"enemies":"Snake Plant","floor":20.0,"turns":5.0},{"damage":10.0,"enemies":"Centurion and Healer","floor":21.0,"turns":5.0},{"damage":51,"enemies":"Slavers","floor":24,"turns":4},{"damage":23,"enemies":"Gremlin Leader","floor":30,"turns":6},{"damage":19,"enemies":"Sentry and Sphere","floor":31,"turns":5},{"damage":19,"enemies":"Collector","floor":33,"turns":7},{"damage":7,"enemies":"3 Darklings","floor":35,"turns":2},{"damage":10,"enemies":"Orb Walker","floor":37,"turns":2},{"damage":33,"enemies":"Spire Growth","floor":39,"turns":4},{"damage":18,"enemies":"Maw","floor":45,"turns":6},{"damage":5,"enemies":"Sphere and 2 Shapes","floor":47,"turns":4},{"damage":20,"enemies":"Time Eater","floor":50,"turns":4}],"seed_played":"-7270959453714278374","potions_obtained":[{"floor":4.0,"key":"FearPotion"},{"floor":11.0,"key":"Strength Potion"},{"floor":16.0,"key":"Swift Potion"},{"floor":19.0,"key":"FearPotion"},{"floor":20.0,"key":"Weak Potion"},{"floor":21.0,"key":"Swift Potion"},{"floor":30,"key":"PowerPotion"},{"floor":35,"key":"SteroidPotion"}],"is_trial":false,"path_per_floor":["M","?","?","M","M","R","E","R","T","$","M","$","M","?","R","B",null,"M","M","M","M","?","R","E","?","T","R","$","R","E","M","R","B",null,"M","$","M","$","M","R","?","R","T","R","M","?","M","?","R","B",null],"character_chosen":"IRONCLAD","items_purchased":["Limit Break","Whirlwind","Pummel","DollysMirror"],"campfire_rested":6,"item_purchase_floors":[10,12,36,38],"current_hp_per_floor":[80,80,80,79,78,78,64,64,64,64,64,64,64,64,64,56,80,66,58,55,45,45,69,18,18,18,42,42,66,43,24,48,54,80,73,73,63,63,30,54,54,54,54,78,60,80,75,75,75,60],"gold":0,"neow_bonus":"BOSS_RELIC","is_prod":false,"is_daily":false,"chose_seed":false,"campfire_upgraded":5,"win_rate":0,"timestamp":1550657568,"path_taken":["M","?","?","M","?","R","E","R","T","$","M","$","M","?","R","BOSS","M","?","M","M","?","R","E","?","T","R","$","R","E","M","R","BOSS","M","$","M","$","M","R","?","R","T","R","M","?","M","?","R","BOSS"],"build_version":"2019-01-23","purchased_purges":2,"victory":true,"max_hp_per_floor":[80,80,80,80,80,80,80,80,80,80,80,80,80,80,80,80,80,80,80,80,80,80,80,80,80,80,80,80,80,80,80,80,80,80,80,80,80,80,80,80,80,80,80,80,80,80,80,80,80,80],"card_choices":[{"not_picked":["Anger","Cleave"],"picked":"Iron Wave","floor":1.0},{"not_picked":["Hemokinesis","Evolve"],"picked":"Pommel Strike","floor":4.0},{"not_picked":["Fire Breathing","Seeing Red"],"picked":"Spot Weakness","floor":5.0},{"not_picked":["Inflame","Headbutt"],"picked":"Disarm","floor":7.0},{"not_picked":["Berserk","Warcry","Havoc"],"picked":"SKIP","floor":11.0},{"not_picked":["Iron Wave","True Grit"],"picked":"Whirlwind","floor":13.0},{"not_picked":["Feed","Juggernaut"],"picked":"Exhume","floor":16.0},{"not_picked":["Clothesline","Body Slam"],"picked":"Headbutt","floor":18.0},{"not_picked":["Iron Wave+1","Uppercut+1"],"picked":"Shrug It Off+1","floor":19.0},{"not_picked":["Carnage+1","Thunderclap"],"picked":"Armaments+1","floor":20.0},{"not_picked":["Clothesline+1","Second Wind"],"picked":"Metallicize","floor":21.0},{"not_picked":["Rage","Entrench+1"],"picked":"Offering","floor":24},{"not_picked":["Feel No Pain","Twin Strike","Body Slam"],"picked":"SKIP","floor":30},{"not_picked":["Ghostly Armor","Wild Strike"],"picked":"Pummel","floor":31},{"not_picked":["Fire Breathing+1","Perfected Strike"],"picked":"Shockwave+1","floor":32},{"not_picked":["Searing Blow","Warcry+1","Perfected Strike+1"],"picked":"SKIP","floor":35},{"not_picked":["Armaments+1","Clothesline"],"picked":"Flame Barrier+1","floor":37},{"not_picked":["Anger+1","Heavy Blade+1","Inflame"],"picked":"SKIP","floor":39},{"not_picked":["Anger+1","Inflame"],"picked":"Heavy Blade+1","floor":39},{"not_picked":["Rage","Anger"],"picked":"Iron Wave+1","floor":44},{"not_picked":["Clash+1","Armaments","Twin Strike+1"],"picked":"SKIP","floor":45},{"not_picked":["Shrug It Off+1","Warcry","Clash+1"],"picked":"SKIP","floor":47},{"not_picked":["Warcry","Clash+1"],"picked":"Shrug It Off+1","floor":47}],"player_experience":915064,"relics_obtained":[{"floor":7.0,"key":"Pantograph"},{"floor":9.0,"key":"The Courier"},{"floor":24,"key":"Incense Burner"},{"floor":26,"key":"Vajra"},{"floor":30,"key":"Dream Catcher"},{"floor":43,"key":"Bronze Scales"}],"event_choices":[{"damage_healed":0.0,"max_hp_gain":0.0,"max_hp_loss":0.0,"gold_gain":0.0,"cards_transformed":["Strike_R"],"event_name":"Living Wall","player_choice":"Change","floor":2.0,"gold_loss":0.0,"damage_taken":0.0,"cards_obtained":["Battle Trance"]},{"damage_healed":0.0,"max_hp_gain":0.0,"max_hp_loss":0.0,"gold_gain":0.0,"event_name":"NoteForYourself","player_choice":"Ignored","floor":3.0,"gold_loss":0.0,"damage_taken":0.0},{"damage_healed":0.0,"max_hp_gain":0.0,"max_hp_loss":0.0,"gold_gain":0.0,"cards_transformed":["Strike_R"],"event_name":"Transmorgrifier","player_choice":"Transformed","floor":14.0,"gold_loss":0.0,"damage_taken":0.0,"cards_obtained":["Clothesline"]},{"cards_removed":["Strike_R"],"damage_healed":0.0,"max_hp_gain":0.0,"max_hp_loss":0.0,"gold_gain":0.0,"event_name":"Beggar","player_choice":"Gave Gold","floor":22.0,"gold_loss":75.0,"damage_taken":0.0},{"cards_removed":["Defend_R"],"damage_healed":0,"gold_gain":0,"player_choice":"Elegance","damage_taken":0,"max_hp_gain":0,"max_hp_loss":0,"event_name":"Back to Basics","floor":25,"gold_loss":0},{"cards_removed":["Headbutt"],"damage_healed":0,"gold_gain":0,"player_choice":"Removed Attack","damage_taken":0,"max_hp_gain":0,"max_hp_loss":0,"event_name":"Falling","floor":41,"gold_loss":0},{"damage_healed":20,"gold_gain":0,"player_choice":"Writhe","damage_taken":0,"max_hp_gain":0,"max_hp_loss":0,"event_name":"Winding Halls","floor":46,"gold_loss":0,"cards_obtained":["Writhe"]},{"damage_healed":0,"gold_gain":0,"player_choice":"Paid","damage_taken":0,"relics_obtained":["Red Mask"],"max_hp_gain":0,"max_hp_loss":0,"event_name":"Tomb of Lord Red Mask","floor":48,"gold_loss":83}],"is_beta":false,"boss_relics":[{"not_picked":["Runic Dome","Tiny House"],"picked":"Philosopher\u0027s Stone"},{"not_picked":["Black Star","White Beast Statue"],"picked":"Astrolabe"}],"items_purged_floors":[28,36],"is_endless":false,"potions_floor_spawned":[4,11,16,19,20,21,30,35],"ascension_level":0}