{"gold_per_floor":[116,131,131,145,158,183,183,217,217,217,237,237,237,263,263,362,362,372,384,395,395,395,395,406,406,406,422,433,433,451,461,461,559,559,571,468,487,487,52,52,65,65,65,82,82,101,101],"floor_reached":47,"playtime":4082,"items_purged":[],"score":476,"play_id":"6edbc79b-1542-4096-8cab-63b0a4238b20","local_time":"20181107223801","is_ascension_mode":false,"campfire_choices":[{"floor":7,"key":"REST"},{"floor":10,"key":"REST"},{"floor":12,"key":"REST"},{"floor":15,"key":"REST"},{"floor":23,"key":"REST"},{"data":"Storm","floor":25,"key":"SMITH"},{"data":"Storm","floor":29,"key":"SMITH"},{"floor":32,"key":"REST"},{"data":"Machine Learning","floor":40,"key":"SMITH"},{"data":"Echo Form","floor":42,"key":"SMITH"},{"data":"Hello World","floor":45,"key":"SMITH"}],"neow_cost":"PERCENT_DAMAGE","seed_source_timestamp":120694714487660,"circlet_count":0,"master_deck":["Strike_B","Strike_B","Strike_B","Defend_B","Defend_B","Defend_B","Zap","Dualcast","Echo Form","Sweeping Beam","BootSequence","Hello World+1","Recycle","Storm+1","Steam Power","Compile Driver","Sunder","Machine Learning+1","Self Repair","Turbo","Storm+1","Steam+1","Hologram","Auto Shields+1","Self Repair+1","Echo Form+1","Beam Cell","Aggregate","Self Repair","Skim+1","Steam Power","Force Field","FTL","Writhe","Fusion+1","Static Discharge+1"],"relics":["Cracked Core","Bottled Lightning","Gremlin Horn","Pear","Sundial","Lizard Tail","GremlinMask","Letter Opener","Cursed Key","Pantograph","Toxic Egg 2"],"potions_floor_usage":[6,6,19,19,20,33,33,33,46,47],"damage_taken":[{"damage":8,"enemies":"Jaw Worm","floor":1,"turns":4},{"damage":8,"enemies":"Small Slimes","floor":2,"turns":3},{"damage":10,"enemies":"Cultist","floor":4,"turns":5},{"damage":10,"enemies":"Blue Slaver","floor":5,"turns":4},{"damage":6,"enemies":"3 Sentries","floor":6,"turns":7},{"damage":34,"enemies":"Gremlin Nob","floor":8,"turns":5},{"damage":21,"enemies":"Lots of Slimes","floor":11,"turns":4},{"damage":17,"enemies":"3 Sentries","floor":14,"turns":4},{"damage":46,"enemies":"Hexaghost","floor":16,"turns":11},{"damage":45,"enemies":"3 Byrds","floor":18,"turns":5},{"damage":14,"enemies":"Shell Parasite","floor":19,"turns":5},{"damage":33,"enemies":"Snake Plant","floor":20,"turns":5},{"damage":29,"enemies":"Sentry and Sphere","floor":24,"turns":4},{"damage":12,"enemies":"Centurion and Healer","floor":27,"turns":5},{"damage":5,"enemies":"Chosen and Byrds","floor":28,"turns":4},{"damage":29,"enemies":"Snake Plant","floor":30,"turns":4},{"damage":2,"enemies":"Centurion and Healer","floor":31,"turns":4},{"damage":55,"enemies":"Automaton","floor":33,"turns":12},{"damage":35,"enemies":"3 Shapes","floor":35,"turns":4},{"damage":7,"enemies":"Orb Walker","floor":37,"turns":3},{"damage":10,"enemies":"Sphere and 2 Shapes","floor":41,"turns":4},{"damage":32,"enemies":"Spire Growth","floor":44,"turns":4},{"damage":30,"enemies":"3 Darklings","floor":46,"turns":3},{"damage":54,"enemies":"Giant Head","floor":47,"turns":7}],"seed_played":"5863980964140916187","potions_obtained":[{"floor":2,"key":"SkillPotion"},{"floor":4,"key":"FocusPotion"},{"floor":8,"key":"Swift Potion"},{"floor":11,"key":"GamblersBrew"},{"floor":19,"key":"EssenceOfSteel"},{"floor":24,"key":"SpeedPotion"},{"floor":28,"key":"Swift Potion"},{"floor":30,"key":"Dexterity Potion"},{"floor":33,"key":"LiquidBronze"},{"floor":41,"key":"Swift Potion"},{"floor":44,"key":"Regen Potion"},{"floor":46,"key":"LiquidBronze"}],"is_trial":false,"path_per_floor":["M","M","?","M","M","E","R","E","T","R","M","R","?","E","R","B",null,"M","M","M","?","?","R","M","R","T","M","M","R","M","M","R","B",null,"M","$","M","?","$","R","M","R","T","M","R","M","E"],"character_chosen":"DEFECT","items_purchased":["Aggregate","Self Repair","Steam Power","Pantograph","Force Field","FTL"],"campfire_rested":6,"item_purchase_floors":[36,36,39,39,39,39],"current_hp_per_floor":[46,38,63,53,43,37,59,25,35,60,39,64,64,47,72,26,85,40,33,49,49,49,74,52,52,52,54,63,63,41,46,71,40,85,70,70,85,85,85,85,85,85,85,77,77,54,0],"gold":101,"neow_bonus":"THREE_RARE_CARDS","is_prod":false,"is_daily":false,"chose_seed":false,"campfire_upgraded":5,"win_rate":0,"timestamp":1541648281,"path_taken":["M","M","?","M","M","E","R","E","T","R","M","R","?","E","R","BOSS","M","M","M","?","?","R","M","R","T","M","M","R","M","M","R","BOSS","M","$","?","?","$","R","M","R","T","M","R","M","E"],"build_version":"2018-11-01","purchased_purges":0,"victory":false,"max_hp_per_floor":[75,75,75,75,75,75,75,75,85,85,85,85,85,85,85,85,85,85,85,85,85,85,85,85,85,85,85,85,85,85,85,85,85,85,85,85,85,85,85,85,85,85,85,85,85,85,85],"card_choices":[{"not_picked":["Meteor Strike","Thunder Strike"],"picked":"Echo Form","floor":0},{"not_picked":["BootSequence","Rip and Tear"],"picked":"Sweeping Beam","floor":1},{"not_picked":["Gash","Reprogram"],"picked":"BootSequence","floor":2},{"not_picked":["Chill","Heatsinks"],"picked":"Hello World","floor":4},{"not_picked":["Gash","Steam"],"picked":"Recycle","floor":5},{"not_picked":["FTL","Gash"],"picked":"Storm","floor":6},{"not_picked":["Scrape","Defragment"],"picked":"Steam Power","floor":8},{"not_picked":["Reprogram","Redo"],"picked":"Compile Driver","floor":11},{"not_picked":["Redo","Scrape"],"picked":"Sunder","floor":14},{"not_picked":["Rainbow","All For One"],"picked":"Machine Learning","floor":16},{"not_picked":["Compile Driver+1","Barrage"],"picked":"Self Repair","floor":18},{"not_picked":["Aggregate","Streamline+1"],"picked":"Turbo","floor":19},{"not_picked":["Leap","Melter","Redo"],"picked":"SKIP","floor":20},{"not_picked":["Capacitor","Barrage+1"],"picked":"Steam+1","floor":24},{"not_picked":["Leap","Stack","Barrage"],"picked":"SKIP","floor":27},{"not_picked":["Genetic Algorithm","All For One"],"picked":"Hologram","floor":28},{"not_picked":["Go for the Eyes+1","Sweeping Beam"],"picked":"Auto Shields+1","floor":30},{"not_picked":["Barrage","Ball Lightning"],"picked":"Self Repair+1","floor":31},{"not_picked":["Hyperbeam","Multi-Cast"],"picked":"Echo Form","floor":33},{"not_picked":["Redo","Leap+1"],"picked":"Beam Cell","floor":35},{"not_picked":["Sunder+1","Sweeping Beam+1"],"picked":"Skim+1","floor":37},{"not_picked":["Steam","Chill+1","Redo"],"picked":"SKIP","floor":41},{"not_picked":["Melter+1","Barrage+1"],"picked":"Fusion+1","floor":44},{"not_picked":["Redo+1","Conserve Battery+1"],"picked":"Static Discharge+1","floor":46}],"player_experience":36253,"relics_obtained":[{"floor":6,"key":"Bottled Lightning"},{"floor":8,"key":"Gremlin Horn"},{"floor":9,"key":"Pear"},{"floor":14,"key":"Sundial"},{"floor":26,"key":"Letter Opener"},{"floor":43,"key":"Toxic Egg 2"}],"event_choices":[{"damage_healed":25,"gold_gain":0,"player_choice":"Banana","damage_taken":0,"max_hp_gain":0,"max_hp_loss":0,"event_name":"Big Fish","floor":3,"gold_loss":0},{"cards_removed":["Strike_B"],"damage_healed":0,"gold_gain":0,"player_choice":"Purged","damage_taken":0,"max_hp_gain":0,"max_hp_loss":0,"event_name":"Purifier","floor":13,"gold_loss":0},{"damage_healed":0,"gold_gain":0,"player_choice":"Read","damage_taken":0,"max_hp_gain":0,"max_hp_loss":0,"event_name":"The Library","floor":21,"gold_loss":0,"cards_obtained":["Storm"]},{"damage_healed":0,"gold_gain":0,"player_choice":"Trade","damage_taken":0,"relics_obtained":["GremlinMask"],"max_hp_gain":0,"max_hp_loss":0,"event_name":"FaceTrader","floor":22,"gold_loss":0},{"cards_removed":["Defend_B"],"damage_healed":0,"gold_gain":0,"player_choice":"Removed Skill","damage_taken":0,"max_hp_gain":0,"max_hp_loss":0,"event_name":"Falling","floor":38,"gold_loss":0}],"is_beta":false,"boss_relics":[{"not_picked":["FrozenCore","Sozu"],"picked":"Lizard Tail"},{"not_picked":["Eternal Feather","Coffee Dripper"],"picked":"Cursed Key"}],"items_purged_floors":[],"is_endless":false,"potions_floor_spawned":[2,4,8,11,19,24,28,30,33,41,44,46],"killed_by":"Giant Head","ascension_level":0}