{"gold_per_floor":[110,110,126,139,139,164,174,174,226,226,257,272,282,282,282,378,378,394,394,411,425,193,193,211,60,86,86,106,106],"floor_reached":29,"playtime":1479,"items_purged":[],"score":301,"play_id":"d188aca8-5a68-40cd-81b8-1838567b6d80","local_time":"20181228144445","is_ascension_mode":true,"campfire_choices":[{"data":"Zap","floor":8.0,"key":"SMITH"},{"data":"Loop","floor":10.0,"key":"SMITH"},{"floor":15.0,"key":"REST"},{"floor":23.0,"key":"REST"},{"floor":27.0,"key":"REST"}],"neow_cost":"NONE","seed_source_timestamp":603225363727627,"circlet_count":0,"master_deck":["Strike_B","Strike_B","Defend_B+1","Defend_B+1","Defend_B","Zap+1","Dualcast","Go for the Eyes+1","Beam Cell+1","Loop+1","Conserve Battery","Rainbow","Redo","Sweeping Beam","Creative AI+1","Machine Learning+1","Aggregate+1","Hello World+1","Hologram+1","Conserve Battery","Loop+1","Self Repair","Cold Snap","Sunder+1"],"special_seed":0,"relics":["Cracked Core","NeowsBlessing","Bottled Lightning","Strawberry","Omamori","Astrolabe","Membership Card","StoneCalendar","Oddly Smooth Stone"],"potions_floor_usage":[],"damage_taken":[{"damage":0.0,"enemies":"Small Slimes","floor":1.0,"turns":1.0},{"damage":0.0,"enemies":"Jaw Worm","floor":3.0,"turns":1.0},{"damage":0.0,"enemies":"Cultist","floor":4.0,"turns":1.0},{"damage":29.0,"enemies":"Lagavulin","floor":6.0,"turns":8.0},{"damage":4.0,"enemies":"Looter","floor":7.0,"turns":3.0},{"damage":14.0,"enemies":"3 Sentries","floor":11.0,"turns":8.0},{"damage":0.0,"enemies":"Large Slime","floor":12.0,"turns":5.0},{"damage":4.0,"enemies":"Gremlin Gang","floor":13.0,"turns":5.0},{"damage":0.0,"enemies":"Slime Boss","floor":16.0,"turns":8.0},{"damage":16.0,"enemies":"3 Byrds","floor":18.0,"turns":5.0},{"damage":14.0,"enemies":"Shell Parasite","floor":20.0,"turns":6.0},{"damage":39.0,"enemies":"Centurion and Healer","floor":21.0,"turns":9.0},{"damage":29.0,"enemies":"Shelled Parasite and Fungi","floor":24.0,"turns":7.0},{"damage":16.0,"enemies":"Sentry and Sphere","floor":28.0,"turns":6.0},{"damage":43,"enemies":"Gremlin Leader","floor":29,"turns":3}],"seed_played":"4431095537465495407","potions_obtained":[{"floor":3.0,"key":"Fire Potion"},{"floor":4.0,"key":"FocusPotion"},{"floor":11.0,"key":"PowerPotion"},{"floor":18.0,"key":"FearPotion"},{"floor":28.0,"key":"Poison Potion"}],"is_trial":false,"path_per_floor":["M","?","M","M","?","E","M","R","T","R","E","M","M","?","R","B",null,"M","?","M","M","$","R","M","$","T","R","M","E"],"character_chosen":"DEFECT","items_purchased":["Membership Card","Self Repair","StoneCalendar"],"campfire_rested":3,"item_purchase_floors":[22,22,25],"current_hp_per_floor":[75,60,60,60,60,31,27,27,34,34,20,20,16,16,40,40,82,66,66,52,13,13,37,15,15,15,39,30,0],"gold":106,"neow_bonus":"THREE_ENEMY_KILL","is_prod":false,"is_daily":false,"chose_seed":false,"campfire_upgraded":2,"win_rate":0,"timestamp":1546001085,"path_taken":["M","?","M","M","?","E","M","R","T","R","E","?","M","?","R","BOSS","M","?","M","?","$","R","M","$","T","R","M","E"],"build_version":"2018-12-20","purchased_purges":0,"victory":false,"max_hp_per_floor":[75,75,75,75,75,75,75,75,82,82,82,82,82,82,82,82,82,82,82,82,82,82,82,82,82,82,82,82,82],"card_choices":[{"not_picked":["Coolheaded","Steam"],"picked":"Go for the Eyes","floor":1.0},{"not_picked":["Aggregate","Turbo","Force Field"],"picked":"SKIP","floor":3.0},{"not_picked":["BootSequence","Thunder Strike"],"picked":"Beam Cell","floor":4.0},{"not_picked":["Loop","Cold Snap","Streamline"],"picked":"SKIP","floor":6.0},{"not_picked":["Cold Snap","Streamline"],"picked":"Loop","floor":6.0},{"not_picked":["Beam Cell","Gash"],"picked":"Conserve Battery","floor":7.0},{"not_picked":["Darkness","Sunder"],"picked":"Rainbow","floor":11.0},{"not_picked":["Heatsinks","Rebound"],"picked":"Redo","floor":12.0},{"not_picked":["Blizzard","Tempest"],"picked":"Sweeping Beam","floor":13.0},{"not_picked":["Meteor Strike","Biased Cognition"],"picked":"Creative AI","floor":16.0},{"not_picked":["Go for the Eyes+1","Lockon"],"picked":"Hologram+1","floor":18.0},{"not_picked":["Streamline","Skim"],"picked":"Conserve Battery","floor":20.0},{"not_picked":["Compile Driver","Stack"],"picked":"Loop+1","floor":21.0},{"not_picked":["Doom and Gloom","Gash+1"],"picked":"Cold Snap","floor":24.0},{"not_picked":["Loop+1","Creative AI"],"picked":"Sunder+1","floor":28.0}],"player_experience":36588,"relics_obtained":[{"floor":6.0,"key":"Bottled Lightning"},{"floor":9.0,"key":"Strawberry"},{"floor":11.0,"key":"Omamori"},{"floor":26.0,"key":"Oddly Smooth Stone"}],"event_choices":[{"damage_healed":0.0,"max_hp_gain":0.0,"max_hp_loss":0.0,"gold_gain":0.0,"event_name":"Shining Light","player_choice":"Entered Light","floor":2.0,"gold_loss":0.0,"damage_taken":15.0,"cards_upgraded":["Defend_B","Defend_B"]},{"damage_healed":0.0,"max_hp_gain":0.0,"max_hp_loss":0.0,"gold_gain":0.0,"event_name":"Accursed Blacksmith","player_choice":"Forge","floor":5.0,"gold_loss":0.0,"damage_taken":0.0,"cards_upgraded":["Go for the Eyes"]},{"damage_healed":0.0,"max_hp_gain":0.0,"max_hp_loss":0.0,"gold_gain":0.0,"event_name":"Living Wall","player_choice":"Grow","floor":14.0,"gold_loss":0.0,"damage_taken":0.0,"cards_upgraded":["Beam Cell"]},{"damage_healed":0.0,"max_hp_gain":0.0,"max_hp_loss":0.0,"gold_gain":0.0,"event_name":"Upgrade Shrine","player_choice":"Upgraded","floor":19.0,"gold_loss":0.0,"damage_taken":0.0,"cards_upgraded":["Creative AI"]}],"is_beta":false,"boss_relics":[{"not_picked":["Orrery","Philosopher\u0027s Stone"],"picked":"Astrolabe"}],"items_purged_floors":[],"is_endless":false,"potions_floor_spawned":[3,4,11,12,13,18,28],"killed_by":"Gremlin Leader","ascension_level":1}