{"gold_per_floor":[20,20,30,30,30,61,61,76,99,99,124,124,124,167,167,287,287,300,325,33,33,52,52,87,99,111,142,154,191,203],"floor_reached":30,"playtime":947,"items_purged":["Strike_B"],"score":407,"play_id":"ca0047a0-e4e8-4d94-b922-fe7a74758787","local_time":"20190128165612","is_ascension_mode":true,"campfire_choices":[{"data":"Dualcast","floor":7.0,"key":"SMITH"},{"data":"Coolheaded","floor":10.0,"key":"SMITH"},{"data":"Leap","floor":13.0,"key":"SMITH"},{"data":"Chill","floor":15.0,"key":"SMITH"},{"data":"Loop","floor":23.0,"key":"SMITH"},{"floor":25,"key":"REST"}],"neow_cost":"NO_GOLD","seed_source_timestamp":621805867699282,"circlet_count":0,"master_deck":["Strike_B","Strike_B+1","Strike_B+1","Defend_B","Defend_B","Defend_B+1","Defend_B","Zap+1","Dualcast+1","Biased Cognition+1","Capacitor","Coolheaded+1","Ball Lightning","Leap+1","Chill+1","Hyperbeam","Electrodynamics","Go for the Eyes","Hologram","Coolheaded","Storm+1","Loop+1","White Noise","Defragment","Creative AI"],"special_seed":0,"relics":["Cracked Core","Golden Idol","Whetstone","War Paint","Bag of Marbles","Darkstone Periapt","Orrery","PreservedInsect","MawBank","The Courier"],"potions_floor_usage":[24,29],"damage_taken":[{"damage":0.0,"enemies":"2 Louse","floor":1.0,"turns":2.0},{"damage":1.0,"enemies":"Cultist","floor":3.0,"turns":3.0},{"damage":19.0,"enemies":"3 Sentries","floor":6.0,"turns":7.0},{"damage":7.0,"enemies":"Jaw Worm","floor":8.0,"turns":2.0},{"damage":0.0,"enemies":"Lagavulin","floor":14.0,"turns":5.0},{"damage":11.0,"enemies":"The Guardian","floor":16.0,"turns":9.0},{"damage":1.0,"enemies":"3 Byrds","floor":18.0,"turns":2.0},{"damage":0.0,"enemies":"2 Thieves","floor":19.0,"turns":3.0},{"damage":27.0,"enemies":"Shelled Parasite and Fungi","floor":22.0,"turns":4.0},{"damage":15,"enemies":"Gremlin Leader","floor":24,"turns":4},{"damage":19,"enemies":"Snecko","floor":27,"turns":7},{"damage":20,"enemies":"Snake Plant","floor":29,"turns":3},{"damage":9,"enemies":"Sentry and Sphere","floor":30,"turns":2}],"seed_played":"-3424815954081580872","potions_obtained":[{"floor":1.0,"key":"Fire Potion"},{"floor":5.0,"key":"GamblersBrew"},{"floor":5.0,"key":"FocusPotion"},{"floor":8.0,"key":"Energy Potion"},{"floor":27,"key":"Regen Potion"}],"is_trial":false,"path_per_floor":["M","?","M","?","?","E","R","M","T","R","T","?","R","E","R","B",null,"M","M","$","$","M","R","E","R","T","M","?","M","M"],"character_chosen":"DEFECT","items_purchased":["PreservedInsect","Loop"],"campfire_rested":1,"item_purchase_floors":[20,20],"current_hp_per_floor":[68,68,67,67,67,48,48,41,41,41,41,41,41,41,41,30,59,58,58,58,58,31,31,16,36,36,17,17,6,0],"gold":203,"neow_bonus":"THREE_RARE_CARDS","is_prod":false,"is_daily":false,"chose_seed":false,"campfire_upgraded":5,"win_rate":0,"timestamp":1548687372,"path_taken":["M","?","M","?","?","E","R","?","T","R","?","?","R","E","R","BOSS","M","?","?","$","M","R","E","R","T","M","?","M","M"],"build_version":"2019-01-23","purchased_purges":1,"victory":false,"max_hp_per_floor":[75,75,75,69,69,69,69,69,69,69,69,69,69,69,69,69,69,69,69,69,69,69,69,69,69,69,69,69,69,69],"card_choices":[{"not_picked":["Thunder Strike","Seek"],"picked":"Biased Cognition","floor":0.0},{"not_picked":["Streamline","Fusion"],"picked":"Capacitor","floor":1.0},{"not_picked":["Reinforced Body","Cold Snap"],"picked":"Coolheaded","floor":3.0},{"not_picked":["Darkness","Cold Snap"],"picked":"Ball Lightning","floor":6.0},{"not_picked":["Force Field","Rebound"],"picked":"Leap","floor":8.0},{"not_picked":["Rebound","Stack"],"picked":"Chill","floor":14.0},{"not_picked":["Reboot","Thunder Strike"],"picked":"Hyperbeam","floor":16.0},{"not_picked":["Blizzard","Reinforced Body"],"picked":"Electrodynamics","floor":17.0},{"not_picked":["Hello World","Streamline"],"picked":"Go for the Eyes","floor":17.0},{"not_picked":["Cold Snap","Beam Cell"],"picked":"Hologram","floor":17.0},{"not_picked":["Beam Cell","Streamline"],"picked":"Coolheaded","floor":17.0},{"not_picked":["Go for the Eyes","Turbo","Melter"],"picked":"SKIP","floor":18.0},{"not_picked":["Cold Snap+1","Steam Power+1"],"picked":"Storm+1","floor":19.0},{"not_picked":["Beam Cell","Leap","Stack"],"picked":"SKIP","floor":22.0},{"not_picked":["Melter","Redo"],"picked":"White Noise","floor":24},{"not_picked":["Go for the Eyes","Hello World"],"picked":"Defragment","floor":27},{"not_picked":["Chill","Compile Driver+1"],"picked":"Creative AI","floor":29}],"player_experience":130177,"relics_obtained":[{"floor":6.0,"key":"Whetstone"},{"floor":9.0,"key":"War Paint"},{"floor":11.0,"key":"Bag of Marbles"},{"floor":14.0,"key":"Darkstone Periapt"},{"floor":24,"key":"MawBank"},{"floor":26,"key":"The Courier"}],"event_choices":[{"damage_healed":0.0,"max_hp_gain":0.0,"max_hp_loss":0.0,"gold_gain":0.0,"event_name":"Golden Wing","player_choice":"Ignored","floor":2.0,"gold_loss":0.0,"damage_taken":0.0},{"damage_healed":0.0,"max_hp_gain":0.0,"max_hp_loss":6.0,"gold_gain":0.0,"event_name":"Golden Idol","player_choice":"Lose Max HP","floor":4.0,"gold_loss":0.0,"damage_taken":0.0,"relics_obtained":["Golden Idol"]},{"damage_healed":0.0,"max_hp_gain":0.0,"max_hp_loss":0.0,"gold_gain":0.0,"event_name":"Lab","player_choice":"Got Potions","floor":5.0,"gold_loss":0.0,"damage_taken":0.0},{"damage_healed":0.0,"max_hp_gain":0.0,"max_hp_loss":0.0,"gold_gain":0.0,"event_name":"Upgrade Shrine","player_choice":"Upgraded","floor":12.0,"gold_loss":0.0,"damage_taken":0.0,"cards_upgraded":["Biased Cognition"]},{"damage_healed":0,"gold_gain":0,"player_choice":"Ignored","damage_taken":0,"max_hp_gain":0,"max_hp_loss":0,"event_name":"Vampires","floor":28,"gold_loss":0}],"is_beta":false,"boss_relics":[{"not_picked":["Snecko Eye","Runic Dome"],"picked":"Orrery"}],"items_purged_floors":[20],"is_endless":false,"potions_floor_spawned":[1,8,18,27],"killed_by":"Sentry and Sphere","ascension_level":9}