{"gold_per_floor":[111,32,43,59,71,103,103,128,128,148,182,182,193,193],"floor_reached":14,"playtime":955,"items_purged":[],"score":162,"play_id":"ad9040d1-795b-48cd-8a47-da181a966f30","local_time":"20190220021629","is_ascension_mode":true,"campfire_choices":[{"floor":7,"key":"REST"},{"floor":12,"key":"REST"}],"neow_cost":"NONE","seed_source_timestamp":373148896492890,"circlet_count":0,"master_deck":["Strike_B","Strike_B","Strike_B","Strike_B","Defend_B","Defend_B","Defend_B","Defend_B","Zap","Dualcast","Compile Driver","Gash","Capacitor","Conserve Battery","Glacier","Echo Form","Conserve Battery","Sweeping Beam"],"relics":["Cracked Core","NeowsBlessing","Oddly Smooth Stone","Question Card","Blue Candle","Bottled Flame","Gremlin Horn"],"potions_floor_usage":[8,11,11],"damage_taken":[{"damage":0,"enemies":"2 Louse","floor":1,"turns":1},{"damage":0,"enemies":"Cultist","floor":3,"turns":1},{"damage":0,"enemies":"Small Slimes","floor":4,"turns":1},{"damage":5,"enemies":"Looter","floor":5,"turns":3},{"damage":40,"enemies":"3 Sentries","floor":6,"turns":10},{"damage":18,"enemies":"Gremlin Nob","floor":8,"turns":4},{"damage":4,"enemies":"Blue Slaver","floor":10,"turns":4},{"damage":18,"enemies":"3 Sentries","floor":11,"turns":8},{"damage":18,"enemies":"Gremlin Gang","floor":13,"turns":8},{"damage":11,"enemies":"3 Louse","floor":14,"turns":1}],"seed_played":"5670549424591331941","potions_obtained":[{"floor":5,"key":"PowerPotion"},{"floor":8,"key":"LiquidBronze"},{"floor":10,"key":"Dexterity Potion"}],"is_trial":false,"path_per_floor":["M","?","M","M","M","E","R","E","T","M","E","R","M","M"],"character_chosen":"DEFECT","items_purchased":[],"campfire_rested":2,"item_purchase_floors":[],"current_hp_per_floor":[68,68,68,68,63,23,45,27,27,23,5,27,9,0],"gold":193,"neow_bonus":"THREE_ENEMY_KILL","is_prod":false,"is_daily":false,"chose_seed":false,"campfire_upgraded":0,"win_rate":0,"timestamp":1550657789,"path_taken":["M","?","?","?","?","E","R","E","T","M","E","R","M","M"],"build_version":"2019-01-23","purchased_purges":0,"victory":false,"max_hp_per_floor":[75,75,75,75,75,75,75,75,75,75,75,75,75,75],"card_choices":[{"not_picked":["Steam","Scrape"],"picked":"Compile Driver","floor":1},{"not_picked":["Hologram","Sunder"],"picked":"Gash","floor":3},{"not_picked":["Force Field","Rebound"],"picked":"Capacitor","floor":4},{"not_picked":["Turbo","Barrage"],"picked":"Conserve Battery","floor":5},{"not_picked":["Storm","Darkness"],"picked":"Glacier","floor":6},{"not_picked":["Auto Shields","Streamline","Reprogram"],"picked":"Echo Form","floor":8},{"not_picked":["Hologram","Undo","Blizzard"],"picked":"Conserve Battery","floor":10},{"not_picked":["Redo","Leap","Hyperbeam","Hologram"],"picked":"SKIP","floor":11},{"not_picked":["Chill","Rebound","Barrage"],"picked":"Sweeping Beam","floor":13}],"player_experience":453566,"relics_obtained":[{"floor":6,"key":"Question Card"},{"floor":8,"key":"Blue Candle"},{"floor":9,"key":"Bottled Flame"},{"floor":11,"key":"Gremlin Horn"}],"event_choices":[{"damage_healed":0,"gold_gain":0,"player_choice":"Paid Gold","damage_taken":0,"relics_obtained":["Oddly Smooth Stone"],"max_hp_gain":0,"max_hp_loss":0,"event_name":"WeMeetAgain","floor":2,"gold_loss":79}],"is_beta":false,"boss_relics":[],"items_purged_floors":[],"is_endless":false,"potions_floor_spawned":[5,8,10],"killed_by":"3 Louse","ascension_level":9}