{"gold_per_floor":[109,119,130,130,103,103,103,133,133,133,58,79,44,78,78,203,203,222,222,241,89,89,89],"floor_reached":23,"playtime":1349,"items_purged":["Injury"],"score":309,"play_id":"961c1e31-0712-44e5-9611-21637277146a","local_time":"20190207232504","is_ascension_mode":true,"campfire_choices":[{"data":"Bash","floor":6,"key":"SMITH"},{"data":"Spot Weakness","floor":15,"key":"SMITH"}],"neow_cost":"NONE","seed_source_timestamp":2286070520427125,"circlet_count":0,"master_deck":["Strike_R+1","Strike_R+1","Strike_R+1","Strike_R+1","Strike_R+1","Defend_R+1","Defend_R+1","Defend_R+1","Defend_R+1","Bash+1","Cleave","Dropkick","Dropkick","Armaments","Spot Weakness+1","Spot Weakness","Heavy Blade+1","Immolate+1","Flame Barrier+1","Seeing Red+1"],"relics":["Burning Blood","Art of War","Frozen Egg 2","Pantograph","Golden Idol","Molten Egg 2","Fusion Hammer","Unceasing Top","Blood Vial"],"potions_floor_usage":[16,16],"damage_taken":[{"damage":9,"enemies":"2 Louse","floor":1,"turns":3},{"damage":10,"enemies":"Cultist","floor":2,"turns":5},{"damage":4,"enemies":"Small Slimes","floor":3,"turns":3},{"damage":40,"enemies":"3 Sentries","floor":8,"turns":8},{"damage":12,"enemies":"2 Fungi Beasts","floor":12,"turns":4},{"damage":20,"enemies":"Lagavulin","floor":14,"turns":6},{"damage":0,"enemies":"Slime Boss","floor":16,"turns":5},{"damage":29,"enemies":"3 Byrds","floor":18,"turns":5},{"damage":35,"enemies":"Shell Parasite","floor":20,"turns":4},{"damage":23,"enemies":"Gremlin Leader","floor":23,"turns":5}],"seed_played":"7027678797360170302","potions_obtained":[{"floor":8,"key":"Swift Potion"},{"floor":14,"key":"Explosive Potion"},{"floor":16,"key":"Weak Potion"}],"is_trial":false,"path_per_floor":["M","M","M","?","$","R","$","E","T","?","$","M","?","E","R","B",null,"M","?","M","$","?","E"],"character_chosen":"IRONCLAD","items_purchased":["Armaments","Blood Vial"],"campfire_rested":0,"item_purchase_floors":[5,21],"current_hp_per_floor":[77,73,75,75,75,75,75,41,41,41,41,35,55,41,41,72,78,55,55,26,26,26,5],"gold":89,"neow_bonus":"RANDOM_COMMON_RELIC","is_prod":false,"is_daily":false,"chose_seed":false,"campfire_upgraded":2,"win_rate":0,"timestamp":1549610704,"path_taken":["M","M","M","?","$","R","?","E","T","?","$","M","?","E","R","BOSS","M","?","?","$","?","E"],"build_version":"2019-01-23","purchased_purges":1,"victory":false,"max_hp_per_floor":[80,80,80,80,80,80,80,80,80,80,80,80,80,80,80,80,80,80,80,80,80,80,80],"card_choices":[{"not_picked":["Wild Strike","Perfected Strike"],"picked":"Cleave","floor":1},{"not_picked":["Warcry","Pummel"],"picked":"Dropkick","floor":2},{"not_picked":["Disarm","Sentinel"],"picked":"Dropkick","floor":3},{"not_picked":["Shrug It Off","Perfected Strike"],"picked":"Spot Weakness","floor":8},{"not_picked":["Heavy Blade","Shrug It Off"],"picked":"Spot Weakness","floor":12},{"not_picked":["Armaments","Second Wind"],"picked":"Heavy Blade","floor":14},{"not_picked":["Reaper+1","Exhume"],"picked":"Immolate+1","floor":16},{"not_picked":["Ghostly Armor+1","Pommel Strike+1"],"picked":"Flame Barrier+1","floor":18},{"not_picked":["Rage","Body Slam+1"],"picked":"Seeing Red+1","floor":20}],"player_experience":262183,"relics_obtained":[{"floor":8,"key":"Frozen Egg 2"},{"floor":9,"key":"Pantograph"},{"floor":14,"key":"Molten Egg 2"}],"event_choices":[{"damage_healed":0,"gold_gain":0,"player_choice":"Bought 0 Potions","damage_taken":0,"max_hp_gain":0,"max_hp_loss":0,"event_name":"The Woman in Blue","floor":4,"gold_loss":0},{"damage_healed":0,"gold_gain":0,"player_choice":"Take Wound","damage_taken":0,"relics_obtained":["Golden Idol"],"max_hp_gain":0,"max_hp_loss":0,"event_name":"Golden Idol","floor":10,"gold_loss":0,"cards_obtained":["Injury"]},{"damage_healed":20,"gold_gain":0,"player_choice":"Healed","damage_taken":0,"max_hp_gain":0,"max_hp_loss":0,"event_name":"The Cleric","floor":13,"gold_loss":35},{"damage_healed":0,"gold_gain":0,"player_choice":"Gave Potion","damage_taken":0,"relics_obtained":["Unceasing Top"],"max_hp_gain":0,"max_hp_loss":0,"event_name":"WeMeetAgain","floor":19,"gold_loss":0},{"damage_healed":0,"gold_gain":0,"player_choice":"Simplicity","damage_taken":0,"max_hp_gain":0,"max_hp_loss":0,"event_name":"Back to Basics","floor":22,"gold_loss":0,"cards_upgraded":["Strike_R","Strike_R","Strike_R","Strike_R","Strike_R","Defend_R","Defend_R","Defend_R","Defend_R"]}],"is_beta":false,"boss_relics":[{"not_picked":["Orrery","Mark of Pain"],"picked":"Fusion Hammer"}],"items_purged_floors":[11],"is_endless":false,"potions_floor_spawned":[8,14,16],"killed_by":"Gremlin Leader","ascension_level":5}