{"gold_per_floor":[115,115,115,290,365,400,400,441,441,441,484,484,498,516,516,637,637,657,657,675,247,260,260],"floor_reached":23,"playtime":1386,"items_purged":["Doubt"],"score":347,"play_id":"20a07a0b-107e-4da2-b850-6225a05f2fab","local_time":"20190219011317","is_ascension_mode":true,"campfire_choices":[{"data":"Sunder","floor":7.0,"key":"SMITH"},{"floor":10.0,"key":"REST"},{"data":"Dualcast","floor":12.0,"key":"SMITH"},{"data":"Reinforced Body","floor":15.0,"key":"SMITH"}],"neow_cost":"NONE","seed_source_timestamp":313598918705400,"circlet_count":0,"master_deck":["Strike_B","Defend_B","Defend_B","Defend_B","Defend_B","Zap+1","Dualcast+1","Coolheaded","Sunder+1","Reinforced Body+1","Undo","Coolheaded","Self Repair","Hyperbeam","Heatsinks+1","Undo+1","Fission+1","Cold Snap","Defragment","Ball Lightning","Go for the Eyes","Cold Snap"],"special_seed":0,"relics":["Cracked Core","NeowsBlessing","Golden Idol","Bottled Lightning","Singing Bowl","Symbiotic Virus","Dodecahedron","Astrolabe","Omamori","Pen Nib"],"potions_floor_usage":[],"damage_taken":[{"damage":0.0,"enemies":"Small Slimes","floor":1.0,"turns":1.0},{"damage":0.0,"enemies":"3 Sentries","floor":6.0,"turns":1.0},{"damage":0.0,"enemies":"Lagavulin","floor":8.0,"turns":1.0},{"damage":3.0,"enemies":"3 Sentries","floor":11.0,"turns":5.0},{"damage":0.0,"enemies":"Jaw Worm","floor":13.0,"turns":3.0},{"damage":0.0,"enemies":"2 Louse","floor":14.0,"turns":1.0},{"damage":31.0,"enemies":"Hexaghost","floor":16.0,"turns":14.0},{"damage":0.0,"enemies":"3 Byrds","floor":18.0,"turns":3.0},{"damage":0.0,"enemies":"Spheric Guardian","floor":20.0,"turns":4.0},{"damage":7.0,"enemies":"Centurion and Healer","floor":22.0,"turns":6.0},{"damage":50,"enemies":"Gremlin Leader","floor":23,"turns":9}],"seed_played":"7551169479607245022","potions_obtained":[{"floor":8.0,"key":"SkillPotion"},{"floor":14.0,"key":"Explosive Potion"},{"floor":16.0,"key":"Regen Potion"},{"floor":18.0,"key":"Dexterity Potion"},{"floor":22.0,"key":"GamblersBrew"}],"is_trial":false,"path_per_floor":["M","?","?","?","?","E","R","E","T","R","E","R","M","M","R","B",null,"M","?","M","$","M","E"],"character_chosen":"DEFECT","items_purchased":["Omamori","Pen Nib","Go for the Eyes"],"campfire_rested":1,"item_purchase_floors":[21,21,21],"current_hp_per_floor":[68,50,50,50,39,39,39,39,39,61,58,58,58,58,58,34,65,72,72,72,72,65,15],"gold":260,"neow_bonus":"THREE_ENEMY_KILL","is_prod":false,"is_daily":false,"chose_seed":false,"campfire_upgraded":3,"win_rate":0,"timestamp":1550535197,"path_taken":["M","?","?","?","?","E","R","E","T","R","E","R","M","M","R","BOSS","M","?","M","$","M","E"],"build_version":"2019-01-23","purchased_purges":1,"victory":false,"max_hp_per_floor":[75,75,75,75,75,75,75,75,75,75,75,75,75,75,75,75,75,75,75,75,75,75,75],"card_choices":[{"not_picked":["Redo","FTL"],"picked":"Coolheaded","floor":1.0},{"not_picked":["Doom and Gloom","Turbo"],"picked":"Sunder","floor":6.0},{"not_picked":["Turbo","Streamline"],"picked":"Reinforced Body","floor":8.0},{"not_picked":["Barrage","Turbo"],"picked":"Undo","floor":11.0},{"not_picked":["Leap","Rebound"],"picked":"Coolheaded","floor":13.0},{"not_picked":["Steam Power","Redo"],"picked":"Self Repair","floor":14.0},{"not_picked":["Meteor Strike","Machine Learning"],"picked":"Hyperbeam","floor":16.0},{"not_picked":["Stack+1","Undo"],"picked":"Cold Snap","floor":18.0},{"not_picked":["Redo+1","Stack"],"picked":"Ball Lightning","floor":20.0},{"not_picked":["Undo","Heatsinks"],"picked":"Cold Snap","floor":22.0}],"player_experience":231125,"relics_obtained":[{"floor":6.0,"key":"Bottled Lightning"},{"floor":8.0,"key":"Singing Bowl"},{"floor":9.0,"key":"Symbiotic Virus"},{"floor":11.0,"key":"Dodecahedron"}],"event_choices":[{"damage_healed":0.0,"max_hp_gain":0.0,"max_hp_loss":0.0,"gold_gain":0.0,"event_name":"Golden Idol","player_choice":"Take Damage","floor":2.0,"gold_loss":0.0,"damage_taken":18.0,"relics_obtained":["Golden Idol"]},{"damage_healed":0.0,"max_hp_gain":0.0,"max_hp_loss":0.0,"gold_gain":0.0,"event_name":"Living Wall","player_choice":"Grow","floor":3.0,"gold_loss":0.0,"damage_taken":0.0,"cards_upgraded":["Zap"]},{"damage_healed":0.0,"max_hp_gain":0.0,"max_hp_loss":0.0,"gold_gain":175.0,"event_name":"Liars Game","player_choice":"AGREE","floor":4.0,"gold_loss":0.0,"damage_taken":0.0,"cards_obtained":["Doubt"]},{"damage_healed":0.0,"max_hp_gain":0.0,"max_hp_loss":0.0,"gold_gain":75.0,"event_name":"World of Goop","player_choice":"Gather Gold","floor":5.0,"gold_loss":0.0,"damage_taken":11.0},{"damage_healed":0.0,"max_hp_gain":0.0,"max_hp_loss":0.0,"gold_gain":0.0,"event_name":"The Library","player_choice":"Read","floor":19.0,"gold_loss":0.0,"damage_taken":0.0,"cards_obtained":["Defragment"]}],"is_beta":false,"boss_relics":[{"not_picked":["Tiny House","Black Star"],"picked":"Astrolabe"}],"items_purged_floors":[21],"is_endless":false,"potions_floor_spawned":[8,14,16,18,22],"killed_by":"Gremlin Leader","ascension_level":7}