{"gold_per_floor":[113,113,113,125,125,125,74,109,134,148,148,167,182,198,198,198],"floor_reached":16,"playtime":262,"items_purged":[],"score":194,"play_id":"bca5e533-95aa-4640-b6c0-014cc364848a","local_time":"20190203232107","is_ascension_mode":true,"campfire_choices":[{"floor":6,"key":"REST"},{"floor":11,"key":"REST"},{"floor":15,"key":"REST"}],"neow_cost":"NONE","seed_source_timestamp":1164074885851897,"circlet_count":0,"master_deck":["AscendersBane","Strike_B","Strike_B","Strike_B+1","Strike_B+1","Defend_B","Defend_B","Defend_B","Defend_B","Zap","Dualcast","Barrage","Barrage","Leap","Rebound","Cold Snap","Coolheaded","Hello World","Gash","Defragment"],"relics":["Cracked Core","Vajra","Kunai","Omamori","Dream Catcher"],"potions_floor_usage":[],"damage_taken":[{"damage":12,"enemies":"Jaw Worm","floor":1,"turns":3},{"damage":1,"enemies":"Cultist","floor":4,"turns":3},{"damage":31,"enemies":"Lagavulin","floor":8,"turns":5},{"damage":8,"enemies":"2 Louse","floor":10,"turns":3},{"damage":7,"enemies":"Looter","floor":12,"turns":2},{"damage":11,"enemies":"Blue Slaver","floor":13,"turns":3},{"damage":0,"enemies":"Large Slime","floor":14,"turns":3},{"damage":25,"enemies":"Slime Boss","floor":16,"turns":5}],"seed_played":"3366910714767924789","potions_obtained":[{"floor":4,"key":"SmokeBomb"},{"floor":12,"key":"Ancient Potion"}],"is_trial":false,"path_per_floor":["M","?","T","M","?","R","$","E","T","M","R","M","M","M","R","B"],"character_chosen":"DEFECT","items_purchased":["Leap"],"campfire_rested":3,"item_purchase_floors":[7],"current_hp_per_floor":[52,52,52,51,30,51,51,20,20,12,33,26,15,15,36,11],"gold":198,"neow_bonus":"RANDOM_COMMON_RELIC","is_prod":false,"is_daily":false,"chose_seed":false,"campfire_upgraded":0,"win_rate":0,"timestamp":1549228867,"path_taken":["M","?","?","?","?","R","$","E","T","M","R","M","M","M","R","BOSS"],"build_version":"2019-01-23","purchased_purges":0,"victory":false,"max_hp_per_floor":[71,71,71,71,71,71,71,71,71,71,71,71,71,71,71,71],"card_choices":[{"not_picked":["Leap","Coolheaded"],"picked":"Barrage","floor":1},{"not_picked":["Turbo","Stack"],"picked":"Barrage","floor":4},{"not_picked":["Undo","Reprogram"],"picked":"Rebound","floor":8},{"not_picked":["Compile Driver","Loop"],"picked":"Cold Snap","floor":10},{"not_picked":["Lockon","Rebound"],"picked":"Coolheaded","floor":11},{"not_picked":["Compile Driver","Fusion"],"picked":"Hello World","floor":12},{"not_picked":["Compile Driver","Hyperbeam"],"picked":"Gash","floor":13},{"not_picked":["Reprogram","Hello World"],"picked":"Defragment","floor":14}],"player_experience":180487,"relics_obtained":[{"floor":3,"key":"Kunai"},{"floor":8,"key":"Omamori"},{"floor":9,"key":"Dream Catcher"}],"event_choices":[{"damage_healed":0,"gold_gain":0,"player_choice":"Ignored","damage_taken":0,"max_hp_gain":0,"max_hp_loss":0,"event_name":"Golden Wing","floor":2,"gold_loss":0},{"damage_healed":0,"gold_gain":0,"player_choice":"Entered Light","damage_taken":21,"max_hp_gain":0,"max_hp_loss":0,"event_name":"Shining Light","floor":5,"gold_loss":0,"cards_upgraded":["Strike_B","Strike_B"]}],"is_beta":false,"boss_relics":[],"items_purged_floors":[],"is_endless":false,"potions_floor_spawned":[4,12],"killed_by":"Slime Boss","ascension_level":18}