{"gold_per_floor":[109,120,120,73,73,104,104,122,122,55,70,100,119,130,130,227,227,240,260,185,196,196,196,261,279,330,342,368,379,404,145,145,242,242,252,252,265,74,84,84,130,148,216,216,235,251,251,262,262,262,262,262,16,51,51],"floor_reached":56,"playtime":3801,"items_purged":["Strike_G","Strike_G"],"score":1308,"play_id":"4964d22c-f1f7-4cc7-94e1-b58258e774dd","local_time":"20181227004139","is_ascension_mode":true,"campfire_choices":[{"data":"Neutralize","floor":7,"key":"SMITH"},{"data":"Caltrops","floor":15,"key":"SMITH"},{"data":"Noxious Fumes","floor":23,"key":"SMITH"},{"data":"Footwork","floor":32,"key":"SMITH"},{"floor":40,"key":"RECALL"},{"data":"After Image","floor":47,"key":"SMITH"},{"data":"Corpse Explosion","floor":49,"key":"SMITH"},{"data":"Outmaneuver","floor":52,"key":"SMITH"}],"neow_cost":"NONE","seed_source_timestamp":464026866649271,"circlet_count":0,"master_deck":["Defend_G+1","Defend_G","Defend_G","Defend_G","Defend_G","Strike_G","Strike_G","Strike_G","Survivor","Neutralize+1","Malaise","Caltrops+1","Expertise","Backflip","Dash","Dash","Footwork+1","PiercingWail","Burst","Predator","Noxious Fumes+1","Corpse Explosion+1","Blur+1","Poisoned Stab+1","Deadly Poison","Blur","Catalyst+1","Die Die Die","Flying Knee","Outmaneuver+1","After Image+1","The Bomb","Poisoned Stab+1","Footwork+1"],"relics":["Ring of the Snake","Dream Catcher","Mercury Hourglass","Pen Nib","Bottled Flame","Thread and Needle","Runic Pyramid","Tiny Chest","Happy Flower","Red Mask","War Paint","Shuriken","Sozu","Paper Crane","TwistedFunnel","Frozen Egg 2","Bag of Marbles","Orichalcum"],"potions_floor_usage":[18,24,27,33,33,33],"damage_taken":[{"damage":0,"enemies":"Cultist","floor":1,"turns":6},{"damage":1,"enemies":"Jaw Worm","floor":2,"turns":7},{"damage":28,"enemies":"Lagavulin","floor":6,"turns":11},{"damage":0,"enemies":"Small Slimes","floor":8,"turns":4},{"damage":0,"enemies":"Exordium Thugs","floor":11,"turns":4},{"damage":6,"enemies":"3 Sentries","floor":12,"turns":7},{"damage":0,"enemies":"Red Slaver","floor":13,"turns":5},{"damage":1,"enemies":"Exordium Wildlife","floor":14,"turns":2},{"damage":0,"enemies":"Hexaghost","floor":16,"turns":11},{"damage":19,"enemies":"Spheric Guardian","floor":18,"turns":6},{"damage":4,"enemies":"Chosen","floor":19,"turns":6},{"damage":2,"enemies":"Centurion and Healer","floor":21,"turns":9},{"damage":17,"enemies":"Slavers","floor":24,"turns":5},{"damage":0,"enemies":"Snake Plant","floor":25,"turns":6},{"damage":7,"enemies":"Sentry and Sphere","floor":27,"turns":8},{"damage":0,"enemies":"Masked Bandits","floor":28,"turns":2},{"damage":0,"enemies":"Snecko","floor":29,"turns":5},{"damage":0,"enemies":"Book of Stabbing","floor":30,"turns":5},{"damage":26,"enemies":"Collector","floor":33,"turns":8},{"damage":2,"enemies":"Orb Walker","floor":35,"turns":3},{"damage":0,"enemies":"3 Shapes","floor":37,"turns":2},{"damage":0,"enemies":"Sphere and 2 Shapes","floor":39,"turns":4},{"damage":8,"enemies":"Spire Growth","floor":42,"turns":5},{"damage":0,"enemies":"4 Shapes","floor":45,"turns":3},{"damage":1,"enemies":"Transient","floor":46,"turns":5},{"damage":0,"enemies":"Maw","floor":48,"turns":6},{"damage":10,"enemies":"Awakened One","floor":50,"turns":14},{"damage":23,"enemies":"Shield and Spear","floor":54,"turns":6},{"damage":36,"enemies":"The Heart","floor":55,"turns":11}],"seed_played":"-5811228766226747080","potions_obtained":[{"floor":1,"key":"Ancient Potion"},{"floor":12,"key":"Poison Potion"},{"floor":14,"key":"Explosive Potion"},{"floor":16,"key":"Regen Potion"},{"floor":18,"key":"SpeedPotion"},{"floor":19,"key":"Dexterity Potion"},{"floor":28,"key":"Explosive Potion"},{"floor":29,"key":"SpeedPotion"}],"is_trial":false,"path_per_floor":["M","M","?","$","T","E","R","M","T","$","M","E","M","M","R","B",null,"M","M","$","M","$","R","E","M","T","M","?","M","E","$","R","B",null,"M","T","M","$","M","R","T","M","T","?","M","M","R","M","R","B",null,"R","$","E","B",null],"character_chosen":"THE_SILENT","items_purchased":["Backflip","Footwork","Shuriken","TwistedFunnel","Bag of Marbles"],"campfire_rested":0,"item_purchase_floors":[4,10,31,38,53],"current_hp_per_floor":[70,69,69,69,69,41,41,41,41,41,41,35,35,34,34,34,70,51,47,47,45,45,45,43,43,43,36,36,36,36,36,36,10,70,68,68,68,68,68,68,68,60,60,60,60,59,59,59,59,49,70,70,70,47,11],"gold":51,"neow_bonus":"ONE_RANDOM_RARE_CARD","is_prod":false,"is_daily":false,"chose_seed":false,"campfire_upgraded":7,"win_rate":0,"timestamp":1545864099,"path_taken":["M","?","?","$","?","E","R","M","T","$","?","E","M","M","R","BOSS","M","M","$","M","$","R","E","M","T","M","?","M","E","?","R","BOSS","M","?","M","$","M","R","?","M","T","?","?","M","R","M","R","BOSS","R","$","E","BOSS"],"build_version":"2018-12-20","purchased_purges":2,"victory":true,"max_hp_per_floor":[70,70,70,70,70,70,70,70,70,70,70,70,70,70,70,70,70,70,70,70,70,70,70,70,70,70,70,70,70,70,70,70,70,70,70,70,70,70,70,70,70,70,70,70,70,70,70,70,70,70,70,70,70,70,70],"card_choices":[{"not_picked":["Outmaneuver","Catalyst"],"picked":"Caltrops","floor":1},{"not_picked":["Blade Dance","Deadly Poison"],"picked":"Expertise","floor":2},{"not_picked":["Quick Slash","Venomology"],"picked":"Dash","floor":6},{"not_picked":["Escape Plan","Accuracy"],"picked":"Dash","floor":8},{"not_picked":["Cloak And Dagger","Poisoned Stab"],"picked":"PiercingWail","floor":11},{"not_picked":["Sucker Punch","PiercingWail"],"picked":"Burst","floor":12},{"not_picked":["Outmaneuver","Blade Dance"],"picked":"Predator","floor":13},{"not_picked":["Deadly Poison","All Out Attack"],"picked":"Noxious Fumes","floor":14},{"not_picked":["Venomology","Malaise"],"picked":"Corpse Explosion","floor":16},{"not_picked":["Dagger Throw","Bane","Quick Slash+1"],"picked":"SKIP","floor":18},{"not_picked":["PiercingWail","Accuracy"],"picked":"Blur","floor":19},{"not_picked":["Blade Dance","Bane"],"picked":"Poisoned Stab+1","floor":21},{"not_picked":["Finisher+1","Backflip"],"picked":"Deadly Poison","floor":24},{"not_picked":["Masterful Stab","Quick Slash","Wraith Form v2"],"picked":"SKIP","floor":25},{"not_picked":["Backstab","Eviscerate","Backflip"],"picked":"SKIP","floor":27},{"not_picked":["Dagger Spray","Acrobatics"],"picked":"Blur","floor":28},{"not_picked":["Dagger Throw","Flying Knee"],"picked":"Catalyst+1","floor":29},{"not_picked":["Crippling Poison","Deflect","Distraction+1"],"picked":"SKIP","floor":30},{"not_picked":["Doppelganger","Unload"],"picked":"Die Die Die","floor":33},{"not_picked":["Dodge and Roll","Backflip+1"],"picked":"Flying Knee","floor":35},{"not_picked":["Escape Plan","Sucker Punch","Quick Slash"],"picked":"SKIP","floor":37},{"not_picked":["Endless Agony","Backflip"],"picked":"Outmaneuver","floor":39},{"not_picked":["Deadly Poison","Slice+1"],"picked":"After Image","floor":42},{"not_picked":["Purity","Transmutation"],"picked":"The Bomb","floor":44},{"not_picked":["Flying Knee","Acrobatics"],"picked":"Poisoned Stab+1","floor":45},{"not_picked":["Dagger Spray+1","Calculated Gamble+1","Outmaneuver+1"],"picked":"SKIP","floor":46},{"not_picked":["Choke+1","Dodge and Roll"],"picked":"Footwork+1","floor":48},{"not_picked":["Expertise+1","Infinite Blades+1","Night Terror"],"picked":"SKIP","floor":54}],"player_experience":23227,"relics_obtained":[{"floor":5,"key":"Mercury Hourglass"},{"floor":6,"key":"Pen Nib"},{"floor":9,"key":"Bottled Flame"},{"floor":12,"key":"Thread and Needle"},{"floor":24,"key":"Tiny Chest"},{"floor":26,"key":"Happy Flower"},{"floor":28,"key":"Red Mask"},{"floor":30,"key":"War Paint"},{"floor":36,"key":"Paper Crane"},{"floor":43,"key":"Frozen Egg 2"},{"floor":54,"key":"Orichalcum"}],"event_choices":[{"damage_healed":0,"gold_gain":0,"player_choice":"Gave Potion","damage_taken":0,"relics_obtained":["Dream Catcher"],"max_hp_gain":0,"max_hp_loss":0,"event_name":"WeMeetAgain","floor":3,"gold_loss":0},{"damage_healed":0,"gold_gain":0,"player_choice":"Fought Bandits","damage_taken":0,"max_hp_gain":0,"max_hp_loss":0,"event_name":"Masked Bandits","floor":28,"gold_loss":0},{"damage_healed":0,"gold_gain":0,"player_choice":"Memory 1","damage_taken":0,"max_hp_gain":0,"max_hp_loss":0,"event_name":"SensoryStone","floor":44,"gold_loss":0}],"is_beta":false,"boss_relics":[{"not_picked":["Astrolabe","Orrery"],"picked":"Runic Pyramid"},{"not_picked":["WristBlade","Coffee Dripper"],"picked":"Sozu"}],"items_purged_floors":[20,53],"is_endless":false,"potions_floor_spawned":[1,12,14,16,18,19,28,29,35,37,42],"ascension_level":1}