{"gold_per_floor":[116,135,135,135,145,145,180,180,206,226,226,254,204,215,215,310,310,326,326,326,426,442,442,453,453],"floor_reached":25,"playtime":3029,"items_purged":[],"score":295,"play_id":"09d87cc6-938a-447e-8346-8dc3015e7c41","local_time":"20190212005147","is_ascension_mode":true,"campfire_choices":[{"data":"Bash","floor":6,"key":"SMITH"},{"floor":8,"key":"REST"},{"data":"Uppercut","floor":11,"key":"SMITH"},{"floor":15,"key":"REST"},{"floor":23,"key":"REST"}],"neow_cost":"TEN_PERCENT_HP_LOSS","seed_source_timestamp":2635202667316257,"circlet_count":0,"master_deck":["Strike_R","Strike_R","Strike_R","Strike_R","Defend_R","Defend_R","Defend_R","Defend_R","Bash+1","Dropkick","Iron Wave","Thunderclap","Uppercut+1","Shrug It Off","Armaments","Pommel Strike","Berserk","Cleave+1","Perfected Strike+1","Flex","Pommel Strike"],"relics":["Burning Blood","Mango","GremlinMask","Red Skull","Strawberry","Pocketwatch","Mark of Pain","MutagenicStrength","Thread and Needle","Frozen Egg 2"],"potions_floor_usage":[7,16,16,16,25,25],"damage_taken":[{"damage":8,"enemies":"2 Louse","floor":1,"turns":3},{"damage":1,"enemies":"Cultist","floor":2,"turns":3},{"damage":0,"enemies":"Small Slimes","floor":5,"turns":3},{"damage":36,"enemies":"Lagavulin","floor":7,"turns":8},{"damage":7,"enemies":"Looter","floor":10,"turns":3},{"damage":39,"enemies":"3 Sentries","floor":12,"turns":8},{"damage":0,"enemies":"3 Louse","floor":14,"turns":6},{"damage":32,"enemies":"Hexaghost","floor":16,"turns":10},{"damage":43,"enemies":"3 Byrds","floor":18,"turns":7},{"damage":24,"enemies":"Colosseum Slavers","floor":21,"turns":4},{"damage":23,"enemies":"Colosseum Nobs","floor":21,"turns":4},{"damage":0,"enemies":"Chosen","floor":22,"turns":3},{"damage":20,"enemies":"Snake Plant","floor":24,"turns":4},{"damage":75,"enemies":"Gremlin Leader","floor":25,"turns":5}],"seed_played":"184974508208610598","potions_obtained":[{"floor":2,"key":"Swift Potion"},{"floor":5,"key":"AttackPotion"},{"floor":10,"key":"BloodPotion"},{"floor":12,"key":"Strength Potion"},{"floor":14,"key":"SpeedPotion"},{"floor":21,"key":"Dexterity Potion"},{"floor":22,"key":"SkillPotion"},{"floor":24,"key":"SpeedPotion"}],"is_trial":false,"path_per_floor":["M","M","?","$","M","R","E","R","T","M","R","E","?","M","R","B",null,"M","?","?","?","M","R","M","E"],"character_chosen":"IRONCLAD","items_purchased":[],"campfire_rested":3,"item_purchase_floors":[],"current_hp_per_floor":[84,86,86,86,86,86,56,81,88,87,87,54,54,60,87,70,87,50,81,81,46,52,79,65,0],"gold":453,"neow_bonus":"ONE_RARE_RELIC","is_prod":false,"is_daily":false,"chose_seed":false,"campfire_upgraded":2,"win_rate":0,"timestamp":1549961507,"path_taken":["M","M","?","?","M","R","E","R","T","?","R","E","?","M","R","BOSS","M","?","?","?","M","R","M","E"],"build_version":"2019-01-23","purchased_purges":0,"victory":false,"max_hp_per_floor":[86,86,86,86,86,86,86,86,93,93,93,93,93,93,93,93,93,93,93,93,93,93,93,93,93],"card_choices":[{"not_picked":["Body Slam","Disarm"],"picked":"Dropkick","floor":1},{"not_picked":["Clash","Sword Boomerang"],"picked":"Iron Wave","floor":2},{"not_picked":["Flex","Perfected Strike"],"picked":"Thunderclap","floor":5},{"not_picked":["Anger","Corruption"],"picked":"Uppercut","floor":7},{"not_picked":["Combust","Battle Trance"],"picked":"Shrug It Off","floor":10},{"not_picked":["Perfected Strike","Sword Boomerang"],"picked":"Armaments","floor":12},{"not_picked":["Ghostly Armor","Intimidate"],"picked":"Pommel Strike","floor":14},{"not_picked":["Fiend Fire","Dark Embrace"],"picked":"Berserk","floor":16},{"not_picked":["Thunderclap","Pommel Strike"],"picked":"Cleave+1","floor":18},{"not_picked":["Clash","Thunderclap"],"picked":"Perfected Strike+1","floor":21},{"not_picked":["Clash","Cleave"],"picked":"Flex","floor":22},{"not_picked":["Warcry","Thunderclap"],"picked":"Pommel Strike","floor":24}],"player_experience":364829,"relics_obtained":[{"floor":7,"key":"Red Skull"},{"floor":9,"key":"Strawberry"},{"floor":12,"key":"Pocketwatch"},{"floor":21,"key":"Thread and Needle"},{"floor":21,"key":"Frozen Egg 2"}],"event_choices":[{"damage_healed":0,"gold_gain":0,"player_choice":"Trade","damage_taken":0,"relics_obtained":["GremlinMask"],"max_hp_gain":0,"max_hp_loss":0,"event_name":"FaceTrader","floor":3,"gold_loss":0},{"cards_removed":["Strike_R"],"damage_healed":0,"gold_gain":0,"player_choice":"Card Removal","damage_taken":0,"max_hp_gain":0,"max_hp_loss":0,"event_name":"The Cleric","floor":13,"gold_loss":50},{"damage_healed":31,"gold_gain":0,"player_choice":"Heal","damage_taken":0,"max_hp_gain":0,"max_hp_loss":0,"event_name":"The Library","floor":19,"gold_loss":0},{"damage_healed":0,"gold_gain":0,"player_choice":"Inject Mutagens","damage_taken":0,"relics_obtained":["MutagenicStrength"],"max_hp_gain":0,"max_hp_loss":0,"event_name":"Drug Dealer","floor":20,"gold_loss":0},{"damage_healed":0,"gold_gain":0,"player_choice":"Fight","damage_taken":0,"max_hp_gain":0,"max_hp_loss":0,"event_name":"Colosseum","floor":21,"gold_loss":0},{"damage_healed":0,"gold_gain":0,"player_choice":"Fought Nobs","damage_taken":0,"max_hp_gain":0,"max_hp_loss":0,"event_name":"Colosseum","floor":21,"gold_loss":0}],"is_beta":false,"boss_relics":[{"not_picked":["Empty Cage","Calling Bell"],"picked":"Mark of Pain"}],"items_purged_floors":[],"is_endless":false,"potions_floor_spawned":[2,5,10,12,14,21,22,24],"killed_by":"Gremlin Leader","ascension_level":8}