{"gold_per_floor":[113,188,208,63,83,83,98,98,149,149,167,196,208,16,16,111,111,124,140,156,175,100,134,49,49,76,39,39,51,51],"floor_reached":30,"playtime":1384,"items_purged":[],"score":353,"play_id":"6abce24c-2360-4ed1-8f0d-29329247d34c","local_time":"20190212234934","is_ascension_mode":true,"campfire_choices":[{"data":"Bash","floor":6,"key":"SMITH"},{"floor":8,"key":"REST"},{"floor":15,"key":"REST"},{"floor":25,"key":"REST"}],"neow_cost":"NONE","seed_source_timestamp":2719518124416355,"circlet_count":0,"master_deck":["Strike_R","Strike_R","Strike_R","Strike_R+1","Defend_R","Defend_R","Defend_R","Defend_R","Bash+1","Flex","Anger+1","Flex+1","Thunderclap","Clothesline","Immolate","True Grit","Feed","Sword Boomerang+1","Burning Pact+1","Twin Strike+1","Berserk","Inflame","Warcry+1"],"relics":["Burning Blood","NeowsBlessing","Blood Vial","Anchor","Bronze Scales","Membership Card","Philosopher\u0027s Stone","Vajra","War Paint","Smiling Mask","MutagenicStrength"],"potions_floor_usage":[12,13,16,21,21,23,23,30],"damage_taken":[{"damage":0,"enemies":"Cultist","floor":1,"turns":1},{"damage":0,"enemies":"2 Louse","floor":3,"turns":1},{"damage":0,"enemies":"Jaw Worm","floor":5,"turns":1},{"damage":45,"enemies":"Gremlin Gang","floor":7,"turns":5},{"damage":1,"enemies":"Looter","floor":11,"turns":2},{"damage":5,"enemies":"Gremlin Nob","floor":12,"turns":3},{"damage":11,"enemies":"2 Fungi Beasts","floor":13,"turns":3},{"damage":2,"enemies":"Slime Boss","floor":16,"turns":8},{"damage":16,"enemies":"Spheric Guardian","floor":18,"turns":3},{"damage":11,"enemies":"2 Thieves","floor":19,"turns":3},{"damage":12,"enemies":"3 Cultists","floor":20,"turns":3},{"damage":28,"enemies":"Shelled Parasite and Fungi","floor":21,"turns":3},{"damage":34,"enemies":"Book of Stabbing","floor":23,"turns":4},{"damage":32,"enemies":"Sentry and Sphere","floor":29,"turns":5},{"damage":29,"enemies":"Snecko","floor":30,"turns":3}],"seed_played":"3406188699313600025","potions_obtained":[{"floor":3,"key":"Energy Potion"},{"floor":7,"key":"Fire Potion"},{"floor":11,"key":"Explosive Potion"},{"floor":12,"key":"BloodPotion"},{"floor":16,"key":"Strength Potion"},{"floor":18,"key":"Fire Potion"},{"floor":21,"key":"GamblersBrew"},{"floor":23,"key":"Ancient Potion"},{"floor":29,"key":"Dexterity Potion"}],"is_trial":false,"path_per_floor":["M","?","M","$","M","R","M","R","T","?","M","E","M","$","R","B",null,"M","M","M","M","?","E","?","R","T","$","?","M","M"],"character_chosen":"IRONCLAD","items_purchased":["Blood Vial","Membership Card","Inflame"],"campfire_rested":3,"item_purchase_floors":[4,14,27],"current_hp_per_floor":[78,70,76,76,80,80,41,65,65,49,56,59,64,64,80,80,80,70,70,66,49,49,23,23,48,48,48,48,24,0],"gold":51,"neow_bonus":"THREE_ENEMY_KILL","is_prod":false,"is_daily":false,"chose_seed":false,"campfire_upgraded":1,"win_rate":0,"timestamp":1550044174,"path_taken":["M","?","?","?","M","R","M","R","T","?","M","E","M","?","R","BOSS","M","M","?","M","?","E","?","R","T","$","?","M","M"],"build_version":"2019-01-23","purchased_purges":0,"victory":false,"max_hp_per_floor":[80,80,80,80,80,80,80,80,80,80,80,80,80,80,80,80,80,80,83,83,86,86,86,86,86,86,86,86,86,86],"card_choices":[{"not_picked":["Thunderclap","Body Slam"],"picked":"Flex","floor":1},{"not_picked":["Havoc","Flex"],"picked":"Anger","floor":3},{"not_picked":["Hemokinesis","Bloodletting"],"picked":"Flex","floor":5},{"not_picked":["Searing Blow","Burning Pact"],"picked":"Thunderclap","floor":7},{"not_picked":["Headbutt","Sword Boomerang"],"picked":"Clothesline","floor":11},{"not_picked":["Cleave","Evolve"],"picked":"Immolate","floor":12},{"not_picked":["Wild Strike","Power Through"],"picked":"True Grit","floor":13},{"not_picked":["Barricade","Fiend Fire"],"picked":"Feed","floor":16},{"not_picked":["Clothesline","Twin Strike"],"picked":"Sword Boomerang+1","floor":18},{"not_picked":["Wild Strike","Headbutt+1"],"picked":"Burning Pact","floor":19},{"not_picked":["Iron Wave","Entrench","Body Slam"],"picked":"SKIP","floor":20},{"not_picked":["Clothesline","Wild Strike+1"],"picked":"Twin Strike+1","floor":21},{"not_picked":["Corruption","Thunderclap"],"picked":"Berserk","floor":23},{"not_picked":["Havoc+1","Clothesline"],"picked":"Warcry+1","floor":29}],"player_experience":375414,"relics_obtained":[{"floor":9,"key":"Anchor"},{"floor":12,"key":"Bronze Scales"},{"floor":23,"key":"Vajra"},{"floor":26,"key":"Smiling Mask"}],"event_choices":[{"damage_healed":0,"gold_gain":75,"player_choice":"Touch","damage_taken":8,"max_hp_gain":0,"max_hp_loss":0,"event_name":"FaceTrader","floor":2,"gold_loss":0},{"damage_healed":0,"gold_gain":0,"player_choice":"Entered Light","damage_taken":16,"max_hp_gain":0,"max_hp_loss":0,"event_name":"Shining Light","floor":10,"gold_loss":0,"cards_upgraded":["Anger","Strike_R"]},{"cards_removed":["Strike_R"],"damage_healed":0,"gold_gain":0,"player_choice":"Gave Gold","damage_taken":0,"max_hp_gain":0,"max_hp_loss":0,"event_name":"Beggar","floor":22,"gold_loss":75},{"damage_healed":0,"gold_gain":0,"player_choice":"Obtained Relic","damage_taken":0,"relics_obtained":["War Paint"],"max_hp_gain":0,"max_hp_loss":0,"event_name":"Addict","floor":24,"gold_loss":85},{"damage_healed":0,"gold_gain":0,"player_choice":"Inject Mutagens","damage_taken":0,"relics_obtained":["MutagenicStrength"],"max_hp_gain":0,"max_hp_loss":0,"event_name":"Drug Dealer","floor":28,"gold_loss":0}],"is_beta":false,"boss_relics":[{"not_picked":["Snecko Eye","Runic Pyramid"],"picked":"Philosopher\u0027s Stone"}],"items_purged_floors":[],"is_endless":false,"potions_floor_spawned":[3,7,11,12,16,18,19,21,23,29],"killed_by":"Snecko","ascension_level":8}