{"gold_per_floor":[118,118,118,129,79,79,134,134,134,109,121,154,154,167,167,265,265,282,301,313,29,49,49,68,68,95,95,47,47,64,133,133,237,237,255,209,209,228,228,228,258,274,325,350,350,369,387,387,387,387],"floor_reached":51,"playtime":1437,"items_purged":[],"score":800,"play_id":"1d2c4a5e-b524-40b2-917f-b7f0fa6500a5","local_time":"20181229201947","is_ascension_mode":false,"campfire_choices":[{"data":"Perfected Strike","floor":6.0,"key":"SMITH"},{"data":"Bash","floor":8.0,"key":"SMITH"},{"data":"Armaments","floor":13.0,"key":"SMITH"},{"data":"Perfected Strike","floor":15.0,"key":"SMITH"},{"data":"Perfected Strike","floor":23.0,"key":"SMITH"},{"data":"Flex","floor":25.0,"key":"SMITH"},{"data":"Warcry","floor":29.0,"key":"SMITH"},{"data":"Perfected Strike","floor":32.0,"key":"SMITH"},{"data":"Clothesline","floor":40.0,"key":"SMITH"},{"data":"Flex","floor":45.0,"key":"SMITH"},{"data":"Clash","floor":49.0,"key":"SMITH"}],"neow_cost":"NONE","seed_source_timestamp":709778560165202,"circlet_count":0,"master_deck":["Strike_R","Strike_R","Strike_R","Strike_R","Defend_R+1","Defend_R","Defend_R","Defend_R+1","Bash+1","Clash+1","Twin Strike","Clash","Perfected Strike+1","Warcry+1","Armaments+1","Headbutt","Flex+1","Perfected Strike+1","Cleave+1","Clash+1","Iron Wave","Thunderclap","Perfected Strike+1","Shrug It Off+1","Ghostly","Ghostly","Ghostly","Ghostly","Ghostly","Twin Strike","Perfected Strike+1","Armaments+1","Clothesline+1","Pommel Strike+1","Flex+1"],"special_seed":0,"relics":["Black Blood","Torii","War Paint","Bronze Scales","Matryoshka","Omamori","Red Skull","Ancient Tea Set","Dodecahedron","Velvet Choker","Strawberry","Oddly Smooth Stone","Happy Flower"],"potions_floor_usage":[50,50,50],"damage_taken":[{"damage":6.0,"enemies":"2 Louse","floor":1.0,"turns":3.0},{"damage":1.0,"enemies":"Cultist","floor":4.0,"turns":3.0},{"damage":11.0,"enemies":"Gremlin Nob","floor":7.0,"turns":3.0},{"damage":0.0,"enemies":"Small Slimes","floor":11.0,"turns":2.0},{"damage":14.0,"enemies":"Gremlin Nob","floor":12.0,"turns":3.0},{"damage":0.0,"enemies":"Exordium Wildlife","floor":14.0,"turns":3.0},{"damage":37.0,"enemies":"Hexaghost","floor":16.0,"turns":5.0},{"damage":1.0,"enemies":"Spheric Guardian","floor":18.0,"turns":3.0},{"damage":10.0,"enemies":"Shell Parasite","floor":19.0,"turns":2.0},{"damage":18.0,"enemies":"Shelled Parasite and Fungi","floor":20.0,"turns":2.0},{"damage":21.0,"enemies":"Snake Plant","floor":22.0,"turns":3.0},{"damage":14.0,"enemies":"Centurion and Healer","floor":24.0,"turns":3.0},{"damage":0.0,"enemies":"Sentry and Sphere","floor":30.0,"turns":5.0},{"damage":32.0,"enemies":"Collector","floor":33.0,"turns":4.0},{"damage":2.0,"enemies":"3 Darklings","floor":35.0,"turns":6.0},{"damage":10.0,"enemies":"3 Shapes","floor":38.0,"turns":4.0},{"damage":28.0,"enemies":"Nemesis","floor":41.0,"turns":5.0},{"damage":2.0,"enemies":"Maw","floor":42.0,"turns":7.0},{"damage":3.0,"enemies":"Writhing Mass","floor":46.0,"turns":3.0},{"damage":2.0,"enemies":"3 Darklings","floor":47.0,"turns":5.0},{"damage":43,"enemies":"Donu and Deca","floor":50,"turns":9}],"seed_played":"-4903167373379231723","potions_obtained":[{"floor":1.0,"key":"EntropicBrew"},{"floor":16.0,"key":"Strength Potion"},{"floor":30.0,"key":"SteroidPotion"},{"floor":35.0,"key":"SteroidPotion"}],"is_trial":false,"path_per_floor":["M","?","$","M","$","R","?","R","T","$","M","E","R","M","R","B",null,"M","M","M","$","M","R","M","R","T","?","$","R","M","T","R","B",null,"M","$","?","M","?","R","E","M","T","T","R","M","M","?","R","B",null],"character_chosen":"IRONCLAD","items_purchased":["Perfected Strike","Armaments","Matryoshka","Thunderclap","Twin Strike","Clothesline"],"campfire_rested":0,"item_purchase_floors":[5,10,21,21,28,36],"current_hp_per_floor":[80,80,80,80,80,80,75,75,75,75,80,72,72,78,78,47,80,80,80,72,72,61,61,62,62,62,40,40,40,40,40,40,18,40,40,40,40,40,40,40,29,37,37,37,37,44,47,45,45,12],"gold":387,"neow_bonus":"THREE_CARDS","is_prod":false,"is_daily":false,"chose_seed":false,"campfire_upgraded":11,"win_rate":0,"timestamp":1546107587,"path_taken":["M","?","$","?","$","R","?","R","T","?","M","E","R","M","R","BOSS","M","?","M","?","M","R","M","R","T","?","$","R","M","?","R","BOSS","M","$","?","M","?","R","E","M","T","?","R","?","M","?","R","BOSS"],"build_version":"2018-12-20","purchased_purges":0,"victory":true,"max_hp_per_floor":[80,80,80,80,80,80,80,80,80,80,80,80,80,80,80,80,80,80,80,80,80,80,80,80,80,80,40,40,40,40,40,40,40,40,40,40,40,40,40,40,47,47,47,47,47,47,47,45,45,45],"card_choices":[{"not_picked":["Power Through","Pommel Strike"],"picked":"Clash","floor":0.0},{"not_picked":["Dropkick","Feel No Pain"],"picked":"Twin Strike","floor":1.0},{"not_picked":["Sword Boomerang","Combust"],"picked":"Clash","floor":4.0},{"not_picked":["Heavy Blade","Blood for Blood"],"picked":"Warcry","floor":7.0},{"not_picked":["Havoc","Flame Barrier"],"picked":"Headbutt","floor":11.0},{"not_picked":["Second Wind","Power Through"],"picked":"Flex","floor":12.0},{"not_picked":["Wild Strike","Armaments"],"picked":"Perfected Strike","floor":14.0},{"not_picked":["Uppercut","Armaments"],"picked":"Cleave+1","floor":18.0},{"not_picked":["Second Wind","Clothesline"],"picked":"Clash+1","floor":19.0},{"not_picked":["Havoc","Heavy Blade+1"],"picked":"Iron Wave","floor":20.0},{"not_picked":["Clothesline+1","Pommel Strike+1"],"picked":"Perfected Strike","floor":22.0},{"not_picked":["Havoc","True Grit+1"],"picked":"Shrug It Off+1","floor":24.0},{"not_picked":["Flame Barrier","Iron Wave+1"],"picked":"Perfected Strike","floor":30.0},{"not_picked":["Carnage","Body Slam+1"],"picked":"Armaments+1","floor":35.0},{"not_picked":["Cleave+1","Iron Wave+1"],"picked":"Pommel Strike+1","floor":38.0},{"not_picked":["Disarm","Flame Barrier","Sentinel+1"],"picked":"SKIP","floor":41.0},{"not_picked":["True Grit+1","Second Wind"],"picked":"Flex","floor":42.0},{"not_picked":["Carnage","Anger","Intimidate+1"],"picked":"SKIP","floor":46.0},{"not_picked":["Shrug It Off","Sword Boomerang","Heavy Blade+1"],"picked":"SKIP","floor":47.0}],"player_experience":54244,"relics_obtained":[{"floor":7.0,"key":"Torii"},{"floor":9.0,"key":"War Paint"},{"floor":12.0,"key":"Bronze Scales"},{"floor":26.0,"key":"Omamori"},{"floor":26.0,"key":"Red Skull"},{"floor":31.0,"key":"Ancient Tea Set"},{"floor":31.0,"key":"Dodecahedron"},{"floor":41.0,"key":"Strawberry"},{"floor":43.0,"key":"Oddly Smooth Stone"},{"floor":44.0,"key":"Happy Flower"}],"event_choices":[{"damage_healed":0.0,"max_hp_gain":0.0,"max_hp_loss":0.0,"gold_gain":0.0,"event_name":"Purifier","player_choice":"Ignored","floor":2.0,"gold_loss":0.0,"damage_taken":0.0},{"damage_healed":0.0,"max_hp_gain":0.0,"max_hp_loss":0.0,"gold_gain":0.0,"event_name":"Dead Adventurer","player_choice":"Searched \u00272\u0027 times","floor":7.0,"gold_loss":0.0,"damage_taken":0.0},{"damage_healed":0.0,"max_hp_gain":0.0,"max_hp_loss":40.0,"gold_gain":0.0,"event_name":"Ghosts","player_choice":"Became a Ghost","floor":27.0,"gold_loss":0.0,"damage_taken":0.0,"cards_obtained":["Ghostly","Ghostly","Ghostly","Ghostly","Ghostly"]},{"damage_healed":0.0,"max_hp_gain":0.0,"max_hp_loss":0.0,"gold_gain":0.0,"event_name":"Tomb of Lord Red Mask","player_choice":"Ignored","floor":37.0,"gold_loss":0.0,"damage_taken":0.0},{"cards_removed":["Strike_R"],"damage_healed":0.0,"max_hp_gain":0.0,"max_hp_loss":0.0,"gold_gain":0.0,"event_name":"Falling","player_choice":"Removed Attack","floor":39.0,"gold_loss":0.0,"damage_taken":0.0},{"damage_healed":0.0,"max_hp_gain":0.0,"max_hp_loss":2.0,"gold_gain":0.0,"event_name":"Winding Halls","player_choice":"Max HP","floor":48.0,"gold_loss":0.0,"damage_taken":0.0}],"is_beta":false,"boss_relics":[{"not_picked":["Black Star","Calling Bell"],"picked":"Black Blood"},{"not_picked":["Mark of Pain","Snecko Eye"],"picked":"Velvet Choker"}],"items_purged_floors":[],"is_endless":false,"potions_floor_spawned":[1,4,12,16,18,20,30,35,42,47],"ascension_level":0}