{"gold_per_floor":[219,219,233,2,2,17,35,35,80,80,90,22,22,22,22,153,153,176,176,190,47,65,79,79,99,150,150,191,191,191,216,216,216],"floor_reached":33,"playtime":968,"items_purged":["Strike_B"],"score":282,"play_id":"d544eecf-1598-4830-9f90-e65226453134","local_time":"20190219143625","is_ascension_mode":false,"campfire_choices":[{"data":"Zap","floor":8,"key":"SMITH"},{"data":"Go for the Eyes","floor":10,"key":"SMITH"},{"data":"Hello World","floor":13,"key":"SMITH"},{"data":"Ball Lightning","floor":15,"key":"SMITH"},{"data":"Rainbow","floor":24,"key":"SMITH"},{"data":"Defend_B","floor":27,"key":"SMITH"},{"data":"Defend_B","floor":29,"key":"SMITH"},{"data":"Fission","floor":32,"key":"SMITH"}],"neow_cost":"NONE","seed_source_timestamp":8666577671899,"circlet_count":0,"master_deck":["Strike_B","Strike_B","Strike_B","Defend_B+1","Defend_B","Defend_B+1","Defend_B+1","Zap+1","Dualcast+1","Go for the Eyes+1","Ball Lightning+1","Cold Snap","Hello World+1","Rainbow+1","Decay","Cold Snap","Ball Lightning","Fission+1","Fusion"],"relics":["Cracked Core","Ancient Tea Set","War Paint","Bag of Preparation","Golden Idol","Busted Crown","DataDisk","Omamori","Unceasing Top"],"potions_floor_usage":[7,25,33,33],"damage_taken":[{"damage":1,"enemies":"Jaw Worm","floor":1,"turns":3},{"damage":0,"enemies":"Cultist","floor":3,"turns":3},{"damage":0,"enemies":"Small Slimes","floor":6,"turns":3},{"damage":0,"enemies":"Looter","floor":7,"turns":3},{"damage":0,"enemies":"Large Slime","floor":11,"turns":4},{"damage":6,"enemies":"The Guardian","floor":16,"turns":10},{"damage":1,"enemies":"Spheric Guardian","floor":18,"turns":4},{"damage":11,"enemies":"Shell Parasite","floor":20,"turns":4},{"damage":12,"enemies":"Snake Plant","floor":22,"turns":3},{"damage":3,"enemies":"3 Cultists","floor":23,"turns":4},{"damage":4,"enemies":"Snecko","floor":25,"turns":6},{"damage":0,"enemies":"Book of Stabbing","floor":28,"turns":5},{"damage":0,"enemies":"Chosen and Byrds","floor":31,"turns":5},{"damage":39,"enemies":"Champ","floor":33,"turns":7}],"seed_played":"-3582176466850682821","potions_obtained":[{"floor":3,"key":"SkillPotion"},{"floor":6,"key":"PowerPotion"},{"floor":7,"key":"Weak Potion"},{"floor":23,"key":"Weak Potion"},{"floor":25,"key":"Fire Potion"}],"is_trial":false,"path_per_floor":["M","?","M","$","?","M","M","R","T","R","M","$","R","?","R","B",null,"M","?","M","$","M","M","R","M","T","R","E","R","?","M","R","B"],"character_chosen":"DEFECT","items_purchased":["War Paint","Hello World","DataDisk"],"campfire_rested":0,"item_purchase_floors":[4,12,21],"current_hp_per_floor":[74,67,67,67,75,75,75,75,75,75,75,75,75,69,69,63,69,68,68,57,57,45,42,42,38,38,38,38,38,38,38,38,0],"gold":216,"neow_bonus":"HUNDRED_GOLD","is_prod":false,"is_daily":false,"chose_seed":false,"campfire_upgraded":8,"win_rate":0,"timestamp":1550608585,"path_taken":["M","?","M","$","?","M","M","R","T","R","?","$","R","?","R","BOSS","M","?","M","?","M","?","R","M","T","R","E","R","?","M","R","BOSS"],"build_version":"2019-01-23","purchased_purges":1,"victory":false,"max_hp_per_floor":[75,75,75,75,75,75,75,75,75,75,75,75,75,69,69,69,69,69,69,69,69,69,69,69,69,69,69,69,69,69,69,69,69],"card_choices":[{"not_picked":["Stack","Scrape","Barrage"],"picked":"SKIP","floor":1},{"not_picked":["Steam","Barrage"],"picked":"Go for the Eyes","floor":3},{"not_picked":["Auto Shields","Sweeping Beam"],"picked":"Ball Lightning","floor":6},{"not_picked":["Compile Driver","Gash"],"picked":"Cold Snap","floor":7},{"not_picked":["Stack","Hologram","Steam"],"picked":"SKIP","floor":11},{"not_picked":["Hyperbeam","Amplify"],"picked":"Rainbow","floor":16},{"not_picked":["Rebound"],"picked":"SKIP","floor":18},{"not_picked":[],"picked":"Cold Snap","floor":20},{"not_picked":[],"picked":"Ball Lightning","floor":22},{"not_picked":["Static Discharge"],"picked":"SKIP","floor":23},{"not_picked":["Darkness"],"picked":"SKIP","floor":25},{"not_picked":["Barrage+1"],"picked":"SKIP","floor":28},{"not_picked":[],"picked":"Fusion","floor":31}],"player_experience":882860,"relics_obtained":[{"floor":9,"key":"Bag of Preparation"},{"floor":26,"key":"Omamori"},{"floor":28,"key":"Unceasing Top"}],"event_choices":[{"damage_healed":0,"gold_gain":0,"player_choice":"Success","damage_taken":7,"relics_obtained":["Ancient Tea Set"],"max_hp_gain":0,"max_hp_loss":0,"event_name":"Scrap Ooze","floor":2,"gold_loss":0},{"damage_healed":8,"gold_gain":0,"player_choice":"Full Heal","damage_taken":0,"max_hp_gain":0,"max_hp_loss":0,"event_name":"Wheel of Change","floor":5,"gold_loss":0},{"damage_healed":0,"gold_gain":0,"player_choice":"Lose Max HP","damage_taken":0,"relics_obtained":["Golden Idol"],"max_hp_gain":0,"max_hp_loss":6,"event_name":"Golden Idol","floor":14,"gold_loss":0},{"damage_healed":0,"gold_gain":0,"player_choice":"Cursed","damage_taken":0,"max_hp_gain":0,"max_hp_loss":0,"event_name":"Wheel of Change","floor":19,"gold_loss":0,"cards_obtained":["Decay"]},{"damage_healed":0,"gold_gain":0,"player_choice":"Read","damage_taken":0,"max_hp_gain":0,"max_hp_loss":0,"event_name":"The Library","floor":30,"gold_loss":0,"cards_obtained":["Fission"]}],"is_beta":false,"boss_relics":[{"not_picked":["Fusion Hammer","Empty Cage"],"picked":"Busted Crown"}],"items_purged_floors":[4],"is_endless":false,"potions_floor_spawned":[3,6,7,23,25],"killed_by":"Champ","ascension_level":0}