{"gold_per_floor":[15,15,15,35,35,76,91,91,144,94,94,133,153,171,171,291,291,309,333,358,378,72,91,135,135,188,188,188,222,235,256,256,385,385,399,147,165,165,19,19,35,35,35,35,75,0,19,42,42,42],"floor_reached":51,"playtime":1916,"items_purged":["Defend_R"],"score":879,"play_id":"ce9ec2fa-5d44-401d-a897-86a36b1951cf","local_time":"20190118222636","is_ascension_mode":true,"campfire_choices":[{"data":"True Grit","floor":8,"key":"SMITH"},{"data":"Limit Break","floor":15,"key":"SMITH"},{"floor":28,"key":"REST"},{"floor":32,"key":"REST"},{"floor":40,"key":"REST"},{"data":"Heavy Blade","floor":42,"key":"SMITH"},{"floor":44,"key":"REST"},{"floor":49,"key":"REST"}],"neow_cost":"NO_GOLD","seed_source_timestamp":506165445380557,"circlet_count":0,"master_deck":["Strike_R","Strike_R+1","Strike_R","Defend_R","Defend_R+1","Defend_R","Bash+1","True Grit+1","Shrug It Off","Headbutt","Rampage","Limit Break+1","Twin Strike","Clothesline","Twin Strike","Rage","Limit Break+1","Iron Wave+1","Flex+1","Disarm","Flame Barrier","Battle Trance+1","Carnage+1","Corruption+1","Shockwave","Shrug It Off","Demon Form+1","Heavy Blade+1","Sword Boomerang+1"],"relics":["Burning Blood","WingedGreaves","Golden Idol","Red Skull","Tiny Chest","Ornamental Fan","Velvet Choker","StoneCalendar","Regal Pillow","Potion Belt","Dodecahedron","Ginger","Busted Crown","Matryoshka","Pen Nib","War Paint","Molten Egg 2","Pantograph"],"potions_floor_usage":[18,29,50,50,50,50,50],"damage_taken":[{"damage":10,"enemies":"Small Slimes","floor":1,"turns":5},{"damage":0,"enemies":"2 Louse","floor":4,"turns":3},{"damage":15,"enemies":"Gremlin Nob","floor":6,"turns":4},{"damage":0,"enemies":"Jaw Worm","floor":7,"turns":2},{"damage":23,"enemies":"3 Sentries","floor":12,"turns":8},{"damage":2,"enemies":"3 Louse","floor":13,"turns":4},{"damage":0,"enemies":"Exordium Thugs","floor":14,"turns":4},{"damage":0,"enemies":"Slime Boss","floor":16,"turns":7},{"damage":3,"enemies":"Chosen","floor":18,"turns":4},{"damage":9,"enemies":"3 Byrds","floor":19,"turns":8},{"damage":8,"enemies":"3 Cultists","floor":20,"turns":6},{"damage":14,"enemies":"Centurion and Healer","floor":21,"turns":8},{"damage":27,"enemies":"Chosen and Byrds","floor":23,"turns":7},{"damage":39,"enemies":"Slavers","floor":24,"turns":3},{"damage":22,"enemies":"Gremlin Leader","floor":29,"turns":4},{"damage":6,"enemies":"Snecko","floor":30,"turns":4},{"damage":9,"enemies":"Centurion and Healer","floor":31,"turns":4},{"damage":68,"enemies":"Automaton","floor":33,"turns":10},{"damage":61,"enemies":"3 Darklings","floor":35,"turns":7},{"damage":8,"enemies":"3 Shapes","floor":37,"turns":3},{"damage":30,"enemies":"3 Darklings","floor":41,"turns":5},{"damage":1,"enemies":"Giant Head","floor":45,"turns":5},{"damage":19,"enemies":"Transient","floor":47,"turns":5},{"damage":29,"enemies":"Sphere and 2 Shapes","floor":48,"turns":6},{"damage":54,"enemies":"Awakened One","floor":50,"turns":7}],"seed_played":"-6914748109700705614","potions_obtained":[{"floor":4,"key":"Fire Potion"},{"floor":7,"key":"GamblersBrew"},{"floor":12,"key":"GamblersBrew"},{"floor":16,"key":"Fire Potion"},{"floor":21,"key":"LiquidBronze"},{"floor":23,"key":"PowerPotion"},{"floor":29,"key":"SpeedPotion"},{"floor":30,"key":"SkillPotion"},{"floor":47,"key":"LiquidBronze"},{"floor":48,"key":"Poison Potion"}],"is_trial":false,"path_per_floor":["M","?","?","M","?","E","M","R","T","$","?","E","M","M","R","B",null,"M","M","M","M","$","M","E","$","T","?","R","E","M","M","R","B",null,"M","$","M","?","$","R","M","R","T","R","E","$","M","M","R","B",null],"character_chosen":"IRONCLAD","items_purchased":["Twin Strike","StoneCalendar","Matryoshka","Pen Nib"],"campfire_rested":5,"item_purchase_floors":[10,22,36,39],"current_hp_per_floor":[76,56,40,46,46,37,43,43,43,43,43,26,30,36,36,42,80,80,77,75,67,67,46,13,13,13,13,52,36,36,33,72,10,80,25,25,23,23,23,62,38,38,38,77,80,80,67,44,80,32],"gold":42,"neow_bonus":"ONE_RARE_RELIC","is_prod":false,"is_daily":false,"chose_seed":false,"campfire_upgraded":3,"win_rate":0,"timestamp":1547843196,"path_taken":["M","?","?","M","?","E","M","R","T","?","?","E","M","?","R","BOSS","M","?","M","M","$","M","E","?","T","?","R","E","M","M","R","BOSS","M","$","M","?","?","R","M","R","T","R","E","$","M","M","R","BOSS"],"build_version":"2019-01-17v2","purchased_purges":1,"victory":true,"max_hp_per_floor":[80,80,80,80,80,80,80,80,80,80,80,80,80,80,80,80,80,80,80,80,80,80,80,80,80,80,80,80,80,80,80,80,80,80,80,80,80,80,80,80,80,80,80,80,80,80,80,80,80,80],"card_choices":[{"not_picked":["Body Slam","Intimidate"],"picked":"True Grit","floor":1},{"not_picked":["Warcry","Clash"],"picked":"Shrug It Off","floor":4},{"not_picked":["Intimidate","Perfected Strike"],"picked":"Rampage","floor":6},{"not_picked":["Twin Strike","Headbutt"],"picked":"Limit Break","floor":7},{"not_picked":["Evolve","Iron Wave"],"picked":"Clothesline","floor":12},{"not_picked":["Havoc","Body Slam"],"picked":"Twin Strike","floor":13},{"not_picked":["Thunderclap","Bludgeon"],"picked":"Rage","floor":14},{"not_picked":["Berserk","Juggernaut"],"picked":"Limit Break","floor":16},{"not_picked":["Clothesline+1","Heavy Blade"],"picked":"Iron Wave+1","floor":18},{"not_picked":["Iron Wave","True Grit"],"picked":"Flex+1","floor":19},{"not_picked":["Wild Strike","True Grit"],"picked":"Disarm","floor":20},{"not_picked":["Power Through","Havoc"],"picked":"Flame Barrier","floor":21},{"not_picked":["Shrug It Off","Havoc"],"picked":"Battle Trance+1","floor":23},{"not_picked":["Bludgeon","Evolve"],"picked":"Carnage+1","floor":24},{"not_picked":["Power Through+1","Rupture"],"picked":"Corruption+1","floor":29},{"not_picked":["Cleave","Flex"],"picked":"Shockwave","floor":30},{"not_picked":["Perfected Strike","Armaments"],"picked":"Shrug It Off","floor":31},{"not_picked":["Offering","Immolate"],"picked":"Demon Form","floor":33},{"not_picked":["Headbutt"],"picked":"SKIP","floor":35},{"not_picked":["Rage"],"picked":"SKIP","floor":37},{"not_picked":[],"picked":"Heavy Blade","floor":41},{"not_picked":["Ghostly Armor"],"picked":"SKIP","floor":45},{"not_picked":["Shrug It Off"],"picked":"SKIP","floor":47},{"not_picked":[],"picked":"Sword Boomerang+1","floor":48}],"player_experience":101995,"relics_obtained":[{"floor":6,"key":"Red Skull"},{"floor":9,"key":"Tiny Chest"},{"floor":12,"key":"Ornamental Fan"},{"floor":24,"key":"Regal Pillow"},{"floor":26,"key":"Potion Belt"},{"floor":29,"key":"Ginger"},{"floor":43,"key":"War Paint"},{"floor":43,"key":"Molten Egg 2"},{"floor":45,"key":"Pantograph"}],"event_choices":[{"damage_healed":0,"gold_gain":0,"player_choice":"Take Damage","damage_taken":20,"relics_obtained":["Golden Idol"],"max_hp_gain":0,"max_hp_loss":0,"event_name":"Golden Idol","floor":2,"gold_loss":0},{"damage_healed":0,"gold_gain":0,"player_choice":"Entered Light","damage_taken":16,"max_hp_gain":0,"max_hp_loss":0,"event_name":"Shining Light","floor":3,"gold_loss":0,"cards_upgraded":["Bash","Strike_R"]},{"damage_healed":0,"gold_gain":0,"cards_transformed":["Strike_R"],"player_choice":"Change","damage_taken":0,"max_hp_gain":0,"max_hp_loss":0,"event_name":"Living Wall","floor":5,"gold_loss":0,"cards_obtained":["Headbutt"]},{"cards_removed":["Strike_R"],"damage_healed":0,"gold_gain":0,"player_choice":"Purged","damage_taken":0,"max_hp_gain":0,"max_hp_loss":0,"event_name":"Purifier","floor":11,"gold_loss":0},{"damage_healed":0,"gold_gain":0,"player_choice":"Opened","damage_taken":0,"relics_obtained":["Dodecahedron"],"max_hp_gain":0,"max_hp_loss":0,"event_name":"The Mausoleum","floor":27,"gold_loss":0},{"damage_healed":0,"gold_gain":0,"player_choice":"Upgraded","damage_taken":0,"max_hp_gain":0,"max_hp_loss":0,"event_name":"Upgrade Shrine","floor":38,"gold_loss":0,"cards_upgraded":["Demon Form"]}],"is_beta":false,"boss_relics":[{"not_picked":["Cursed Key","White Beast Statue"],"picked":"Velvet Choker"},{"not_picked":["Eternal Feather","Lizard Tail"],"picked":"Busted Crown"}],"items_purged_floors":[46],"is_endless":false,"potions_floor_spawned":[4,7,12,16,21,23,29,30,47,48],"ascension_level":2}