{"gold_per_floor":[109,109,129,141,91,121,133,133,133,148,148,160,160,189,189,189],"floor_reached":16,"playtime":880,"items_purged":[],"score":112,"play_id":"8edba58d-335f-4aa3-8f30-878daf3bf93d","local_time":"20181030203730","is_ascension_mode":false,"campfire_choices":[{"data":"Whirlwind","floor":8,"key":"SMITH"},{"data":"Good Instincts","floor":11,"key":"SMITH"},{"data":"Armaments","floor":15,"key":"SMITH"}],"neow_cost":"PERCENT_DAMAGE","seed_source_timestamp":159603065840043,"circlet_count":0,"master_deck":["Strike_R","Strike_R","Strike_R","Strike_R","Defend_R","Defend_R","Defend_R","Defend_R","Bash","Good Instincts+1","Transmutation","Whirlwind+1","Headbutt","Cleave","Inflame","Burning Pact","Armaments+1","Whirlwind"],"relics":["Burning Blood","Bag of Marbles","Dodecahedron","Sundial","Pear"],"potions_floor_usage":[14,14],"damage_taken":[{"damage":2,"enemies":"2 Louse","floor":1,"turns":3},{"damage":1,"enemies":"Cultist","floor":3,"turns":3},{"damage":6,"enemies":"Jaw Worm","floor":4,"turns":3},{"damage":24,"enemies":"3 Sentries","floor":6,"turns":7},{"damage":0,"enemies":"Large Slime","floor":7,"turns":5},{"damage":12,"enemies":"Blue Slaver","floor":10,"turns":4},{"damage":4,"enemies":"2 Fungi Beasts","floor":12,"turns":4},{"damage":27,"enemies":"Gremlin Nob","floor":14,"turns":5},{"damage":14,"enemies":"Hexaghost","floor":16,"turns":10}],"seed_played":"1146027801408692853","potions_obtained":[{"floor":6,"key":"GamblersBrew"},{"floor":7,"key":"SpeedPotion"},{"floor":10,"key":"Dexterity Potion"}],"is_trial":false,"path_per_floor":["M","?","M","M","?","E","M","R","T","M","R","M","?","E","R"],"character_chosen":"IRONCLAD","items_purchased":[],"campfire_rested":0,"item_purchase_floors":[],"current_hp_per_floor":[60,60,65,65,65,47,53,53,53,47,47,49,31,20,20,6],"gold":189,"neow_bonus":"RANDOM_COLORLESS_2","is_prod":false,"is_daily":false,"chose_seed":false,"campfire_upgraded":3,"win_rate":0.0,"timestamp":1540928250,"path_taken":["M","?","M","?","?","E","M","R","T","M","R","M","?","E","R","BOSS"],"build_version":"2018-10-29v2","purchased_purges":0,"victory":false,"max_hp_per_floor":[80,80,80,80,80,80,80,80,80,80,80,80,80,90,90,90],"card_choices":[{"not_picked":["Clash","Headbutt"],"picked":"Whirlwind","floor":1},{"not_picked":["Corruption","Pommel Strike"],"picked":"Headbutt","floor":3},{"not_picked":["Sword Boomerang","Feel No Pain"],"picked":"Cleave","floor":4},{"not_picked":["Entrench","Twin Strike"],"picked":"Inflame","floor":6},{"not_picked":["Infernal Blade","Headbutt"],"picked":"Burning Pact","floor":7},{"not_picked":["Twin Strike","Clothesline","Cleave"],"picked":"SKIP","floor":10},{"not_picked":["Headbutt","Flex"],"picked":"Armaments","floor":12},{"not_picked":["Corruption","Carnage"],"picked":"Whirlwind","floor":14}],"player_experience":583,"relics_obtained":[{"floor":6,"key":"Bag of Marbles"},{"floor":9,"key":"Dodecahedron"},{"floor":14,"key":"Pear"}],"event_choices":[{"damage_healed":0,"gold_gain":0,"player_choice":"Ignored","damage_taken":0,"max_hp_gain":0,"max_hp_loss":0,"event_name":"NoteForYourself","floor":2,"gold_loss":0},{"cards_removed":["Strike_R"],"damage_healed":0,"gold_gain":0,"player_choice":"Card Removal","damage_taken":0,"max_hp_gain":0,"max_hp_loss":0,"event_name":"The Cleric","floor":5,"gold_loss":50},{"damage_healed":0,"gold_gain":0,"player_choice":"Success","damage_taken":18,"relics_obtained":["Sundial"],"max_hp_gain":0,"max_hp_loss":0,"event_name":"Scrap Ooze","floor":13,"gold_loss":0}],"is_beta":true,"boss_relics":[],"items_purged_floors":[],"is_endless":false,"potions_floor_spawned":[6,7,10],"killed_by":"Hexaghost","ascension_level":0}