{"gold_per_floor":[114,64,64,64,64,98,98,134,180,180,25,25,49,72,72,203,203,226,226,240,263,286,286,307,307,307,48,64,64,64],"floor_reached":30,"playtime":2402,"items_purged":[],"score":274,"play_id":"9a36dbee-a891-4239-9e2b-7ec8ff21b727","local_time":"20190123002344","is_ascension_mode":true,"campfire_choices":[{"floor":7,"key":"REST"},{"floor":10,"key":"REST"},{"floor":12,"key":"REST"},{"data":"Echo Form","floor":15,"key":"SMITH"},{"floor":23,"key":"REST"}],"neow_cost":"NONE","seed_source_timestamp":906130944981848,"circlet_count":0,"master_deck":["Zap","Dualcast+1","Loop","Conserve Battery+1","Echo Form+1","Conserve Battery","Capacitor","Self Repair","Creative AI","BootSequence","Hologram","Coolheaded","Blizzard","Darkness","Steam","Go for the Eyes","Go for the Eyes","Reboot","Doom and Gloom"],"relics":["Cracked Core","Vajra","Golden Idol","Bronze Scales","Dodecahedron","War Paint","Happy Flower","Pandora\u0027s Box","Matryoshka","Gremlin Horn","MutagenicStrength"],"potions_floor_usage":[22,22,22,24],"damage_taken":[{"damage":1,"enemies":"Cultist","floor":1,"turns":3},{"damage":30,"enemies":"Gremlin Nob","floor":6,"turns":4},{"damage":2,"enemies":"Lagavulin","floor":8,"turns":6},{"damage":0,"enemies":"Small Slimes","floor":13,"turns":3},{"damage":0,"enemies":"2 Louse","floor":14,"turns":3},{"damage":13,"enemies":"The Guardian","floor":16,"turns":11},{"damage":20,"enemies":"Spheric Guardian","floor":18,"turns":5},{"damage":29,"enemies":"Chosen","floor":20,"turns":8},{"damage":38,"enemies":"Shelled Parasite and Fungi","floor":21,"turns":7},{"damage":1,"enemies":"Centurion and Healer","floor":22,"turns":8},{"damage":29,"enemies":"Snake Plant","floor":24,"turns":6},{"damage":20,"enemies":"Shelled Parasite and Fungi","floor":28,"turns":8},{"damage":13,"enemies":"Cultist and Chosen","floor":30,"turns":4}],"seed_played":"-1026745947030323152","potions_obtained":[{"floor":13,"key":"FocusPotion"},{"floor":14,"key":"Dexterity Potion"},{"floor":20,"key":"LiquidBronze"},{"floor":22,"key":"Block Potion"},{"floor":28,"key":"Strength Potion"}],"is_trial":false,"path_per_floor":["M","?","?","?","?","E","R","E","T","R","$","R","M","M","R","B",null,"M","?","M","M","M","R","M","?","T","$","M","?","M"],"character_chosen":"DEFECT","items_purchased":["Happy Flower","Gremlin Horn"],"campfire_rested":4,"item_purchase_floors":[11,27],"current_hp_per_floor":[74,74,67,64,46,16,38,36,36,58,58,75,75,75,75,69,75,62,62,40,16,22,44,22,22,22,22,9,9,0],"gold":64,"neow_bonus":"THREE_CARDS","is_prod":false,"is_daily":false,"chose_seed":false,"campfire_upgraded":1,"win_rate":0,"timestamp":1548231824,"path_taken":["M","?","?","?","?","E","R","E","T","R","$","R","M","M","R","BOSS","M","?","?","M","?","R","M","?","T","$","?","?","M"],"build_version":"2019-01-17v2","purchased_purges":0,"victory":false,"max_hp_per_floor":[75,75,75,75,75,75,75,75,75,75,75,75,75,75,75,75,75,75,75,75,75,75,75,75,75,75,75,75,75,75],"card_choices":[{"not_picked":["Stack","Hologram"],"picked":"Loop","floor":0},{"not_picked":["Compile Driver","Undo"],"picked":"Conserve Battery","floor":1},{"not_picked":["Skim","FTL"],"picked":"Echo Form","floor":6},{"not_picked":["Turbo","Hologram"],"picked":"Conserve Battery","floor":8},{"not_picked":["Beam Cell","Gash"],"picked":"Capacitor","floor":13},{"not_picked":["Chill","Static Discharge"],"picked":"Self Repair","floor":14},{"not_picked":["All For One","Echo Form"],"picked":"Creative AI","floor":16},{"not_picked":["Turbo","Self Repair"],"picked":"Steam","floor":18},{"not_picked":["Consume","Undo","Reprogram"],"picked":"SKIP","floor":20},{"not_picked":["Melter","Scrape"],"picked":"Go for the Eyes","floor":21},{"not_picked":["Streamline","Redo"],"picked":"Go for the Eyes","floor":22},{"not_picked":["Redo","Auto Shields","Consume"],"picked":"SKIP","floor":24},{"not_picked":["Go for the Eyes","Chaos+1"],"picked":"Doom and Gloom","floor":28}],"player_experience":202937,"relics_obtained":[{"floor":6,"key":"Bronze Scales"},{"floor":8,"key":"Dodecahedron"},{"floor":9,"key":"War Paint"},{"floor":26,"key":"Matryoshka"}],"event_choices":[{"cards_removed":["Defend_B"],"damage_healed":0,"gold_gain":0,"player_choice":"Card Removal","damage_taken":0,"max_hp_gain":0,"max_hp_loss":0,"event_name":"The Cleric","floor":2,"gold_loss":50},{"cards_removed":["Strike_B"],"damage_healed":0,"gold_gain":0,"player_choice":"Card Removal","damage_taken":7,"max_hp_gain":0,"max_hp_loss":0,"event_name":"Golden Wing","floor":3,"gold_loss":0},{"damage_healed":0,"gold_gain":0,"player_choice":"Success","damage_taken":3,"relics_obtained":["Vajra"],"max_hp_gain":0,"max_hp_loss":0,"event_name":"Scrap Ooze","floor":4,"gold_loss":0},{"damage_healed":0,"gold_gain":0,"player_choice":"Take Damage","damage_taken":18,"relics_obtained":["Golden Idol"],"max_hp_gain":0,"max_hp_loss":0,"event_name":"Golden Idol","floor":5,"gold_loss":0},{"damage_healed":0,"gold_gain":0,"player_choice":"Bought 0 Potions","damage_taken":0,"max_hp_gain":0,"max_hp_loss":0,"event_name":"The Woman in Blue","floor":19,"gold_loss":0},{"damage_healed":0,"gold_gain":0,"cards_transformed":["Capacitor"],"player_choice":"Transformed","damage_taken":0,"max_hp_gain":0,"max_hp_loss":0,"event_name":"Transmorgrifier","floor":25,"gold_loss":0,"cards_obtained":["Reboot"]},{"damage_healed":0,"gold_gain":0,"player_choice":"Inject Mutagens","damage_taken":0,"relics_obtained":["MutagenicStrength"],"max_hp_gain":0,"max_hp_loss":0,"event_name":"Drug Dealer","floor":29,"gold_loss":0}],"is_beta":false,"boss_relics":[{"not_picked":["Inserter","Runic Pyramid"],"picked":"Pandora\u0027s Box"}],"items_purged_floors":[],"is_endless":false,"potions_floor_spawned":[13,14,20,22,28],"killed_by":"Cultist and Chosen","ascension_level":3}