{"gold_per_floor":[113,126,126,126,145,145,165,165,165,180,180,212,222,249,249,354,354,264,283,283],"floor_reached":20,"playtime":2342,"items_purged":[],"score":237,"play_id":"5a06ff6c-b1e5-474c-94a0-716f64d9a766","local_time":"20190122234329","is_ascension_mode":true,"campfire_choices":[{"floor":6,"key":"REST"},{"data":"Loop","floor":8,"key":"SMITH"},{"floor":11,"key":"REST"},{"floor":15,"key":"REST"}],"neow_cost":"NONE","seed_source_timestamp":903775149508748,"circlet_count":0,"master_deck":["Strike_B","Strike_B+1","Strike_B","Strike_B","Defend_B","Defend_B+1","Defend_B","Defend_B","Zap","Dualcast","Conserve Battery","Redo","Loop+1","Capacitor","Genetic Algorithm","Coolheaded","Conserve Battery","Stack","Creative AI","Loop","Rip and Tear"],"relics":["Cracked Core","Pocketwatch","Du-Vu Doll","Pear","Philosopher\u0027s Stone"],"potions_floor_usage":[7,14,20],"damage_taken":[{"damage":1,"enemies":"Cultist","floor":1,"turns":3},{"damage":11,"enemies":"2 Louse","floor":2,"turns":3},{"damage":0,"enemies":"Jaw Worm","floor":5,"turns":2},{"damage":20,"enemies":"Gremlin Gang","floor":7,"turns":3},{"damage":6,"enemies":"Red Slaver","floor":10,"turns":3},{"damage":14,"enemies":"3 Sentries","floor":12,"turns":7},{"damage":8,"enemies":"Large Slime","floor":13,"turns":5},{"damage":21,"enemies":"Gremlin Nob","floor":14,"turns":4},{"damage":35,"enemies":"Slime Boss","floor":16,"turns":12},{"damage":35,"enemies":"2 Thieves","floor":18,"turns":5},{"damage":24,"enemies":"Spheric Guardian","floor":19,"turns":8},{"damage":37,"enemies":"Centurion and Healer","floor":20,"turns":9}],"seed_played":"2825173504655653988","potions_obtained":[{"floor":1,"key":"Fire Potion"},{"floor":10,"key":"SneckoOil"},{"floor":13,"key":"Weak Potion"},{"floor":16,"key":"Block Potion"},{"floor":19,"key":"Swift Potion"}],"is_trial":false,"path_per_floor":["M","M","$","?","M","R","M","R","T","M","R","E","M","E","R","B",null,"M","M","M"],"character_chosen":"DEFECT","items_purchased":[],"campfire_rested":3,"item_purchase_floors":[],"current_hp_per_floor":[81,70,70,54,54,78,58,58,58,52,76,62,54,43,70,35,92,57,33,0],"gold":283,"neow_bonus":"TEN_PERCENT_HP_BONUS","is_prod":false,"is_daily":false,"chose_seed":false,"campfire_upgraded":1,"win_rate":0,"timestamp":1548229409,"path_taken":["M","?","?","?","M","R","M","R","T","M","R","E","?","E","R","BOSS","M","M","?"],"build_version":"2019-01-17v2","purchased_purges":0,"victory":false,"max_hp_per_floor":[82,82,82,82,82,82,82,82,82,82,82,82,82,92,92,92,92,92,92,92],"card_choices":[{"not_picked":["Consume","Coolheaded"],"picked":"Conserve Battery","floor":1},{"not_picked":["Storm","Turbo"],"picked":"Redo","floor":2},{"not_picked":["Undo","Rebound"],"picked":"Loop","floor":5},{"not_picked":["Reinforced Body","Fusion"],"picked":"Capacitor","floor":7},{"not_picked":["Chill","Turbo"],"picked":"Genetic Algorithm","floor":10},{"not_picked":["Scrape","Gash"],"picked":"Coolheaded","floor":12},{"not_picked":["Go for the Eyes","Leap"],"picked":"Conserve Battery","floor":13},{"not_picked":["Auto Shields","Skim"],"picked":"Stack","floor":14},{"not_picked":["Multi-Cast","Core Surge"],"picked":"Creative AI","floor":16},{"not_picked":["Gash","Steam"],"picked":"Loop","floor":18},{"not_picked":["Go for the Eyes","Steam Power"],"picked":"Rip and Tear","floor":19}],"player_experience":200595,"relics_obtained":[{"floor":9,"key":"Pocketwatch"},{"floor":12,"key":"Du-Vu Doll"},{"floor":14,"key":"Pear"}],"event_choices":[{"damage_healed":0,"gold_gain":0,"player_choice":"Entered Light","damage_taken":16,"max_hp_gain":0,"max_hp_loss":0,"event_name":"Shining Light","floor":4,"gold_loss":0,"cards_upgraded":["Strike_B","Defend_B"]}],"is_beta":false,"boss_relics":[{"not_picked":["Inserter","Runic Pyramid"],"picked":"Philosopher\u0027s Stone"}],"items_purged_floors":[],"is_endless":false,"potions_floor_spawned":[1,10,13,16,19],"killed_by":"Centurion and Healer","ascension_level":3}