{"gold_per_floor":[119,119,137,137,150,179,179,179,202,219,236,236,236,268,268,371,371,383,394,394,404,503,503],"floor_reached":23,"playtime":1585,"items_purged":[],"score":291,"play_id":"63ebf64d-a251-4714-b811-ce9764696f29","local_time":"20190219005111","is_ascension_mode":true,"campfire_choices":[{"floor":8,"key":"REST"},{"floor":12,"key":"REST"},{"data":"Rainbow","floor":15,"key":"SMITH"}],"neow_cost":"NONE","seed_source_timestamp":281000046735755,"circlet_count":0,"master_deck":["Strike_B","Strike_B","Defend_B","Defend_B","Zap+1","Dualcast","Ball Lightning","Leap","Capacitor","FTL","Gash","Conserve Battery","Rainbow+1","Amplify","Doom and Gloom+1","Echo Form+1","Reinforced Body+1","Self Repair+1","Beam Cell","Rebound"],"relics":["Cracked Core","Bronze Scales","Bag of Preparation","Ancient Tea Set","Astrolabe"],"potions_floor_usage":[6,10,14,16,19],"damage_taken":[{"damage":2,"enemies":"Small Slimes","floor":1,"turns":3},{"damage":1,"enemies":"Cultist","floor":3,"turns":3},{"damage":2,"enemies":"Jaw Worm","floor":5,"turns":3},{"damage":38,"enemies":"Lagavulin","floor":6,"turns":6},{"damage":13,"enemies":"Lots of Slimes","floor":10,"turns":3},{"damage":4,"enemies":"Large Slime","floor":11,"turns":4},{"damage":8,"enemies":"Gremlin Nob","floor":14,"turns":3},{"damage":12,"enemies":"Slime Boss","floor":16,"turns":7},{"damage":19,"enemies":"Spheric Guardian","floor":18,"turns":4},{"damage":11,"enemies":"3 Byrds","floor":19,"turns":3},{"damage":15,"enemies":"Centurion and Healer","floor":21,"turns":4},{"damage":50,"enemies":"Slavers","floor":23,"turns":3}],"seed_played":"-3013721224430288243","potions_obtained":[{"floor":3,"key":"Regen Potion"},{"floor":6,"key":"LiquidBronze"},{"floor":7,"key":"FocusPotion"},{"floor":7,"key":"Weak Potion"},{"floor":10,"key":"Explosive Potion"},{"floor":18,"key":"PowerPotion"},{"floor":19,"key":"Poison Potion"}],"is_trial":false,"path_per_floor":["M","?","M","$","M","E","?","R","T","M","M","R","?","E","R","B",null,"M","M","?","M","?","E"],"character_chosen":"DEFECT","items_purchased":[],"campfire_rested":2,"item_purchase_floors":[],"current_hp_per_floor":[66,66,65,65,63,37,37,59,59,46,42,64,64,56,56,44,67,48,47,40,45,45,0],"gold":503,"neow_bonus":"UPGRADE_CARD","is_prod":false,"is_daily":false,"chose_seed":false,"campfire_upgraded":1,"win_rate":0,"timestamp":1550566271,"path_taken":["M","?","?","$","M","E","?","R","T","M","?","R","?","E","R","BOSS","M","M","?","?","?","E"],"build_version":"2019-01-23","purchased_purges":0,"victory":false,"max_hp_per_floor":[75,75,75,75,75,75,75,75,75,75,75,75,75,75,75,75,75,75,75,75,75,75,75],"card_choices":[{"not_picked":["Stack","Turbo"],"picked":"Ball Lightning","floor":1},{"not_picked":["Coolheaded","Streamline"],"picked":"Leap","floor":3},{"not_picked":["Recycle","Compile Driver"],"picked":"Capacitor","floor":5},{"not_picked":["Coolheaded","Rainbow"],"picked":"FTL","floor":6},{"not_picked":["Turbo","Stack"],"picked":"Gash","floor":10},{"not_picked":["Redo","Heatsinks"],"picked":"Conserve Battery","floor":11},{"not_picked":["Blizzard","Capacitor"],"picked":"Rainbow","floor":14},{"not_picked":["Machine Learning","Meteor Strike"],"picked":"Amplify","floor":16},{"not_picked":["Barrage+1","Rebound"],"picked":"Self Repair+1","floor":18},{"not_picked":["Turbo+1","Hologram"],"picked":"Beam Cell","floor":19},{"not_picked":["Tempest","Barrage"],"picked":"Rebound","floor":21}],"player_experience":444743,"relics_obtained":[{"floor":6,"key":"Bronze Scales"},{"floor":9,"key":"Bag of Preparation"},{"floor":14,"key":"Ancient Tea Set"}],"event_choices":[{"damage_healed":0,"gold_gain":0,"player_choice":"0 cards matched","damage_taken":0,"max_hp_gain":0,"max_hp_loss":0,"event_name":"Match and Keep!","floor":2,"gold_loss":0,"cards_obtained":[]},{"damage_healed":0,"gold_gain":0,"player_choice":"Got Potions","damage_taken":0,"max_hp_gain":0,"max_hp_loss":0,"event_name":"Lab","floor":7,"gold_loss":0},{"cards_removed":["Defend_B"],"damage_healed":0,"gold_gain":0,"player_choice":"Forget","damage_taken":0,"max_hp_gain":0,"max_hp_loss":0,"event_name":"Living Wall","floor":13,"gold_loss":0},{"damage_healed":0,"gold_gain":0,"player_choice":"","damage_taken":7,"max_hp_gain":0,"max_hp_loss":0,"event_name":"Knowing Skull","floor":20,"potions_obtained":[],"gold_loss":0,"cards_obtained":[]},{"damage_healed":0,"gold_gain":99,"player_choice":"Stole From Cult","damage_taken":0,"max_hp_gain":0,"max_hp_loss":0,"event_name":"Nest","floor":22,"gold_loss":0}],"is_beta":false,"boss_relics":[{"not_picked":["Lizard Tail","Pandora\u0027s Box"],"picked":"Astrolabe"}],"items_purged_floors":[],"is_endless":false,"potions_floor_spawned":[3,6,10,18,19],"killed_by":"Slavers","ascension_level":9}