{"gold_per_floor":[109,127,139,139,158,186,186,197,221,254,65,65,29,43,43,139,139,158,190,289,303,313,313,313,17,17,17,30,59,59,59,59,156,156,174,274,285,285,302,330,340,366,366,397,205,130,130,144,144,144],"floor_reached":51,"playtime":3153,"items_purged":["Strike_B"],"score":867,"play_id":"0e7781fa-25ed-42ad-86d9-de8ee989703c","local_time":"20190101020850","is_ascension_mode":true,"campfire_choices":[{"data":"Zap","floor":7,"key":"SMITH"},{"floor":12,"key":"REST"},{"data":"Conserve Battery","floor":15,"key":"SMITH"},{"data":"Consume","floor":23,"key":"SMITH"},{"data":"Dualcast","floor":27,"key":"SMITH"},{"floor":32,"key":"REST"},{"data":"1","floor":49,"key":"LIFT"}],"neow_cost":"NONE","seed_source_timestamp":77427022140708,"circlet_count":0,"master_deck":["Strike_B","Strike_B","Defend_B","Defend_B","Defend_B","Defend_B","Zap+1","Dualcast+1","Meteor Strike","Cold Snap","Steam","Compile Driver","Streamline","White Noise","Biased Cognition","Consume+1","Self Repair+1","Hello World+1","Conserve Battery+1","Creative AI+1","Doom and Gloom","Chill","Defragment+1","Heatsinks+1","Leap","Cold Snap+1","Go for the Eyes+1","Buffer+1","Beam Cell+1","Defragment+1","Capacitor+1","Capacitor+1","Echo Form+1"],"special_seed":0,"relics":["Cracked Core","Pen Nib","Centennial Puzzle","Bag of Preparation","Frozen Egg 2","Happy Flower","Velvet Choker","Red Mask","Molten Egg 2","Bottled Lightning","Juzu Bracelet","Potion Belt","Black Star","Girya","Orichalcum","Vajra","Dream Catcher","Bottled Tornado","Omamori","Mercury Hourglass","Art of War","ClockworkSouvenir"],"potions_floor_usage":[10,16,19,19,22,44,44,50,50,50,50,50,50,50,50],"damage_taken":[{"damage":1,"enemies":"Cultist","floor":1,"turns":3},{"damage":2,"enemies":"Jaw Worm","floor":2,"turns":3},{"damage":8,"enemies":"2 Louse","floor":3,"turns":2},{"damage":13,"enemies":"Blue Slaver","floor":5,"turns":3},{"damage":14,"enemies":"3 Sentries","floor":6,"turns":7},{"damage":3,"enemies":"Red Slaver","floor":8,"turns":2},{"damage":11,"enemies":"Gremlin Nob","floor":10,"turns":3},{"damage":0,"enemies":"Large Slime","floor":14,"turns":3},{"damage":39,"enemies":"Slime Boss","floor":16,"turns":10},{"damage":11,"enemies":"Shell Parasite","floor":18,"turns":5},{"damage":52,"enemies":"Masked Bandits","floor":19,"turns":5},{"damage":3,"enemies":"Chosen","floor":21,"turns":4},{"damage":2,"enemies":"Centurion and Healer","floor":22,"turns":5},{"damage":0,"enemies":"Chosen and Byrds","floor":28,"turns":5},{"damage":31,"enemies":"Slavers","floor":29,"turns":7},{"damage":41,"enemies":"Champ","floor":33,"turns":12},{"damage":18,"enemies":"3 Darklings","floor":35,"turns":7},{"damage":19,"enemies":"Mind Bloom Boss Battle","floor":36,"turns":9},{"damage":0,"enemies":"3 Shapes","floor":37,"turns":8},{"damage":4,"enemies":"Spire Growth","floor":39,"turns":6},{"damage":0,"enemies":"Giant Head","floor":40,"turns":10},{"damage":21,"enemies":"4 Shapes","floor":41,"turns":5},{"damage":0,"enemies":"Nemesis","floor":42,"turns":7},{"damage":4,"enemies":"Reptomancer","floor":44,"turns":7},{"damage":18,"enemies":"Jaw Worm Horde","floor":48,"turns":5},{"damage":16,"enemies":"Time Eater","floor":50,"turns":12}],"seed_played":"2003238430811810062","potions_obtained":[{"floor":2,"key":"Strength Potion"},{"floor":5,"key":"Poison Potion"},{"floor":6,"key":"Energy Potion"},{"floor":14,"key":"Explosive Potion"},{"floor":18,"key":"Regen Potion"},{"floor":19,"key":"SkillPotion"},{"floor":22,"key":"FearPotion"},{"floor":36,"key":"Weak Potion"},{"floor":41,"key":"EntropicBrew"},{"floor":42,"key":"SkillPotion"}],"is_trial":false,"path_per_floor":["M","M","M","T","M","E","R","M","T","E","$","R","$","M","R","B",null,"M","?","?","M","M","R","?","$","T","R","M","E","?","?","R","B",null,"M","?","M","?","M","E","M","E","T","E","$","$","?","M","R","B",null],"character_chosen":"DEFECT","items_purchased":["Self Repair+1","Happy Flower","Hello World+1","Molten Egg 2","Leap","ClockworkSouvenir"],"campfire_rested":2,"item_purchase_floors":[11,11,13,25,25,45],"current_hp_per_floor":[74,72,64,64,51,37,37,34,34,23,23,45,45,55,55,26,75,74,44,44,51,59,59,52,52,52,52,72,41,41,41,63,32,75,67,58,68,68,64,74,53,63,63,69,69,69,69,71,71,65],"gold":144,"neow_bonus":"ONE_RANDOM_RARE_CARD","is_prod":false,"is_daily":false,"chose_seed":false,"campfire_upgraded":4,"win_rate":0,"timestamp":1546301330,"path_taken":["M","?","M","?","M","E","R","M","T","E","?","R","$","M","R","BOSS","M","?","?","M","M","R","?","$","T","R","M","E","?","?","R","BOSS","M","?","M","?","M","E","M","E","T","E","?","$","?","M","R","BOSS"],"build_version":"2018-12-20","purchased_purges":1,"victory":true,"max_hp_per_floor":[75,75,75,75,75,75,75,75,75,75,75,75,75,75,75,75,75,75,75,75,75,75,75,75,75,75,75,75,75,75,75,75,75,75,75,75,75,75,75,75,75,75,75,75,75,75,75,75,75,75],"card_choices":[{"not_picked":["Stack","Aggregate"],"picked":"Cold Snap","floor":1},{"not_picked":["Skim","Consume"],"picked":"Steam","floor":2},{"not_picked":["Redo","Gash"],"picked":"Compile Driver","floor":3},{"not_picked":["Steam","Go for the Eyes"],"picked":"Streamline","floor":5},{"not_picked":["Aggregate","Turbo"],"picked":"White Noise","floor":6},{"not_picked":["Go for the Eyes","Fusion"],"picked":"Biased Cognition","floor":8},{"not_picked":["Streamline","Darkness"],"picked":"Consume","floor":10},{"not_picked":["Coolheaded","Cold Snap"],"picked":"Conserve Battery","floor":14},{"not_picked":["All For One","Multi-Cast"],"picked":"Creative AI+1","floor":16},{"not_picked":["Ball Lightning","Reinforced Body"],"picked":"Doom and Gloom","floor":18},{"not_picked":["Double Energy+1","Reprogram+1"],"picked":"Chill","floor":19},{"not_picked":["Go for the Eyes","Ball Lightning"],"picked":"Defragment+1","floor":21},{"not_picked":["Turbo","Genetic Algorithm"],"picked":"Heatsinks+1","floor":22},{"not_picked":["Ball Lightning+1","Leap"],"picked":"Cold Snap+1","floor":28},{"not_picked":["Compile Driver+1","Heatsinks+1"],"picked":"Go for the Eyes+1","floor":29},{"not_picked":["Fission","Seek"],"picked":"Buffer+1","floor":33},{"not_picked":["Stack+1","Conserve Battery+1"],"picked":"Beam Cell+1","floor":35},{"not_picked":["Steam Power+1","Cold Snap+1"],"picked":"Defragment+1","floor":36},{"not_picked":["Chaos","Stack+1"],"picked":"Capacitor+1","floor":37},{"not_picked":["Turbo+1","Streamline+1"],"picked":"Capacitor+1","floor":39},{"not_picked":["White Noise","Rebound+1","Go for the Eyes+1"],"picked":"SKIP","floor":40},{"not_picked":["Lockon+1","Consume","Recycle"],"picked":"SKIP","floor":41},{"not_picked":["BootSequence+1","Sweeping Beam+1","Hello World+1"],"picked":"SKIP","floor":42},{"not_picked":["BootSequence+1","Storm+1"],"picked":"Echo Form+1","floor":44},{"not_picked":["Cold Snap+1","Stack+1","Ball Lightning+1"],"picked":"SKIP","floor":48}],"player_experience":58832,"relics_obtained":[{"floor":4,"key":"Pen Nib"},{"floor":6,"key":"Centennial Puzzle"},{"floor":9,"key":"Bag of Preparation"},{"floor":10,"key":"Frozen Egg 2"},{"floor":19,"key":"Red Mask"},{"floor":26,"key":"Bottled Lightning"},{"floor":29,"key":"Juzu Bracelet"},{"floor":36,"key":"Girya"},{"floor":40,"key":"Orichalcum"},{"floor":40,"key":"Vajra"},{"floor":42,"key":"Dream Catcher"},{"floor":42,"key":"Bottled Tornado"},{"floor":43,"key":"Omamori"},{"floor":44,"key":"Mercury Hourglass"},{"floor":44,"key":"Art of War"}],"event_choices":[{"damage_healed":0,"gold_gain":0,"player_choice":"Fought Bandits","damage_taken":0,"max_hp_gain":0,"max_hp_loss":0,"event_name":"Masked Bandits","floor":19,"gold_loss":0},{"damage_healed":0,"gold_gain":99,"player_choice":"Stole From Cult","damage_taken":0,"max_hp_gain":0,"max_hp_loss":0,"event_name":"Nest","floor":20,"gold_loss":0},{"damage_healed":0,"gold_gain":0,"player_choice":"","damage_taken":7,"max_hp_gain":0,"max_hp_loss":0,"event_name":"Knowing Skull","floor":24,"potions_obtained":[],"gold_loss":0,"cards_obtained":[]},{"damage_healed":0,"gold_gain":0,"player_choice":"Opened","damage_taken":0,"relics_obtained":["Potion Belt"],"max_hp_gain":0,"max_hp_loss":0,"event_name":"The Mausoleum","floor":30,"gold_loss":0},{"cards_removed":["Strike_B"],"damage_healed":0,"gold_gain":0,"player_choice":"Elegance","damage_taken":0,"max_hp_gain":0,"max_hp_loss":0,"event_name":"Back to Basics","floor":31,"gold_loss":0},{"damage_healed":0,"gold_gain":0,"player_choice":"Fight","damage_taken":0,"max_hp_gain":0,"max_hp_loss":0,"event_name":"MindBloom","floor":36,"gold_loss":0},{"damage_healed":0,"gold_gain":0,"player_choice":"Ignored","damage_taken":0,"max_hp_gain":0,"max_hp_loss":0,"event_name":"Mysterious Sphere","floor":38,"gold_loss":0},{"damage_healed":0,"gold_gain":0,"player_choice":"Ignored","damage_taken":0,"max_hp_gain":0,"max_hp_loss":0,"event_name":"Tomb of Lord Red Mask","floor":47,"gold_loss":0}],"is_beta":false,"boss_relics":[{"not_picked":["Philosopher\u0027s Stone","Ectoplasm"],"picked":"Velvet Choker"},{"not_picked":["Eternal Feather","Cursed Key"],"picked":"Black Star"}],"items_purged_floors":[46],"is_endless":false,"potions_floor_spawned":[2,5,6,8,14,18,19,22,36,41,42],"ascension_level":2}