{"gold_per_floor":[112,124,124,47,47,72,72,103,179,179,192,192,38,38,38,112,112,127,127,140,65,30,30,80,99,99,118,168,290,340,390,390,467,467,479,529,652,702,44,44,75,105,117,255,317,379,441,503,515,527],"floor_reached":51,"playtime":1795,"items_purged":["Pain"],"score":1340,"play_id":"4e12d1a9-0f1e-42bf-83ec-a1f3a7806dad","local_time":"20190202011348","is_ascension_mode":true,"campfire_choices":[{"floor":7,"key":"REST"},{"floor":10,"key":"DIG"},{"floor":15,"key":"DIG"},{"floor":23,"key":"DIG"},{"floor":32,"key":"REST"},{"floor":40,"key":"REST"},{"floor":49,"key":"DIG"}],"neow_cost":"CURSE","seed_source_timestamp":996491615370256,"circlet_count":0,"master_deck":["AscendersBane","Strike_B","Strike_B","Strike_B","Strike_B","Defend_B","Defend_B","Defend_B","Defend_B","Zap","Dualcast","Rainbow","Genetic Algorithm","Coolheaded","Streamline","Cold Snap","Skim","Parasite","Defragment","White Noise+1","Darkness","Doubt"],"relics":["Cracked Core","WarpedTongs","Juzu Bracelet","Shovel","Ornamental Fan","Gambling Chip","Tiny Chest","Bag of Preparation","Busted Crown","SsserpentHead","Sundial","Ice Cream","Nilry\u0027s Codex","Cables","Strawberry","Darkstone Periapt","Bottled Lightning","The Courier","Inserter","Kunai","Gremlin Horn","Incense Burner","Torii","Lantern","Meat on the Bone","MawBank","Letter Opener","Dodecahedron","Dead Branch"],"potions_floor_usage":[8,33,33,33,41,41,50,50],"damage_taken":[{"damage":7,"enemies":"2 Louse","floor":1,"turns":2},{"damage":2,"enemies":"Jaw Worm","floor":2,"turns":3},{"damage":16,"enemies":"Gremlin Nob","floor":6,"turns":3},{"damage":23,"enemies":"3 Sentries","floor":8,"turns":7},{"damage":0,"enemies":"Cultist","floor":11,"turns":3},{"damage":37,"enemies":"Slime Boss","floor":16,"turns":7},{"damage":11,"enemies":"Shell Parasite","floor":18,"turns":5},{"damage":7,"enemies":"Chosen","floor":20,"turns":4},{"damage":3,"enemies":"Shelled Parasite and Fungi","floor":25,"turns":10},{"damage":0,"enemies":"Snecko","floor":27,"turns":5},{"damage":66,"enemies":"Collector","floor":33,"turns":14},{"damage":47,"enemies":"3 Darklings","floor":35,"turns":5},{"damage":18,"enemies":"Reptomancer","floor":41,"turns":6},{"damage":1,"enemies":"Orb Walker","floor":42,"turns":4},{"damage":47,"enemies":"Awakened One","floor":50,"turns":17}],"seed_played":"5403986555678866182","potions_obtained":[{"floor":1,"key":"Explosive Potion"},{"floor":2,"key":"FairyPotion"},{"floor":16,"key":"EntropicBrew"},{"floor":48,"key":"Strength Potion"},{"floor":48,"key":"GamblersBrew"}],"is_trial":false,"path_per_floor":["M","M","?","$","?","E","R","E","T","R","M","?","$","?","R","B",null,"M","?","M","$","?","R","?","M","T","M","T","T","T","T","R","B",null,"M","T","T","T","$","R","E","M","T","T","?","?","?","?","R","B",null],"character_chosen":"DEFECT","items_purchased":["Coolheaded","Streamline","Defragment","Tiny Chest","Torii","Lantern","Meat on the Bone","FocusPotion","Fire Potion"],"campfire_rested":3,"item_purchase_floors":[4,4,13,13,39,39,39,39,39],"current_hp_per_floor":[57,55,48,48,48,32,53,30,30,30,30,47,47,70,70,33,62,51,51,44,44,44,44,23,20,20,20,27,27,27,27,50,7,60,13,13,13,13,13,36,30,41,41,41,41,41,80,80,80,45],"gold":539,"neow_bonus":"THREE_RARE_CARDS","is_prod":false,"is_daily":false,"chose_seed":false,"campfire_upgraded":0,"win_rate":0,"timestamp":1549062828,"path_taken":["M","M","?","$","?","E","R","E","T","R","M","?","$","?","R","BOSS","M","?","M","$","?","R","?","M","T","M","?","?","?","?","R","BOSS","M","?","?","?","$","R","E","M","T","?","?","?","?","?","R","BOSS"],"build_version":"2019-01-23","purchased_purges":1,"victory":true,"max_hp_per_floor":[71,71,71,71,71,71,71,71,71,71,71,71,71,71,71,71,71,71,71,71,71,71,71,71,71,71,71,78,78,78,78,78,78,78,78,78,78,78,78,78,78,78,78,78,74,74,80,80,80,80],"card_choices":[{"not_picked":["Multi-Cast","Hyperbeam"],"picked":"Rainbow","floor":0},{"not_picked":["Recycle","Heatsinks","Aggregate"],"picked":"SKIP","floor":1},{"not_picked":["Ball Lightning","Rebound"],"picked":"Genetic Algorithm","floor":2},{"not_picked":["Undo","Coolheaded"],"picked":"Cold Snap","floor":6},{"not_picked":["Streamline","Heatsinks"],"picked":"Skim","floor":8},{"not_picked":["Force Field","Compile Driver","Streamline"],"picked":"SKIP","floor":11},{"not_picked":["Skim"],"picked":"SKIP","floor":18},{"not_picked":["Sweeping Beam"],"picked":"SKIP","floor":20},{"not_picked":["Go for the Eyes"],"picked":"SKIP","floor":25},{"not_picked":["Sunder"],"picked":"SKIP","floor":27},{"not_picked":["Sunder"],"picked":"SKIP","floor":35},{"not_picked":[],"picked":"White Noise+1","floor":41},{"not_picked":[],"picked":"Darkness","floor":42}],"player_experience":164747,"relics_obtained":[{"floor":6,"key":"Juzu Bracelet"},{"floor":8,"key":"Shovel"},{"floor":9,"key":"Ornamental Fan"},{"floor":10,"key":"Gambling Chip"},{"floor":15,"key":"Bag of Preparation"},{"floor":23,"key":"Ice Cream"},{"floor":24,"key":"Nilry\u0027s Codex"},{"floor":26,"key":"Cables"},{"floor":28,"key":"Strawberry"},{"floor":29,"key":"Darkstone Periapt"},{"floor":30,"key":"Bottled Lightning"},{"floor":31,"key":"The Courier"},{"floor":36,"key":"Kunai"},{"floor":37,"key":"Gremlin Horn"},{"floor":38,"key":"Incense Burner"},{"floor":41,"key":"MawBank"},{"floor":43,"key":"Letter Opener"},{"floor":44,"key":"Dodecahedron"},{"floor":49,"key":"Dead Branch"}],"event_choices":[{"cards_removed":["Clumsy"],"damage_healed":0,"gold_gain":0,"player_choice":"Card Removal","damage_taken":7,"max_hp_gain":0,"max_hp_loss":0,"event_name":"Golden Wing","floor":3,"gold_loss":0},{"damage_healed":0,"gold_gain":0,"player_choice":"Rummage","damage_taken":0,"relics_obtained":["WarpedTongs"],"max_hp_gain":0,"max_hp_loss":0,"event_name":"Accursed Blacksmith","floor":5,"gold_loss":0,"cards_obtained":["Pain"]},{"damage_healed":17,"gold_gain":0,"player_choice":"Healed and dodged fight","damage_taken":0,"max_hp_gain":0,"max_hp_loss":0,"event_name":"Mushrooms","floor":12,"gold_loss":0,"cards_obtained":["Parasite"]},{"damage_healed":23,"gold_gain":0,"player_choice":"Banana","damage_taken":0,"max_hp_gain":0,"max_hp_loss":0,"event_name":"Big Fish","floor":14,"gold_loss":0},{"damage_healed":0,"gold_gain":0,"player_choice":"Trade","damage_taken":0,"relics_obtained":["SsserpentHead"],"max_hp_gain":0,"max_hp_loss":0,"event_name":"FaceTrader","floor":19,"gold_loss":0},{"damage_healed":0,"gold_gain":0,"player_choice":"Obtained Relic","damage_taken":0,"relics_obtained":["Sundial"],"max_hp_gain":0,"max_hp_loss":0,"event_name":"Addict","floor":22,"gold_loss":85},{"damage_healed":0,"gold_gain":0,"player_choice":"Obtained Book","damage_taken":21,"max_hp_gain":0,"max_hp_loss":0,"event_name":"Cursed Tome","floor":24,"gold_loss":0},{"damage_healed":0,"gold_gain":0,"player_choice":"Max HP","damage_taken":0,"max_hp_gain":0,"max_hp_loss":4,"event_name":"Winding Halls","floor":45,"gold_loss":0},{"damage_healed":0,"gold_gain":0,"player_choice":"Ignored","damage_taken":0,"max_hp_gain":0,"max_hp_loss":0,"event_name":"Mysterious Sphere","floor":46,"gold_loss":0},{"damage_healed":33,"gold_gain":0,"player_choice":"Heal","damage_taken":0,"max_hp_gain":0,"max_hp_loss":0,"event_name":"MindBloom","floor":47,"gold_loss":0,"cards_obtained":["Doubt"]},{"damage_healed":0,"gold_gain":0,"player_choice":"Got Potions","damage_taken":0,"max_hp_gain":0,"max_hp_loss":0,"event_name":"Lab","floor":48,"gold_loss":0}],"is_beta":false,"boss_relics":[{"not_picked":["Lizard Tail","Snecko Eye"],"picked":"Busted Crown"},{"not_picked":["Runic Pyramid","Philosopher\u0027s Stone"],"picked":"Inserter"}],"items_purged_floors":[21],"is_endless":false,"potions_floor_spawned":[1,2,16,20,27],"ascension_level":15}