{"gold_per_floor":[360,375,375,375,28,58,70,70,70,70,81,37,37,50,50,127,127,47,47,47,47,47,47,47,47,47,47,47,47,47,47,47,47],"floor_reached":33,"playtime":919,"items_purged":[],"score":469,"play_id":"68ecd8c1-e010-4ada-ad95-169ebb5b3885","local_time":"20190203233645","is_ascension_mode":true,"campfire_choices":[{"floor":8,"key":"REST"},{"data":"Zap","floor":10,"key":"SMITH"},{"data":"Dualcast","floor":15,"key":"SMITH"},{"floor":23,"key":"REST"},{"floor":32,"key":"REST"}],"neow_cost":"TEN_PERCENT_HP_LOSS","seed_source_timestamp":1164344489957333,"circlet_count":0,"master_deck":["AscendersBane","Strike_B","Strike_B","Strike_B","Strike_B","Defend_B","Defend_B","Defend_B","Defend_B","Zap+1","Dualcast+1","BootSequence","Conserve Battery","Echo Form","Auto Shields","Electrodynamics","Loop","Capacitor","FTL","Meteor Strike","Reinforced Body","Coolheaded","Blizzard+1","Ball Lightning+1","Writhe","Biased Cognition"],"special_seed":0,"relics":["Cracked Core","Ginger","Kunai","Oddly Smooth Stone","Bottled Tornado","Dream Catcher","Ectoplasm","Letter Opener","Enchiridion","MutagenicStrength","Symbiotic Virus","StoneCalendar"],"potions_floor_usage":[6,7,16,24,33,33],"damage_taken":[{"damage":1.0,"enemies":"Cultist","floor":1.0,"turns":4.0},{"damage":0.0,"enemies":"2 Louse","floor":2.0,"turns":2.0},{"damage":29,"enemies":"Gremlin Nob","floor":6,"turns":4},{"damage":6,"enemies":"Jaw Worm","floor":7,"turns":5},{"damage":6,"enemies":"Red Slaver","floor":11,"turns":3},{"damage":7,"enemies":"Blue Slaver","floor":14,"turns":3},{"damage":42,"enemies":"Hexaghost","floor":16,"turns":11},{"damage":0,"enemies":"2 Thieves","floor":18,"turns":4},{"damage":0,"enemies":"Spheric Guardian","floor":19,"turns":5},{"damage":23,"enemies":"Snake Plant","floor":22,"turns":3},{"damage":3,"enemies":"Centurion and Healer","floor":24,"turns":6},{"damage":28,"enemies":"Shelled Parasite and Fungi","floor":27,"turns":4},{"damage":0,"enemies":"Snecko","floor":31,"turns":4},{"damage":41,"enemies":"Automaton","floor":33,"turns":6}],"seed_played":"5928027368386632820","potions_obtained":[{"floor":2.0,"key":"Fire Potion"},{"floor":6,"key":"Regen Potion"},{"floor":11,"key":"Regen Potion"},{"floor":16,"key":"FearPotion"},{"floor":19,"key":"FocusPotion"},{"floor":27,"key":"PowerPotion"},{"floor":31,"key":"SkillPotion"}],"is_trial":false,"path_per_floor":["M","M","?","?","$","E","M","R","T","R","M","$","?","M","R","B",null,"M","M","T","?","M","R","M","?","T","M","?","?","?","M","R","B"],"character_chosen":"DEFECT","items_purchased":["Echo Form","Kunai","Capacitor"],"campfire_rested":3,"item_purchase_floors":[5,5,12],"current_hp_per_floor":[63,63,52,57,57,28,36,56,56,56,50,50,50,43,43,16,56,56,56,56,35,12,32,29,29,29,1,1,1,1,1,21,0],"gold":47,"neow_bonus":"TWO_FIFTY_GOLD","is_prod":false,"is_daily":false,"chose_seed":false,"campfire_upgraded":2,"win_rate":0,"timestamp":1549229805,"path_taken":["M","M","?","?","$","E","M","R","T","R","M","$","?","M","R","BOSS","M","M","?","?","M","R","M","?","T","M","?","?","?","M","R","BOSS"],"build_version":"2019-01-23","purchased_purges":0,"victory":false,"max_hp_per_floor":[64,64,64,69,69,69,69,69,69,69,69,69,69,69,69,69,69,69,69,69,69,69,69,69,69,69,69,69,69,69,69,69,69],"card_choices":[{"not_picked":["Sweeping Beam","Sunder"],"picked":"BootSequence","floor":1.0},{"not_picked":["Stack","Redo"],"picked":"Conserve Battery","floor":2.0},{"not_picked":["Storm","Rebound"],"picked":"Auto Shields","floor":6},{"not_picked":["Turbo","Stack"],"picked":"Electrodynamics","floor":7},{"not_picked":["Coolheaded","Redo"],"picked":"Loop","floor":11},{"not_picked":["Steam","Fusion"],"picked":"FTL","floor":14},{"not_picked":["Hyperbeam","Thunder Strike"],"picked":"Meteor Strike","floor":16},{"not_picked":["Steam","Force Field+1"],"picked":"Reinforced Body","floor":18},{"not_picked":["Reprogram","Cold Snap"],"picked":"Coolheaded","floor":19},{"not_picked":["Rip and Tear","Sweeping Beam"],"picked":"Blizzard+1","floor":22},{"not_picked":["Barrage","Compile Driver+1"],"picked":"Ball Lightning+1","floor":23},{"not_picked":["Scrape+1","Rebound","Stack"],"picked":"SKIP","floor":24},{"not_picked":["Genetic Algorithm","Chaos","Tempest"],"picked":"SKIP","floor":27},{"not_picked":["Coolheaded","Stack"],"picked":"Biased Cognition","floor":31}],"player_experience":180749,"relics_obtained":[{"floor":6,"key":"Oddly Smooth Stone"},{"floor":9,"key":"Bottled Tornado"},{"floor":13,"key":"Dream Catcher"},{"floor":20,"key":"Letter Opener"},{"floor":21,"key":"Enchiridion"},{"floor":26,"key":"Symbiotic Virus"}],"event_choices":[{"damage_healed":0,"gold_gain":0,"player_choice":"Success","damage_taken":11,"relics_obtained":["Ginger"],"max_hp_gain":0,"max_hp_loss":0,"event_name":"Scrap Ooze","floor":3,"gold_loss":0},{"damage_healed":0,"gold_gain":0,"player_choice":"Donut","damage_taken":0,"max_hp_gain":5,"max_hp_loss":0,"event_name":"Big Fish","floor":4,"gold_loss":0},{"damage_healed":0,"gold_gain":0,"player_choice":"Relic","damage_taken":0,"max_hp_gain":0,"max_hp_loss":0,"event_name":"Wheel of Change","floor":13,"gold_loss":0},{"damage_healed":0,"gold_gain":0,"player_choice":"Obtained Book","damage_taken":21,"max_hp_gain":0,"max_hp_loss":0,"event_name":"Cursed Tome","floor":21,"gold_loss":0},{"damage_healed":0,"gold_gain":0,"player_choice":"Inject Mutagens","damage_taken":0,"relics_obtained":["MutagenicStrength"],"max_hp_gain":0,"max_hp_loss":0,"event_name":"Drug Dealer","floor":25,"gold_loss":0},{"damage_healed":0,"gold_gain":0,"player_choice":"Ignored","damage_taken":0,"max_hp_gain":0,"max_hp_loss":0,"event_name":"Beggar","floor":28,"gold_loss":0},{"damage_healed":0,"gold_gain":0,"player_choice":"Opened","damage_taken":0,"relics_obtained":["StoneCalendar"],"max_hp_gain":0,"max_hp_loss":0,"event_name":"The Mausoleum","floor":29,"gold_loss":0,"cards_obtained":["Writhe"]},{"damage_healed":0,"gold_gain":50,"player_choice":"Stole From Cult","damage_taken":0,"max_hp_gain":0,"max_hp_loss":0,"event_name":"Nest","floor":30,"gold_loss":0}],"is_beta":false,"boss_relics":[{"not_picked":["Lizard Tail","Eternal Feather"],"picked":"Ectoplasm"}],"items_purged_floors":[],"is_endless":false,"potions_floor_spawned":[2,6,11,16,19,27,31],"killed_by":"Automaton","ascension_level":18}