{"gold_per_floor":[113,113,213,227,240,274,274,293,293,293,317,348,360,372,384,500,512,535,565,977,989,1001,630,630,630,700,700,729,729,749,766,766,869,869,880,880,880,880,897,929,1029,1029,1029,1040,1093,82,96,115,115,115],"floor_reached":50,"playtime":4885,"items_purged":["Defend_R","Normality"],"score":785,"play_id":"2c4a0a54-46c5-462f-b2b7-5cbfde510953","local_time":"20190124002855","is_ascension_mode":true,"campfire_choices":[{"floor":7,"key":"REST"},{"floor":10,"key":"REST"},{"data":"Spot Weakness","floor":15,"key":"SMITH"},{"data":"RitualDagger","floor":25,"key":"SMITH"},{"data":"Heavy Blade","floor":27,"key":"SMITH"},{"data":"Metallicize","floor":29,"key":"SMITH"},{"data":"Demon Form","floor":32,"key":"SMITH"},{"floor":49,"key":"REST"}],"neow_cost":"TEN_PERCENT_HP_LOSS","seed_source_timestamp":990363792239555,"circlet_count":0,"master_deck":["Defend_R+1","Bash","Armaments+1","Metallicize+1","Iron Wave","Spot Weakness+1","Metallicize","Flex","Demon Form+1","Battle Trance","Shrug It Off","Shrug It Off","Bite","Bite","Bite","Bite","Bite","Heavy Blade+1","RitualDagger+1","Clumsy","Thunderclap+1","Pain","Doubt","Heavy Blade","Combust","Writhe","Writhe","Parasite","Pommel Strike+1","Immolate","Iron Wave+1"],"relics":["Burning Blood","Magic Flower","War Paint","Orichalcum","MawBank","Mummified Hand","Cursed Key","Old Coin","Pantograph","Mercury Hourglass","Blue Candle","Ancient Tea Set","Calling Bell","Bronze Scales","The Courier","Torii","Vajra","Incense Burner","Bottled Tornado","Gambling Chip","Dodecahedron","Oddly Smooth Stone","Thread and Needle","Boot"],"potions_floor_usage":[12,16,18,28,31,39,40,44,47,47,50,50],"damage_taken":[{"damage":4,"enemies":"Jaw Worm","floor":1,"turns":4},{"damage":9,"enemies":"Small Slimes","floor":4,"turns":4},{"damage":4,"enemies":"Cultist","floor":5,"turns":5},{"damage":21,"enemies":"3 Sentries","floor":6,"turns":11},{"damage":32,"enemies":"Exordium Thugs","floor":8,"turns":5},{"damage":11,"enemies":"Gremlin Gang","floor":12,"turns":5},{"damage":23,"enemies":"The Guardian","floor":16,"turns":12},{"damage":24,"enemies":"2 Thieves","floor":18,"turns":4},{"damage":9,"enemies":"Chosen","floor":19,"turns":5},{"damage":18,"enemies":"Colosseum Slavers","floor":20,"turns":7},{"damage":4,"enemies":"Colosseum Nobs","floor":20,"turns":5},{"damage":18,"enemies":"Gremlin Leader","floor":28,"turns":7},{"damage":8,"enemies":"Shelled Parasite and Fungi","floor":30,"turns":3},{"damage":17,"enemies":"Centurion and Healer","floor":31,"turns":4},{"damage":40,"enemies":"Automaton","floor":33,"turns":8},{"damage":13,"enemies":"3 Darklings","floor":35,"turns":4},{"damage":15,"enemies":"3 Shapes","floor":39,"turns":6},{"damage":14,"enemies":"Reptomancer","floor":40,"turns":5},{"damage":27,"enemies":"Mind Bloom Boss Battle","floor":41,"turns":6},{"damage":41,"enemies":"Writhing Mass","floor":44,"turns":5},{"damage":26,"enemies":"2 Orb Walkers","floor":45,"turns":3},{"damage":22,"enemies":"3 Darklings","floor":47,"turns":2},{"damage":24,"enemies":"Jaw Worm Horde","floor":48,"turns":3},{"damage":86,"enemies":"Awakened One","floor":50,"turns":7}],"seed_played":"-5245904235821305153","potions_obtained":[{"floor":4,"key":"Fire Potion"},{"floor":6,"key":"Strength Potion"},{"floor":12,"key":"Explosive Potion"},{"floor":20,"key":"Explosive Potion"},{"floor":28,"key":"Energy Potion"},{"floor":33,"key":"Poison Potion"},{"floor":35,"key":"Swift Potion"},{"floor":44,"key":"Fruit Juice"},{"floor":45,"key":"SteroidPotion"},{"floor":48,"key":"Fire Potion"}],"is_trial":false,"path_per_floor":["M","?","?","M","M","E","R","M","T","R","T","M","?","$","R","B",null,"M","M","?","$","?","$","?","R","T","R","E","R","M","M","R","B",null,"M","?","?","?","M","E","?","?","T","M","?","$","M","M","R","B"],"character_chosen":"IRONCLAD","items_purchased":["Mercury Hourglass","Heavy Blade","Dodecahedron","LiquidBronze","BloodPotion","Immolate","Oddly Smooth Stone","Thread and Needle","Boot"],"campfire_rested":3,"item_purchase_floors":[23,23,46,46,46,46,46,46,46],"current_hp_per_floor":[72,65,65,65,70,58,72,49,49,70,70,68,65,65,65,51,67,52,52,48,48,48,48,42,42,42,42,50,50,50,49,49,34,46,50,50,50,60,60,60,49,60,60,35,24,24,23,23,42,0],"gold":115,"neow_bonus":"ONE_RARE_RELIC","is_prod":false,"is_daily":false,"chose_seed":false,"campfire_upgraded":5,"win_rate":0,"timestamp":1548318535,"path_taken":["M","?","?","M","?","E","R","M","T","R","?","?","?","?","R","BOSS","M","M","?","$","?","?","?","R","T","R","E","R","M","?","R","BOSS","M","?","?","?","?","E","?","?","T","M","?","$","M","M","R","BOSS"],"build_version":"2019-01-23","purchased_purges":2,"victory":false,"max_hp_per_floor":[72,72,72,72,72,72,72,72,72,72,72,72,72,72,72,72,72,72,72,72,72,50,50,50,50,50,50,50,50,50,50,50,50,50,50,50,50,60,60,60,60,60,60,65,65,65,65,65,65,65],"card_choices":[{"not_picked":["Thunderclap","Cleave"],"picked":"Armaments","floor":1},{"not_picked":["Burning Pact","Wild Strike"],"picked":"Metallicize","floor":4},{"not_picked":["Sword Boomerang","Rage"],"picked":"Iron Wave","floor":5},{"not_picked":["Flex","Perfected Strike"],"picked":"Spot Weakness","floor":6},{"not_picked":["Spot Weakness","Rupture"],"picked":"Metallicize","floor":8},{"not_picked":["Twin Strike","Thunderclap"],"picked":"Flex","floor":12},{"not_picked":["Reaper","Limit Break"],"picked":"Demon Form","floor":16},{"not_picked":["Shockwave","Headbutt"],"picked":"Battle Trance","floor":18},{"not_picked":["Fire Breathing","Warcry"],"picked":"Shrug It Off","floor":19},{"not_picked":["Flex","Havoc"],"picked":"Shrug It Off","floor":20},{"not_picked":["Sever Soul+1","Reckless Charge"],"picked":"Reaper","floor":28},{"not_picked":["True Grit+1","Warcry"],"picked":"Thunderclap+1","floor":30},{"not_picked":["True Grit","Flex","Fire Breathing"],"picked":"SKIP","floor":31},{"not_picked":["Anger","Thunderclap"],"picked":"Heavy Blade","floor":35},{"not_picked":["Twin Strike","Pommel Strike","Searing Blow"],"picked":"SKIP","floor":39},{"not_picked":["Blood for Blood","Havoc+1","Anger+1"],"picked":"SKIP","floor":40},{"not_picked":["Ghostly Armor","Second Wind+1"],"picked":"Combust","floor":41},{"not_picked":["True Grit+1","Hemokinesis+1","Dark Embrace"],"picked":"SKIP","floor":44},{"not_picked":["Metallicize","Clash"],"picked":"Pommel Strike+1","floor":45},{"not_picked":["Headbutt+1","True Grit","Heavy Blade"],"picked":"SKIP","floor":47},{"not_picked":["Clash+1","Armaments+1"],"picked":"Iron Wave+1","floor":48}],"player_experience":215954,"relics_obtained":[{"floor":6,"key":"War Paint"},{"floor":9,"key":"Orichalcum"},{"floor":11,"key":"MawBank"},{"floor":20,"key":"Old Coin"},{"floor":20,"key":"Pantograph"},{"floor":26,"key":"Blue Candle"},{"floor":28,"key":"Ancient Tea Set"},{"floor":34,"key":"Bronze Scales"},{"floor":34,"key":"The Courier"},{"floor":34,"key":"Torii"},{"floor":40,"key":"Vajra"},{"floor":41,"key":"Incense Burner"},{"floor":43,"key":"Bottled Tornado"},{"floor":45,"key":"Gambling Chip"}],"event_choices":[{"cards_removed":["Defend_R"],"damage_healed":0,"gold_gain":0,"player_choice":"Card Removal","damage_taken":7,"max_hp_gain":0,"max_hp_loss":0,"event_name":"Golden Wing","floor":2,"gold_loss":0},{"damage_healed":0,"gold_gain":100,"player_choice":"Pray","damage_taken":0,"max_hp_gain":0,"max_hp_loss":0,"event_name":"Golden Shrine","floor":3,"gold_loss":0},{"damage_healed":0,"gold_gain":0,"player_choice":"Success","damage_taken":3,"relics_obtained":["Mummified Hand"],"max_hp_gain":0,"max_hp_loss":0,"event_name":"Scrap Ooze","floor":13,"gold_loss":0},{"damage_healed":0,"gold_gain":0,"player_choice":"Fight","damage_taken":0,"max_hp_gain":0,"max_hp_loss":0,"event_name":"Colosseum","floor":20,"gold_loss":0},{"damage_healed":0,"gold_gain":0,"player_choice":"Fought Nobs","damage_taken":0,"max_hp_gain":0,"max_hp_loss":0,"event_name":"Colosseum","floor":20,"gold_loss":0},{"damage_healed":0,"gold_gain":0,"player_choice":"Became a vampire","damage_taken":0,"max_hp_gain":0,"max_hp_loss":22,"event_name":"Vampires","floor":22,"gold_loss":0,"cards_obtained":["Bite","Bite","Bite","Bite","Bite"]},{"damage_healed":0,"gold_gain":0,"player_choice":"Joined the Cult","damage_taken":6,"max_hp_gain":0,"max_hp_loss":0,"event_name":"Nest","floor":24,"gold_loss":0,"cards_obtained":["RitualDagger"]},{"cards_removed":["Defend_R"],"damage_healed":0,"gold_gain":0,"player_choice":"Removed Skill","damage_taken":0,"max_hp_gain":0,"max_hp_loss":0,"event_name":"Falling","floor":36,"gold_loss":0},{"damage_healed":0,"gold_gain":0,"player_choice":"Ignored","damage_taken":0,"max_hp_gain":0,"max_hp_loss":0,"event_name":"Tomb of Lord Red Mask","floor":37,"gold_loss":0},{"cards_removed":["Reaper"],"damage_healed":0,"gold_gain":0,"player_choice":"Offered Rare","damage_taken":0,"max_hp_gain":10,"max_hp_loss":0,"event_name":"Bonfire Elementals","floor":38,"gold_loss":0},{"damage_healed":0,"gold_gain":0,"player_choice":"Fight","damage_taken":0,"max_hp_gain":0,"max_hp_loss":0,"event_name":"MindBloom","floor":41,"gold_loss":0},{"damage_healed":15,"gold_gain":0,"player_choice":"Writhe","damage_taken":0,"max_hp_gain":0,"max_hp_loss":0,"event_name":"Winding Halls","floor":42,"gold_loss":0,"cards_obtained":["Writhe"]},{"damage_healed":0,"gold_gain":0,"player_choice":"Fight","damage_taken":0,"max_hp_gain":0,"max_hp_loss":0,"event_name":"Mysterious Sphere","floor":45,"gold_loss":0}],"is_beta":false,"boss_relics":[{"not_picked":["White Beast Statue","Astrolabe"],"picked":"Cursed Key"},{"not_picked":["Pandora\u0027s Box","Tiny House"],"picked":"Calling Bell"}],"items_purged_floors":[23,46],"is_endless":false,"potions_floor_spawned":[4,6,12,20,28,33,35,44,45,48],"killed_by":"Awakened One","ascension_level":5}