{"gold_per_floor":[112,112,112,12,12,45,45,45,45,78,3,3,23,43,43,43],"floor_reached":16,"playtime":760,"items_purged":["Regret"],"score":136,"play_id":"faee4184-71fd-4358-9fb0-cef64656535c","local_time":"20180811212904","is_ascension_mode":true,"campfire_choices":[{"data":"Dualcast","floor":8,"key":"SMITH"},{"floor":12,"key":"REST"},{"data":"Chaos","floor":15,"key":"SMITH"}],"neow_cost":"PERCENT_DAMAGE","seed_source_timestamp":3850318890831763,"circlet_count":0,"master_deck":["Strike_B","Strike_B","Strike_B","Strike_B","Defend_B","Defend_B","Defend_B","Defend_B","Zap","Dualcast+1","Chaos+1","Zap","Blind","Beam Cell","Redo","Defragment","Heatsinks","Fission","Self Repair"],"relics":["Cracked Core","Mummified Hand","StoneCalendar","Du-Vu Doll","Pear","Ornamental Fan"],"potions_floor_usage":[],"damage_taken":[{"damage":0,"enemies":"2 Louse","floor":1,"turns":3},{"damage":11,"enemies":"Lagavulin","floor":6,"turns":6},{"damage":29,"enemies":"3 Sentries","floor":10,"turns":6},{"damage":0,"enemies":"Cultist","floor":13,"turns":2},{"damage":3,"enemies":"Small Slimes","floor":14,"turns":2},{"damage":63,"enemies":"Hexaghost","floor":16,"turns":9}],"seed_played":"-1013914483418424520","potions_obtained":[{"floor":1,"key":"Energy Potion"},{"floor":13,"key":"Fire Potion"}],"is_trial":false,"path_per_floor":["M","?","?","$","$","E","T","R","T","E","$","R","M","M","R"],"character_chosen":"DEFECT","items_purchased":["Beam Cell","Heatsinks"],"campfire_rested":1,"item_purchase_floors":[4,11],"current_hp_per_floor":[65,65,65,65,65,54,54,54,64,35,35,64,64,61,61,0],"gold":43,"neow_bonus":"TWENTY_PERCENT_HP_BONUS","is_prod":false,"is_daily":false,"chose_seed":false,"campfire_upgraded":2,"win_rate":0,"timestamp":1534019344,"path_taken":["M","?","?","?","$","E","?","R","T","E","?","R","M","M","R","BOSS"],"build_version":"2018-08-09","purchased_purges":1,"victory":false,"max_hp_per_floor":[89,89,89,89,89,89,89,89,99,99,99,99,99,99,99,99],"card_choices":[{"not_picked":["Steam","Go for the Eyes"],"picked":"Chaos","floor":1},{"not_picked":["Compile Driver","Beam Cell"],"picked":"Redo","floor":6},{"not_picked":["Steam","Undo"],"picked":"Defragment","floor":10},{"not_picked":["Redo","Coolheaded"],"picked":"Fission","floor":13},{"not_picked":["Streamline","Leap"],"picked":"Self Repair","floor":14}],"player_experience":63219,"relics_obtained":[{"floor":6,"key":"StoneCalendar"},{"floor":7,"key":"Du-Vu Doll"},{"floor":9,"key":"Pear"},{"floor":10,"key":"Ornamental Fan"}],"event_choices":[{"event_name":"Big Fish","player_choice":"Box","floor":2,"damage_taken":0},{"event_name":"Match and Keep!","player_choice":"2 cards matched","floor":3,"damage_taken":0}],"is_beta":false,"boss_relics":[],"items_purged_floors":[4],"is_endless":false,"potions_floor_spawned":[1,13],"killed_by":"Hexaghost","ascension_level":1}