{"gold_per_floor":[117,42,42,57,57,95,95,126,156,195,210,53,53,66,66,195,195,215,215,233,253,103,103,146,146,146,46,145,71,71,71],"floor_reached":31,"playtime":1567,"items_purged":["Defend_R","Strike_R"],"score":470,"play_id":"f1686b67-3741-4291-86b9-93728ebf9203","local_time":"20190221212732","is_ascension_mode":true,"campfire_choices":[{"data":"Bash","floor":7,"key":"SMITH"},{"floor":13,"key":"REST"},{"floor":15,"key":"REST"},{"floor":23,"key":"REST"},{"floor":25,"key":"REST"}],"neow_cost":"NONE","seed_source_timestamp":528005491409033,"circlet_count":0,"master_deck":["AscendersBane","Strike_R","Strike_R","Strike_R","Defend_R","Defend_R","Defend_R","Bash+1","Infernal Blade","Inflame","Second Wind","Infernal Blade","Shrug It Off","Flame Barrier","Cleave","Shrug It Off","Demon Form","Sword Boomerang","Feed","Cleave","True Grit+1","Pommel Strike","Spot Weakness","Necronomicurse"],"relics":["Burning Blood","NeowsBlessing","Golden Idol","Bottled Lightning","Bag of Marbles","Tiny Chest","Du-Vu Doll","Black Star","Regal Pillow","Paper Frog","Matryoshka","Centennial Puzzle","Orichalcum","Necronomicon"],"potions_floor_usage":[16,18,24,24],"damage_taken":[{"damage":0,"enemies":"Jaw Worm","floor":1,"turns":1},{"damage":0,"enemies":"Cultist","floor":4,"turns":1},{"damage":0,"enemies":"3 Sentries","floor":6,"turns":1},{"damage":37,"enemies":"Lagavulin","floor":8,"turns":6},{"damage":27,"enemies":"3 Sentries","floor":10,"turns":9},{"damage":0,"enemies":"2 Louse","floor":11,"turns":1},{"damage":1,"enemies":"Large Slime","floor":14,"turns":4},{"damage":33,"enemies":"Slime Boss","floor":16,"turns":8},{"damage":22,"enemies":"Shell Parasite","floor":18,"turns":5},{"damage":0,"enemies":"3 Byrds","floor":20,"turns":2},{"damage":57,"enemies":"Cultist and Chosen","floor":21,"turns":8},{"damage":44,"enemies":"Book of Stabbing","floor":24,"turns":6},{"damage":57,"enemies":"Slavers","floor":31,"turns":4}],"seed_played":"-6407009784636694240","potions_obtained":[{"floor":4,"key":"EssenceOfSteel"},{"floor":11,"key":"Block Potion"},{"floor":20,"key":"LiquidBronze"},{"floor":21,"key":"SkillPotion"}],"is_trial":false,"path_per_floor":["M","$","?","M","?","E","R","E","T","E","M","$","R","M","R","B",null,"M","?","M","M","$","R","E","R","T","$","?","$","?","E"],"character_chosen":"IRONCLAD","items_purchased":["Inflame","Demon Form","Regal Pillow","Spot Weakness"],"campfire_rested":4,"item_purchase_floors":[2,12,22,29],"current_hp_per_floor":[78,78,78,80,60,66,66,35,35,14,20,20,44,49,73,46,72,59,59,65,17,17,57,22,63,63,63,63,63,47,0],"gold":71,"neow_bonus":"THREE_ENEMY_KILL","is_prod":false,"is_daily":false,"chose_seed":false,"campfire_upgraded":1,"win_rate":0,"timestamp":1550813252,"path_taken":["M","$","?","M","?","E","R","E","T","E","M","$","R","M","R","BOSS","M","?","M","M","?","R","E","R","T","$","?","$","?","E"],"build_version":"2019-01-23","purchased_purges":2,"victory":false,"max_hp_per_floor":[80,80,80,80,80,80,80,80,80,80,80,80,80,80,80,80,80,83,83,83,86,86,86,89,89,89,89,89,89,89,89],"card_choices":[{"not_picked":["Armaments","Havoc"],"picked":"Infernal Blade","floor":1},{"not_picked":["Wild Strike","Shockwave"],"picked":"Infernal Blade","floor":4},{"not_picked":["Shockwave","Havoc"],"picked":"Shrug It Off","floor":6},{"not_picked":["Whirlwind","Anger"],"picked":"Flame Barrier","floor":8},{"not_picked":["Rage","Wild Strike"],"picked":"Cleave","floor":10},{"not_picked":["Havoc","Body Slam"],"picked":"Shrug It Off","floor":11},{"not_picked":["Ghostly Armor","Exhume"],"picked":"Sword Boomerang","floor":14},{"not_picked":["Bludgeon","Dark Embrace"],"picked":"Feed","floor":16},{"not_picked":["Second Wind","Wild Strike"],"picked":"Cleave","floor":18},{"not_picked":["Flame Barrier","Armaments"],"picked":"True Grit+1","floor":20},{"not_picked":["Headbutt","Perfected Strike"],"picked":"Pommel Strike","floor":21},{"not_picked":["Shockwave","Blood for Blood","Limit Break"],"picked":"SKIP","floor":24}],"player_experience":464834,"relics_obtained":[{"floor":6,"key":"Bottled Lightning"},{"floor":8,"key":"Bag of Marbles"},{"floor":9,"key":"Tiny Chest"},{"floor":10,"key":"Du-Vu Doll"},{"floor":24,"key":"Paper Frog"},{"floor":24,"key":"Matryoshka"},{"floor":26,"key":"Centennial Puzzle"},{"floor":26,"key":"Orichalcum"},{"floor":30,"key":"Necronomicon"}],"event_choices":[{"damage_healed":0,"gold_gain":0,"cards_transformed":["Strike_R"],"player_choice":"Change","damage_taken":0,"max_hp_gain":0,"max_hp_loss":0,"event_name":"Living Wall","floor":3,"gold_loss":0,"cards_obtained":["Second Wind"]},{"damage_healed":0,"gold_gain":0,"player_choice":"Take Damage","damage_taken":20,"relics_obtained":["Golden Idol"],"max_hp_gain":0,"max_hp_loss":0,"event_name":"Golden Idol","floor":5,"gold_loss":0},{"damage_healed":0,"gold_gain":0,"player_choice":"Bought 0 Potions","damage_taken":0,"max_hp_gain":0,"max_hp_loss":0,"event_name":"The Woman in Blue","floor":19,"gold_loss":0},{"damage_healed":0,"gold_gain":99,"player_choice":"Stole From Cult","damage_taken":0,"max_hp_gain":0,"max_hp_loss":0,"event_name":"Nest","floor":28,"gold_loss":0},{"damage_healed":0,"gold_gain":0,"player_choice":"Obtained Book","damage_taken":16,"max_hp_gain":0,"max_hp_loss":0,"event_name":"Cursed Tome","floor":30,"gold_loss":0}],"is_beta":false,"boss_relics":[{"not_picked":["Pandora\u0027s Box","Runic Pyramid"],"picked":"Black Star"}],"items_purged_floors":[12,27],"is_endless":false,"potions_floor_spawned":[4,11,20,21],"killed_by":"Slavers","ascension_level":12}