{"path_per_floor":["M","?","?","?","M","M","R","M","T","R","M","R","E","?","R"],"character_chosen":"THE_SILENT","items_purchased":[],"gold_per_floor":[10,10,10,10,25,38,38,49,74,74,87,87,122,122,122,122],"floor_reached":16,"campfire_rested":0,"playtime":1149,"item_purchase_floors":[],"current_hp_per_floor":[68,54,54,47,47,46,46,45,45,45,44,44,36,36,36,0],"items_purged":[],"gold":122,"score":100,"play_id":"240a44c8-0166-457f-9e48-fd136c35e1f7","local_time":"20180607065721","is_prod":false,"is_daily":false,"chose_seed":false,"is_ascension_mode":false,"campfire_upgraded":4,"win_rate":0,"timestamp":1528351041,"campfire_choices":[{"data":"Dagger Spray","floor":7,"key":"SMITH"},{"data":"Neutralize","floor":10,"key":"SMITH"},{"data":"Die Die Die","floor":12,"key":"SMITH"},{"data":"Survivor","floor":15,"key":"SMITH"}],"path_taken":["M","?","?","?","M","M","R","M","T","R","?","R","E","?","R","BOSS"],"build_version":"2018-05-31","seed_source_timestamp":2772309177709296,"purchased_purges":0,"victory":false,"master_deck":["Defend_G","Defend_G","Defend_G+1","Defend_G","Defend_G","Strike_G+1","Strike_G","Strike_G","Survivor+1","Neutralize+1","Dagger Throw","Neutralize","Slice","Acrobatics","Dagger Spray+1","Die Die Die+1","Backflip","Heel Hook"],"max_hp_per_floor":[70,70,70,70,70,70,70,70,70,70,70,70,70,70,70,70],"relics":["Ring of the Snake","Torii","Pen Nib","Potion Belt"],"card_choices":[{"not_picked":["Deflect","Distraction"],"picked":"Dagger Throw","floor":1},{"not_picked":["Bouncing Flask","Accuracy"],"picked":"Acrobatics","floor":5},{"not_picked":["Bane","Terror"],"picked":"Dagger Spray","floor":6},{"not_picked":["Eviscerate","Cloak And Dagger"],"picked":"Die Die Die","floor":8},{"not_picked":["PiercingWail","Flechettes","Quick Slash"],"picked":"SKIP","floor":11},{"not_picked":["Masterful Stab","Accuracy"],"picked":"Backflip","floor":13}],"player_experience":41603,"potions_floor_usage":[16],"damage_taken":[{"damage":2,"enemies":"2 Louse","floor":1,"turns":3},{"damage":0,"enemies":"Small Slimes","floor":5,"turns":2},{"damage":1,"enemies":"Jaw Worm","floor":6,"turns":3},{"damage":1,"enemies":"3 Louse","floor":8,"turns":2},{"damage":1,"enemies":"Gremlin Gang","floor":11,"turns":4},{"damage":8,"enemies":"Lagavulin","floor":13,"turns":6},{"damage":42,"enemies":"Slime Boss","floor":16,"turns":12}],"relics_obtained":[{"floor":9,"key":"Pen Nib"},{"floor":13,"key":"Potion Belt"}],"event_choices":[{"event_name":"Shining Light","player_choice":"Entered Light","floor":2,"damage_taken":0},{"event_name":"Match and Keep!","player_choice":"2 cards matched","floor":3,"damage_taken":0},{"event_name":"Golden Wing","player_choice":"Card Removal","floor":4,"damage_taken":0},{"event_name":"Transmorgrifier","player_choice":"Transform","floor":14,"damage_taken":0}],"boss_relics":[],"items_purged_floors":[],"potions_floor_spawned":[5,6,8],"seed_played":"3883271447866215712","killed_by":"Slime Boss","ascension_level":0,"potions_obtained":[{"floor":5,"key":"GamblersBrew"},{"floor":6,"key":"Explosive Potion"},{"floor":8,"key":"SkillPotion"}],"is_trial":false}