{"gold_per_floor":[113,132,150,163,175,175,192,213,236,236,269,280,280,320,320,444,444,457,199,199,299,6,39,39,68,95,113,113,212,240,291,291,394,394,405,405,405,454,454,488,502,502,502,535,26,36,36,0,0,0],"floor_reached":51,"playtime":2209,"items_purged":["Strike_G","Strike_G"],"score":919,"play_id":"693154b1-bb6d-426d-8cdc-46c26e7c6a00","local_time":"20190219014830","is_ascension_mode":false,"campfire_choices":[{"data":"Footwork","floor":6.0,"key":"SMITH"},{"data":"Footwork","floor":10.0,"key":"SMITH"},{"data":"Noxious Fumes","floor":15.0,"key":"SMITH"},{"data":"Footwork","floor":24.0,"key":"SMITH"},{"data":"A Thousand Cuts","floor":28.0,"key":"SMITH"},{"data":"Neutralize","floor":32.0,"key":"SMITH"},{"data":"Noxious Fumes","floor":42,"key":"SMITH"},{"floor":47,"key":"DIG"},{"floor":49,"key":"DIG"}],"neow_cost":"PERCENT_DAMAGE","seed_source_timestamp":689869672723,"circlet_count":0,"master_deck":["Defend_G","Defend_G","Defend_G","Defend_G","Strike_G+1","Survivor","Neutralize+1","Poisoned Stab","Footwork+1","Backflip","Backflip","Flying Knee","Dash","Footwork+1","Noxious Fumes+1","After Image+1","Sucker Punch+1","Leg Sweep","A Thousand Cuts+1","Deadly Poison","Footwork+1","Poisoned Stab+1","Envenom","Backflip+1","Well Laid Plans+1","Envenom","Choke","Dodge and Roll","Magnetism","Discovery","Violence","Noxious Fumes+1","Catalyst+1","Bouncing Flask+1","Good Instincts"],"special_seed":0,"relics":["Ring of the Snake","Odd Mushroom","Pen Nib","Bag of Marbles","Bloody Idol","Dream Catcher","Velvet Choker","Oddly Smooth Stone","Calipers","Ninja Scroll","Juzu Bracelet","Bronze Scales","Omamori","Whetstone","Anchor","Torii","Ancient Tea Set","Sozu","Ginger","Lantern","Pear","Shovel","Blood Vial","Red Mask","Bag of Preparation"],"potions_floor_usage":[],"damage_taken":[{"damage":0.0,"enemies":"2 Louse","floor":1.0,"turns":4.0},{"damage":0.0,"enemies":"Cultist","floor":2.0,"turns":4.0},{"damage":0.0,"enemies":"Jaw Worm","floor":3.0,"turns":5.0},{"damage":2.0,"enemies":"Large Slime","floor":4.0,"turns":8.0},{"damage":0.0,"enemies":"3 Louse","floor":5.0,"turns":5.0},{"damage":0.0,"enemies":"Looter","floor":7.0,"turns":4.0},{"damage":2.0,"enemies":"The Mushroom Lair","floor":8.0,"turns":6.0},{"damage":14.0,"enemies":"Gremlin Nob","floor":11.0,"turns":5.0},{"damage":1.0,"enemies":"Red Slaver","floor":12.0,"turns":4.0},{"damage":7.0,"enemies":"Lagavulin","floor":14.0,"turns":8.0},{"damage":4.0,"enemies":"Slime Boss","floor":16.0,"turns":14.0},{"damage":0.0,"enemies":"Shell Parasite","floor":18.0,"turns":7.0},{"damage":0.0,"enemies":"Colosseum Slavers","floor":21.0,"turns":8.0},{"damage":7.0,"enemies":"Colosseum Nobs","floor":21.0,"turns":5.0},{"damage":0.0,"enemies":"Gremlin Leader","floor":23.0,"turns":8.0},{"damage":10.0,"enemies":"Slavers","floor":25.0,"turns":5.0},{"damage":5.0,"enemies":"Spheric Guardian","floor":27.0,"turns":5.0},{"damage":11.0,"enemies":"Book of Stabbing","floor":30.0,"turns":6.0},{"damage":9.0,"enemies":"Collector","floor":33.0,"turns":9.0},{"damage":1.0,"enemies":"Orb Walker","floor":35.0,"turns":4.0},{"damage":9,"enemies":"2 Orb Walkers","floor":38,"turns":5},{"damage":1,"enemies":"Nemesis","floor":40,"turns":7},{"damage":0,"enemies":"3 Shapes","floor":41,"turns":7},{"damage":0,"enemies":"Reptomancer","floor":44,"turns":7},{"damage":0,"enemies":"Maw","floor":46,"turns":6},{"damage":13,"enemies":"Time Eater","floor":50,"turns":11}],"seed_played":"918944475878831470","potions_obtained":[{"floor":4.0,"key":"SpeedPotion"},{"floor":5.0,"key":"Strength Potion"},{"floor":7.0,"key":"GhostInAJar"},{"floor":12.0,"key":"EssenceOfSteel"},{"floor":16.0,"key":"SkillPotion"},{"floor":18.0,"key":"GhostInAJar"},{"floor":21.0,"key":"Block Potion"},{"floor":27.0,"key":"Strength Potion"},{"floor":33.0,"key":"Fire Potion"}],"is_trial":false,"path_per_floor":["M","M","M","M","M","R","M","?","T","R","E","M","?","E","R","B",null,"M","$","?","?","$","E","R","E","T","M","R","?","E","T","R","B",null,"M","?","?","?","?","E","M","R","T","E","$","M","R","?","R","B",null],"character_chosen":"THE_SILENT","items_purchased":["Oddly Smooth Stone","Footwork","Juzu Bracelet","Bronze Scales","Shovel","Good Instincts"],"campfire_rested":0,"item_purchase_floors":[19,19,22,22,45,45],"current_hp_per_floor":[49,49,49,47,47,47,47,45,45,45,31,30,30,23,23,19,65,65,65,65,63,63,65,65,60,65,65,65,65,59,64,64,60,65,65,65,65,61,51,55,60,60,60,75,75,75,75,75,75,62],"gold":0,"neow_bonus":"TRANSFORM_TWO_CARDS","is_prod":false,"is_daily":false,"chose_seed":false,"campfire_upgraded":7,"win_rate":0,"timestamp":1550562510,"path_taken":["M","M","M","M","M","R","M","?","T","R","E","M","?","E","R","BOSS","M","$","?","?","$","E","R","E","T","M","R","?","E","?","R","BOSS","M","?","?","?","?","E","M","R","T","E","$","M","R","?","R","BOSS"],"build_version":"2019-01-23","purchased_purges":2,"victory":true,"max_hp_per_floor":[70,70,70,70,70,70,70,70,70,70,70,70,65,65,65,65,65,65,65,65,65,65,65,65,65,65,65,65,65,65,65,65,65,65,65,65,65,65,65,65,65,65,65,75,75,75,75,75,75,75],"card_choices":[{"not_picked":["Deflect","Outmaneuver"],"picked":"Backflip","floor":1.0},{"not_picked":["Dodge and Roll","Prepared"],"picked":"Backflip","floor":2.0},{"not_picked":["Quick Slash","Heel Hook"],"picked":"Flying Knee","floor":3.0},{"not_picked":["Well Laid Plans","Bane"],"picked":"Dash","floor":4.0},{"not_picked":["Accuracy","Slice","Sucker Punch"],"picked":"SKIP","floor":5.0},{"not_picked":["Sucker Punch","Bouncing Flask"],"picked":"Footwork","floor":7.0},{"not_picked":["Deadly Poison","Backflip"],"picked":"Noxious Fumes","floor":8.0},{"not_picked":["Acrobatics","Outmaneuver"],"picked":"After Image","floor":11.0},{"not_picked":["Backflip","Acrobatics"],"picked":"Sucker Punch","floor":12.0},{"not_picked":["Calculated Gamble","Sucker Punch"],"picked":"Leg Sweep","floor":14.0},{"not_picked":["Grand Finale","Envenom"],"picked":"A Thousand Cuts","floor":16.0},{"not_picked":["Slice","Underhanded Strike+1"],"picked":"Deadly Poison","floor":18.0},{"not_picked":["Crippling Poison","Flying Knee"],"picked":"Poisoned Stab+1","floor":21.0},{"not_picked":["Finisher","Dagger Spray"],"picked":"Envenom","floor":23.0},{"not_picked":["Blade Dance+1","Quick Slash"],"picked":"Backflip+1","floor":25.0},{"not_picked":["Blade Dance","Concentrate","Eviscerate"],"picked":"SKIP","floor":27.0},{"not_picked":["Predator","Finisher+1"],"picked":"Well Laid Plans+1","floor":30.0},{"not_picked":["Die Die Die","Bullet Time"],"picked":"Envenom","floor":33.0},{"not_picked":["Cloak And Dagger+1","Outmaneuver","Acrobatics"],"picked":"SKIP","floor":35},{"not_picked":["Distraction","Acrobatics"],"picked":"Dodge and Roll","floor":38},{"not_picked":["Finesse","Chrysalis"],"picked":"Magnetism","floor":39},{"not_picked":["Panacea","Metamorphosis"],"picked":"Discovery","floor":39},{"not_picked":["Impatience","Bandage Up"],"picked":"Violence","floor":39},{"not_picked":["Reflex+1","Phantasmal Killer"],"picked":"Noxious Fumes","floor":40},{"not_picked":["Poisoned Stab","Distraction+1"],"picked":"Catalyst+1","floor":41},{"not_picked":["Prepared+1","Slice+1"],"picked":"Bouncing Flask+1","floor":44},{"not_picked":["Dodge and Roll","Dagger Throw+1","Grand Finale"],"picked":"SKIP","floor":46}],"player_experience":875975,"relics_obtained":[{"floor":8.0,"key":"Odd Mushroom"},{"floor":9.0,"key":"Pen Nib"},{"floor":11.0,"key":"Bag of Marbles"},{"floor":14.0,"key":"Dream Catcher"},{"floor":21.0,"key":"Calipers"},{"floor":21.0,"key":"Ninja Scroll"},{"floor":23.0,"key":"Omamori"},{"floor":25.0,"key":"Whetstone"},{"floor":26.0,"key":"Anchor"},{"floor":30.0,"key":"Torii"},{"floor":31.0,"key":"Ancient Tea Set"},{"floor":38,"key":"Ginger"},{"floor":40,"key":"Lantern"},{"floor":44,"key":"Pear"},{"floor":47,"key":"Blood Vial"},{"floor":49,"key":"Bag of Preparation"}],"event_choices":[{"damage_healed":0.0,"max_hp_gain":0.0,"max_hp_loss":0.0,"gold_gain":0.0,"event_name":"Mushrooms","player_choice":"Fought Mushrooms","floor":8.0,"gold_loss":0.0,"damage_taken":0.0},{"damage_healed":0.0,"max_hp_gain":0.0,"max_hp_loss":5.0,"gold_gain":0.0,"event_name":"Golden Idol","player_choice":"Lose Max HP","floor":13.0,"gold_loss":0.0,"damage_taken":0.0,"relics_obtained":["Golden Idol"]},{"damage_healed":0.0,"max_hp_gain":0.0,"max_hp_loss":0.0,"gold_gain":0.0,"event_name":"Forgotten Altar","player_choice":"Gave Idol","floor":20.0,"relics_lost":["Golden Idol"],"gold_loss":0.0,"damage_taken":0.0,"relics_obtained":["Bloody Idol"]},{"damage_healed":0.0,"max_hp_gain":0.0,"max_hp_loss":0.0,"gold_gain":0.0,"event_name":"Colosseum","player_choice":"Fight","floor":21.0,"gold_loss":0.0,"damage_taken":0.0},{"damage_healed":0.0,"max_hp_gain":0.0,"max_hp_loss":0.0,"gold_gain":0.0,"event_name":"Colosseum","player_choice":"Fought Nobs","floor":21.0,"gold_loss":0.0,"damage_taken":0.0},{"damage_healed":0.0,"max_hp_gain":0.0,"max_hp_loss":0.0,"gold_gain":99.0,"event_name":"Nest","player_choice":"Stole From Cult","floor":29.0,"gold_loss":0.0,"damage_taken":0.0},{"damage_healed":0,"gold_gain":0,"player_choice":"Upgraded","damage_taken":0,"max_hp_gain":0,"max_hp_loss":0,"event_name":"Upgrade Shrine","floor":36,"gold_loss":0,"cards_upgraded":["After Image"]},{"damage_healed":0,"gold_gain":0,"cards_transformed":["Strike_G"],"player_choice":"Transformed","damage_taken":0,"max_hp_gain":0,"max_hp_loss":0,"event_name":"Transmorgrifier","floor":37,"gold_loss":0,"cards_obtained":["Choke"]},{"damage_healed":0,"gold_gain":0,"player_choice":"Fight","damage_taken":0,"max_hp_gain":0,"max_hp_loss":0,"event_name":"Mysterious Sphere","floor":38,"gold_loss":0},{"damage_healed":0,"gold_gain":0,"player_choice":"Memory 3","damage_taken":10,"max_hp_gain":0,"max_hp_loss":0,"event_name":"SensoryStone","floor":39,"gold_loss":0},{"damage_healed":0,"gold_gain":0,"player_choice":"Paid","damage_taken":0,"relics_obtained":["Red Mask"],"max_hp_gain":0,"max_hp_loss":0,"event_name":"Tomb of Lord Red Mask","floor":48,"gold_loss":36}],"is_beta":false,"boss_relics":[{"not_picked":["Ectoplasm","Calling Bell"],"picked":"Velvet Choker"},{"not_picked":["Orrery","Snecko Eye"],"picked":"Sozu"}],"items_purged_floors":[19,45],"is_endless":false,"potions_floor_spawned":[4,5,7,12,16,18,21,21,27,33,35,40,44,46],"ascension_level":0}