{"gold_per_floor":[118,193,206,28,48,48,68,15,15,15,32,32,45,55,55,150,150,134,134,60,60,75,75,94,94,120,136,153,65,65,83,83,187,187,200,300,316,334,346,346,359,49,49,49,12,12,24,59,59,59],"floor_reached":50,"playtime":6178,"items_purged":[],"score":543,"play_id":"3087b35e-516f-41bd-a424-6dac921a3a44","local_time":"20190106175129","is_ascension_mode":false,"campfire_choices":[{"data":"Offering","floor":6,"key":"SMITH"},{"data":"Armaments","floor":10,"key":"SMITH"},{"floor":15,"key":"REST"},{"floor":23,"key":"REST"},{"floor":25,"key":"REST"},{"floor":30,"key":"REST"},{"floor":32,"key":"REST"},{"floor":40,"key":"REST"},{"floor":44,"key":"REST"},{"data":"Armaments","floor":46,"key":"SMITH"},{"floor":49,"key":"REST"}],"neow_cost":"NONE","seed_source_timestamp":592168341024241,"circlet_count":0,"master_deck":["Strike_R","Strike_R","Strike_R","Strike_R","Strike_R","Defend_R","Defend_R","Defend_R","Defend_R","Bash","Warcry","Inflame","Warcry","Offering+1","Armaments+1","Pommel Strike","Perfected Strike","Armaments+1","Flex","Uppercut","Juggernaut","Twin Strike","Feed","Pommel Strike","Cleave+1","Rampage+1","Shrug It Off+1","Flex+1","Battle Trance","Flash of Steel","Rupture","Anger+1","Offering","Seeing Red+1","Shrug It Off+1","Twin Strike+1","Pommel Strike","Thunderclap+1","Metallicize","Iron Wave","Seeing Red","Clothesline+1","Pommel Strike+1","Ghostly Armor+1"],"relics":["Burning Blood","NeowsBlessing","Dream Catcher","StoneCalendar","Incense Burner","Mark of Pain","Potion Belt","Runic Pyramid","Bottled Tornado","Sundial","Bag of Preparation"],"potions_floor_usage":[22,33,33,39,41,48,50,50,50,50],"damage_taken":[{"damage":0,"enemies":"Small Slimes","floor":1,"turns":1},{"damage":0,"enemies":"Cultist","floor":3,"turns":1},{"damage":0,"enemies":"2 Louse","floor":5,"turns":2},{"damage":16,"enemies":"Exordium Thugs","floor":7,"turns":4},{"damage":18,"enemies":"Blue Slaver","floor":11,"turns":2},{"damage":22,"enemies":"Lots of Slimes","floor":13,"turns":4},{"damage":2,"enemies":"2 Fungi Beasts","floor":14,"turns":3},{"damage":41,"enemies":"The Guardian","floor":16,"turns":10},{"damage":22,"enemies":"2 Thieves","floor":18,"turns":4},{"damage":32,"enemies":"3 Byrds","floor":22,"turns":6},{"damage":19,"enemies":"Snake Plant","floor":24,"turns":4},{"damage":13,"enemies":"Centurion and Healer","floor":27,"turns":4},{"damage":11,"enemies":"Shelled Parasite and Fungi","floor":28,"turns":4},{"damage":10,"enemies":"Snecko","floor":31,"turns":5},{"damage":61,"enemies":"Champ","floor":33,"turns":9},{"damage":22,"enemies":"3 Darklings","floor":35,"turns":5},{"damage":6,"enemies":"3 Shapes","floor":37,"turns":3},{"damage":31,"enemies":"Jaw Worm Horde","floor":38,"turns":5},{"damage":38,"enemies":"Sphere and 2 Shapes","floor":39,"turns":5},{"damage":30,"enemies":"Writhing Mass","floor":41,"turns":6},{"damage":20,"enemies":"Jaw Worm Horde","floor":47,"turns":5},{"damage":69,"enemies":"Nemesis","floor":48,"turns":7},{"damage":80,"enemies":"Awakened One","floor":50,"turns":8}],"seed_played":"-7019992489252927385","potions_obtained":[{"floor":3,"key":"Block Potion"},{"floor":5,"key":"Strength Potion"},{"floor":13,"key":"LiquidBronze"},{"floor":27,"key":"Strength Potion"},{"floor":28,"key":"Poison Potion"},{"floor":33,"key":"BloodPotion"},{"floor":35,"key":"PowerPotion"},{"floor":38,"key":"BloodPotion"},{"floor":47,"key":"Regen Potion"},{"floor":48,"key":"SkillPotion"}],"is_trial":false,"path_per_floor":["M","?","M","$","M","R","M","$","T","R","M","?","M","M","R","B",null,"M","?","$","?","M","R","M","R","T","M","M","$","R","M","R","B",null,"M","?","M","M","M","R","M","$","T","R","$","R","M","E","R","B"],"character_chosen":"IRONCLAD","items_purchased":["Dream Catcher","Warcry","Pommel Strike","Feed","Flash of Steel","Bottled Tornado","Metallicize","Seeing Red"],"campfire_rested":8,"item_purchase_floors":[4,4,8,20,29,42,42,45],"current_hp_per_floor":[80,72,78,78,80,80,70,70,70,70,58,51,35,39,63,28,80,64,48,48,33,10,36,23,49,49,46,41,41,68,64,91,36,92,76,76,79,57,38,68,54,54,54,84,84,84,74,30,62,0],"gold":59,"neow_bonus":"THREE_ENEMY_KILL","is_prod":false,"is_daily":false,"chose_seed":false,"campfire_upgraded":3,"win_rate":0.0,"timestamp":1546825889,"path_taken":["M","?","M","?","?","R","M","$","T","R","M","?","M","M","R","BOSS","M","?","$","?","M","R","?","R","T","M","M","?","R","M","R","BOSS","M","?","?","M","M","R","M","$","T","R","$","R","M","E","R","BOSS"],"build_version":"2019-01-03v4","purchased_purges":0,"victory":false,"max_hp_per_floor":[80,80,80,80,80,80,80,80,80,80,80,80,80,80,80,80,80,80,80,80,85,88,88,88,88,88,92,92,92,92,92,92,92,92,92,92,95,98,101,101,101,101,101,101,101,101,105,109,109,109],"card_choices":[{"not_picked":["Burning Pact","Headbutt"],"picked":"Warcry","floor":1},{"not_picked":["Hemokinesis","Iron Wave"],"picked":"Inflame","floor":3},{"not_picked":["Dropkick","Shockwave"],"picked":"Offering","floor":5},{"not_picked":["Ghostly Armor","Anger"],"picked":"Armaments","floor":7},{"not_picked":["Feel No Pain","Armaments"],"picked":"Perfected Strike","floor":11},{"not_picked":["Twin Strike","Cleave"],"picked":"Armaments","floor":13},{"not_picked":["Cleave","Dropkick"],"picked":"Flex","floor":14},{"not_picked":["Infernal Blade","Cleave"],"picked":"Uppercut","floor":15},{"not_picked":["Fiend Fire","Barricade"],"picked":"Juggernaut","floor":16},{"not_picked":["Sword Boomerang","Pummel"],"picked":"Twin Strike","floor":18},{"not_picked":["Twin Strike","Anger"],"picked":"Pommel Strike","floor":22},{"not_picked":["True Grit","Barricade"],"picked":"Cleave+1","floor":23},{"not_picked":["Thunderclap","Armaments"],"picked":"Rampage+1","floor":24},{"not_picked":["Burning Pact","Sword Boomerang+1"],"picked":"Shrug It Off+1","floor":25},{"not_picked":["Searing Blow","Cleave"],"picked":"Flex+1","floor":27},{"not_picked":["Sword Boomerang","Clash"],"picked":"Battle Trance","floor":28},{"not_picked":["Entrench","Fiend Fire"],"picked":"Rupture","floor":30},{"not_picked":["Headbutt","Rage"],"picked":"Anger+1","floor":31},{"not_picked":["Berserk","Impervious"],"picked":"Offering","floor":33},{"not_picked":["Second Wind","Fire Breathing","Anger+1"],"picked":"SKIP","floor":35},{"not_picked":["Twin Strike","Burning Pact+1"],"picked":"Seeing Red+1","floor":37},{"not_picked":["Uppercut","Reckless Charge"],"picked":"Shrug It Off+1","floor":38},{"not_picked":["Cleave+1","Corruption+1"],"picked":"Twin Strike+1","floor":39},{"not_picked":["Pummel+1","Sever Soul+1"],"picked":"Pommel Strike","floor":40},{"not_picked":["Fire Breathing+1","Reckless Charge+1"],"picked":"Thunderclap+1","floor":41},{"not_picked":["Disarm+1","Barricade"],"picked":"Iron Wave","floor":44},{"not_picked":["Cleave+1","Warcry"],"picked":"Clothesline+1","floor":47},{"not_picked":["Carnage","Feel No Pain"],"picked":"Pommel Strike+1","floor":48},{"not_picked":["Anger","Battle Trance"],"picked":"Ghostly Armor+1","floor":49}],"player_experience":0,"relics_obtained":[{"floor":9,"key":"StoneCalendar"},{"floor":26,"key":"Potion Belt"},{"floor":43,"key":"Sundial"},{"floor":48,"key":"Bag of Preparation"}],"event_choices":[{"damage_healed":0,"gold_gain":75,"player_choice":"Touch","damage_taken":8,"max_hp_gain":0,"max_hp_loss":0,"event_name":"FaceTrader","floor":2,"gold_loss":0},{"damage_healed":0,"gold_gain":0,"player_choice":"Success","damage_taken":7,"relics_obtained":["Incense Burner"],"max_hp_gain":0,"max_hp_loss":0,"event_name":"Scrap Ooze","floor":12,"gold_loss":0},{"damage_healed":0,"gold_gain":0,"player_choice":"Obtained Book","damage_taken":16,"max_hp_gain":0,"max_hp_loss":0,"event_name":"Cursed Tome","floor":19,"gold_loss":0},{"damage_healed":0,"gold_gain":0,"player_choice":"Shed Blood","damage_taken":20,"max_hp_gain":5,"max_hp_loss":0,"event_name":"Forgotten Altar","floor":21,"gold_loss":0},{"damage_healed":0,"gold_gain":100,"player_choice":"Pray","damage_taken":0,"max_hp_gain":0,"max_hp_loss":0,"event_name":"Golden Shrine","floor":36,"gold_loss":0}],"is_beta":false,"boss_relics":[{"not_picked":["Black Blood","Orrery"],"picked":"Mark of Pain"},{"not_picked":["Black Star","White Beast Statue"],"picked":"Runic Pyramid"}],"items_purged_floors":[],"is_endless":false,"potions_floor_spawned":[3,5,13,27,28,33,35,38,47,48],"killed_by":"Awakened One","ascension_level":0}