{"gold_per_floor":[367,367,391,391,236,236,271,291,291,291,241,265,289,289,289,289],"floor_reached":16,"playtime":710,"items_purged":[],"score":137,"play_id":"7bc7d982-afd8-44a7-8ccb-c105a2c1c55b","local_time":"20190212222440","is_ascension_mode":true,"campfire_choices":[{"floor":6,"key":"REST"},{"floor":10,"key":"REST"},{"floor":15,"key":"REST"}],"neow_cost":"TEN_PERCENT_HP_LOSS","seed_source_timestamp":2715099311256883,"circlet_count":0,"master_deck":["Strike_R","Strike_R","Strike_R","Defend_R","Defend_R","Defend_R","Defend_R","Bash","Cleave","Shrug It Off","Dropkick","Pommel Strike","Corruption"],"relics":["Burning Blood","Golden Idol","Pen Nib","Pocketwatch","Self Forming Clay","Anchor","Oddly Smooth Stone"],"potions_floor_usage":[7,16],"damage_taken":[{"damage":14,"enemies":"2 Louse","floor":1,"turns":4},{"damage":14,"enemies":"Jaw Worm","floor":3,"turns":5},{"damage":48,"enemies":"Gremlin Nob","floor":7,"turns":6},{"damage":1,"enemies":"Small Slimes","floor":8,"turns":4},{"damage":0,"enemies":"2 Fungi Beasts","floor":13,"turns":2},{"damage":58,"enemies":"Hexaghost","floor":16,"turns":11}],"seed_played":"5178575457798673658","potions_obtained":[{"floor":3,"key":"BloodPotion"},{"floor":7,"key":"Swift Potion"}],"is_trial":false,"path_per_floor":["M","?","M","?","$","R","E","M","T","R","?","T","M","?","R","B"],"character_chosen":"IRONCLAD","items_purchased":["Pen Nib"],"campfire_rested":3,"item_purchase_floors":[5],"current_hp_per_floor":[64,46,38,31,31,52,17,22,22,43,43,43,49,37,58,0],"gold":289,"neow_bonus":"TWO_FIFTY_GOLD","is_prod":false,"is_daily":false,"chose_seed":false,"campfire_upgraded":0,"win_rate":0,"timestamp":1550039080,"path_taken":["M","?","M","?","$","R","E","M","T","R","?","?","M","?","R","BOSS"],"build_version":"2019-01-23","purchased_purges":0,"victory":false,"max_hp_per_floor":[72,72,72,72,72,72,72,72,72,72,72,72,72,72,72,72],"card_choices":[{"not_picked":["Warcry","Corruption"],"picked":"Cleave","floor":1},{"not_picked":["Searing Blow","Heavy Blade"],"picked":"Shrug It Off","floor":3},{"not_picked":["Shockwave","Headbutt"],"picked":"Dropkick","floor":7},{"not_picked":["Thunderclap","Blood for Blood"],"picked":"Pommel Strike","floor":8},{"not_picked":["Sentinel","Searing Blow"],"picked":"Corruption","floor":13}],"player_experience":371032,"relics_obtained":[{"floor":7,"key":"Pocketwatch"},{"floor":9,"key":"Self Forming Clay"},{"floor":12,"key":"Anchor"}],"event_choices":[{"damage_healed":0,"gold_gain":0,"player_choice":"Take Damage","damage_taken":18,"relics_obtained":["Golden Idol"],"max_hp_gain":0,"max_hp_loss":0,"event_name":"Golden Idol","floor":2,"gold_loss":0},{"cards_removed":["Strike_R"],"damage_healed":0,"gold_gain":0,"player_choice":"Card Removal","damage_taken":7,"max_hp_gain":0,"max_hp_loss":0,"event_name":"Golden Wing","floor":4,"gold_loss":0},{"cards_removed":["Strike_R"],"damage_healed":0,"gold_gain":0,"player_choice":"Card Removal","damage_taken":0,"max_hp_gain":0,"max_hp_loss":0,"event_name":"The Cleric","floor":11,"gold_loss":50},{"damage_healed":0,"gold_gain":0,"player_choice":"Success","damage_taken":12,"relics_obtained":["Oddly Smooth Stone"],"max_hp_gain":0,"max_hp_loss":0,"event_name":"Scrap Ooze","floor":14,"gold_loss":0}],"is_beta":false,"boss_relics":[],"items_purged_floors":[],"is_endless":false,"potions_floor_spawned":[3,7],"killed_by":"Hexaghost","ascension_level":8}