{"path_per_floor":["M","T","M","?","M","E","?","$","T","$","R","M","R","?","R","B",null,"M","?","M","?","?","R","E","$","T","$"],"character_chosen":"IRONCLAD","items_purchased":["Metallicize","Battle Trance","Matryoshka"],"gold_per_floor":[365,365,379,554,569,595,595,402,429,74,74,90,90,90,90,189,189,207,207,187,110,110,110,145,145,145,20,20],"floor_reached":28,"campfire_rested":1,"playtime":1766,"item_purchase_floors":[],"current_hp_per_floor":[80,80,78,78,73,48,32,32,32,32,32,38,38,38,77,43,80,77,77,67,67,40,40,30,30,30,30,30],"items_purged":["Decay","Doubt","Defend_R"],"gold":20,"score":257,"play_id":"627aea70-3cd6-4ec2-aa8b-d892d123ee54","local_time":"20180607063752","is_prod":false,"is_daily":false,"chose_seed":false,"is_ascension_mode":false,"campfire_upgraded":3,"win_rate":0,"timestamp":1528349872,"campfire_choices":[],"path_taken":["M","?","M","?","M","E","?","$","T","$","R","?","R","?","R","BOSS","M","?","M","?","?","R","E","?","T","$","R"],"build_version":"2018-05-31","seed_source_timestamp":0,"purchased_purges":3,"victory":false,"master_deck":["Strike_R","Strike_R","Defend_R+1","Defend_R+1","Bash","Clothesline+1","Flex","True Grit+1","Disarm+1","Metallicize","Battle Trance","Bludgeon","Armaments","Evolve","Demon Form","Combust+1","Disarm+1","Battle Trance+1","Searing Blow","True Grit+1","Thunderclap+1","J.A.X.","Ghostly+1","Ghostly","Ghostly","Ghostly","Ghostly+1","Reaper"],"max_hp_per_floor":[80,80,80,80,80,80,80,80,80,80,80,80,80,80,80,80,80,80,80,80,80,40,40,40,40,40,40,40],"relics":["Burning Blood","Dream Catcher","Regal Pillow","Bag of Marbles","Matryoshka","Astrolabe","War Paint","Happy Flower","Mercury Hourglass"],"card_choices":[{"not_picked":["Body Slam","Spot Weakness"],"picked":"Clothesline","floor":1.0},{"not_picked":["Ghostly Armor","Heavy Blade"],"picked":"Flex","floor":3.0},{"not_picked":["Sword Boomerang","Perfected Strike"],"picked":"True Grit","floor":5.0},{"not_picked":["Shrug It Off","Perfected Strike"],"picked":"Disarm","floor":6.0},{"not_picked":["Corruption","Clothesline"],"picked":"Bludgeon","floor":12.0},{"not_picked":["Shrug It Off","Entrench"],"picked":"Evolve","floor":15.0},{"not_picked":["Double Tap","Barricade"],"picked":"Demon Form","floor":16.0},{"not_picked":["Uppercut","Pommel Strike"],"picked":"Searing Blow","floor":18.0},{"not_picked":["Sword Boomerang","Shrug It Off"],"picked":"Thunderclap","floor":20.0},{"not_picked":["Shrug It Off","Sword Boomerang"],"picked":"Reaper","floor":24.0}],"player_experience":39837,"potions_floor_usage":[],"damage_taken":[{"damage":4.0,"enemies":"Cultist","floor":1.0,"turns":4.0},{"damage":8.0,"enemies":"Jaw Worm","floor":3.0,"turns":3.0},{"damage":11.0,"enemies":"Small Slimes","floor":5.0,"turns":5.0},{"damage":31.0,"enemies":"Lagavulin","floor":6.0,"turns":8.0},{"damage":0.0,"enemies":"Blue Slaver","floor":12.0,"turns":4.0},{"damage":40.0,"enemies":"Hexaghost","floor":16.0,"turns":14.0},{"damage":9.0,"enemies":"Chosen","floor":18.0,"turns":7.0},{"damage":16.0,"enemies":"2 Thieves","floor":20.0,"turns":4.0},{"damage":16.0,"enemies":"Book of Stabbing","floor":24.0,"turns":9.0}],"relics_obtained":[],"event_choices":[{"event_name":"Liars Game","player_choice":"agreed","floor":4.0,"damage_taken":0.0},{"event_name":"Shining Light","player_choice":"Entered Light","floor":7.0,"damage_taken":0.0},{"event_name":"Living Wall","player_choice":"Change","floor":14.0,"damage_taken":0.0},{"event_name":"Duplicator","player_choice":"One dupe","floor":19.0,"damage_taken":0.0},{"event_name":"Drug Dealer","player_choice":"Got JAXXED","floor":21.0,"damage_taken":0.0},{"event_name":"Ghosts","player_choice":"Became a Ghost","floor":22.0,"damage_taken":0.0}],"boss_relics":[],"items_purged_floors":[],"potions_floor_spawned":[1,12,24],"seed_played":"8259720537076828372","ascension_level":0,"potions_obtained":[],"is_trial":false}