{"gold_per_floor":[113,113,60,73,89,89,99,121,121,121,121,121,153,168,168,271,271,281,281,281,281,301,328,184,184,184,184,203,203,222,237,237,237],"floor_reached":33,"playtime":1100,"items_purged":["Strike_R"],"score":398,"play_id":"3d15f62f-284c-4b68-912f-230554dfa668","local_time":"20190220022433","is_ascension_mode":true,"campfire_choices":[{"floor":6.0,"key":"DIG"},{"floor":10.0,"key":"DIG"},{"floor":12.0,"key":"DIG"},{"floor":15.0,"key":"DIG"},{"floor":25.0,"key":"DIG"},{"floor":27.0,"key":"DIG"},{"data":"Armaments","floor":32.0,"key":"SMITH"}],"neow_cost":"PERCENT_DAMAGE","seed_source_timestamp":124293434144232,"circlet_count":0,"master_deck":["AscendersBane","Strike_R","Strike_R","Strike_R","Defend_R","Defend_R","Defend_R","Defend_R","Bash","Thunderclap","Armaments+1","Pommel Strike","Shrug It Off","Perfected Strike","Shockwave","Battle Trance","Carnage","Juggernaut","Headbutt","Iron Wave+1","Limit Break","Reaper","Seeing Red+1"],"special_seed":0,"relics":["Burning Blood","Shovel","Bottled Lightning","Odd Mushroom","Letter Opener","Pear","Orichalcum","Regal Pillow","Juzu Bracelet","Sozu","Self Forming Clay","Boot","Pantograph","Question Card","Matryoshka"],"potions_floor_usage":[33,33],"damage_taken":[{"damage":18.0,"enemies":"Jaw Worm","floor":1.0,"turns":5.0},{"damage":10.0,"enemies":"Cultist","floor":4.0,"turns":5.0},{"damage":0.0,"enemies":"Small Slimes","floor":5.0,"turns":2.0},{"damage":5.0,"enemies":"Exordium Wildlife","floor":7.0,"turns":5.0},{"damage":11.0,"enemies":"The Mushroom Lair","floor":8.0,"turns":4.0},{"damage":8.0,"enemies":"Gremlin Nob","floor":13.0,"turns":4.0},{"damage":2.0,"enemies":"Looter","floor":14.0,"turns":3.0},{"damage":49.0,"enemies":"Slime Boss","floor":16.0,"turns":13.0},{"damage":19.0,"enemies":"Spheric Guardian","floor":18.0,"turns":4.0},{"damage":5.0,"enemies":"Shell Parasite","floor":22.0,"turns":7.0},{"damage":57.0,"enemies":"Gremlin Leader","floor":23.0,"turns":7.0},{"damage":6.0,"enemies":"Cultist and Chosen","floor":28.0,"turns":6.0},{"damage":21.0,"enemies":"Chosen and Byrds","floor":30.0,"turns":7.0},{"damage":18.0,"enemies":"Centurion and Healer","floor":31.0,"turns":5.0},{"damage":69,"enemies":"Automaton","floor":33,"turns":10}],"seed_played":"1394935161561663027","potions_obtained":[{"floor":4.0,"key":"Energy Potion"},{"floor":8.0,"key":"EssenceOfSteel"},{"floor":13.0,"key":"EssenceOfSteel"}],"is_trial":false,"path_per_floor":["M","?","$","M","M","R","M","?","T","R","?","R","E","M","R","B",null,"M","?","?","?","M","E","$","R","T","R","M","?","M","M","R","B"],"character_chosen":"IRONCLAD","items_purchased":["Armaments","Limit Break"],"campfire_rested":0,"item_purchase_floors":[3,24],"current_hp_per_floor":[39,39,39,35,41,41,42,37,37,47,77,77,75,79,79,36,77,64,64,90,90,90,39,39,39,39,39,39,39,30,29,29,0],"gold":237,"neow_bonus":"ONE_RARE_RELIC","is_prod":false,"is_daily":false,"chose_seed":false,"campfire_upgraded":1,"win_rate":0,"timestamp":1550622273,"path_taken":["M","?","?","M","M","R","M","?","T","R","?","R","E","?","R","BOSS","M","?","?","?","M","E","?","R","T","R","M","?","M","M","R","BOSS"],"build_version":"2019-01-23","purchased_purges":1,"victory":false,"max_hp_per_floor":[80,80,80,80,80,80,80,80,80,90,90,90,90,90,90,90,90,90,90,90,90,90,90,90,90,90,90,90,90,90,90,90,90],"card_choices":[{"not_picked":["Body Slam","Pommel Strike"],"picked":"Thunderclap","floor":1.0},{"not_picked":["Thunderclap","Wild Strike"],"picked":"Pommel Strike","floor":4.0},{"not_picked":["Sentinel","Feel No Pain"],"picked":"Shrug It Off","floor":5.0},{"not_picked":["Second Wind","Armaments"],"picked":"Perfected Strike","floor":7.0},{"not_picked":["Dropkick","Evolve"],"picked":"Shockwave","floor":8.0},{"not_picked":["Seeing Red","Bludgeon"],"picked":"Battle Trance","floor":13.0},{"not_picked":["Perfected Strike","Armaments"],"picked":"Carnage","floor":14.0},{"not_picked":["Immolate","Offering"],"picked":"Juggernaut","floor":16.0},{"not_picked":["Sword Boomerang","Pummel"],"picked":"Headbutt","floor":18.0},{"not_picked":["Anger","Headbutt"],"picked":"Iron Wave+1","floor":22.0},{"not_picked":["Carnage","Dropkick","Iron Wave"],"picked":"SKIP","floor":23.0},{"not_picked":["Wild Strike+1","Pommel Strike","Evolve"],"picked":"Reaper","floor":28.0},{"not_picked":["Wild Strike","Flex","Heavy Blade","Pommel Strike"],"picked":"SKIP","floor":30.0},{"not_picked":["Armaments","Shrug It Off","Headbutt"],"picked":"Seeing Red+1","floor":31.0}],"player_experience":204200,"relics_obtained":[{"floor":6.0,"key":"Bottled Lightning"},{"floor":8.0,"key":"Odd Mushroom"},{"floor":9.0,"key":"Letter Opener"},{"floor":10.0,"key":"Pear"},{"floor":12.0,"key":"Orichalcum"},{"floor":13.0,"key":"Regal Pillow"},{"floor":15.0,"key":"Juzu Bracelet"},{"floor":23.0,"key":"Self Forming Clay"},{"floor":25.0,"key":"Boot"},{"floor":26.0,"key":"Pantograph"},{"floor":27.0,"key":"Question Card"}],"event_choices":[{"cards_removed":["Strike_R"],"damage_healed":0.0,"max_hp_gain":0.0,"max_hp_loss":0.0,"gold_gain":0.0,"event_name":"Bonfire Elementals","player_choice":"Offered Basic","floor":2.0,"gold_loss":0.0,"damage_taken":0.0},{"damage_healed":0.0,"max_hp_gain":0.0,"max_hp_loss":0.0,"gold_gain":0.0,"event_name":"Mushrooms","player_choice":"Fought Mushrooms","floor":8.0,"gold_loss":0.0,"damage_taken":0.0},{"damage_healed":30.0,"max_hp_gain":0.0,"max_hp_loss":0.0,"gold_gain":0.0,"event_name":"Big Fish","player_choice":"Banana","floor":11.0,"gold_loss":0.0,"damage_taken":0.0},{"damage_healed":0.0,"max_hp_gain":0.0,"max_hp_loss":0.0,"gold_gain":0.0,"event_name":"Ghosts","player_choice":"Ignored","floor":19.0,"gold_loss":0.0,"damage_taken":0.0},{"damage_healed":30.0,"max_hp_gain":0.0,"max_hp_loss":0.0,"gold_gain":0.0,"event_name":"The Library","player_choice":"Heal","floor":20.0,"gold_loss":0.0,"damage_taken":0.0},{"damage_healed":0.0,"max_hp_gain":0.0,"max_hp_loss":0.0,"gold_gain":0.0,"event_name":"Vampires","player_choice":"Ignored","floor":21.0,"gold_loss":0.0,"damage_taken":0.0},{"damage_healed":0.0,"max_hp_gain":0.0,"max_hp_loss":0.0,"gold_gain":0.0,"event_name":"The Mausoleum","player_choice":"Opened","floor":29.0,"gold_loss":0.0,"damage_taken":0.0,"relics_obtained":["Matryoshka"]}],"is_beta":false,"boss_relics":[{"not_picked":["Mark of Pain","Coffee Dripper"],"picked":"Sozu"}],"items_purged_floors":[24],"is_endless":false,"potions_floor_spawned":[4,8,13,16,23,28,31],"killed_by":"Automaton","ascension_level":10}