{"gold_per_floor":[113,74,74,161,173,217,229,267,279,308,320,37,37,68,68,139,139,152,166,166,66,66,66,93,113,113,113,132,83,83,97,97,174,174,186,186,186,203,213,213,239,239,264,264,297,297,330,330,330,330],"floor_reached":51,"playtime":1380,"items_purged":["Defend_R"],"score":1393,"play_id":"b0a93673-51c8-4056-b2fb-cfd5991abdca","local_time":"20190226202806","is_ascension_mode":true,"campfire_choices":[{"data":"Searing Blow","floor":11.0,"key":"SMITH"},{"data":"Bash","floor":15.0,"key":"SMITH"},{"data":"Armaments","floor":23.0,"key":"SMITH"},{"floor":27,"key":"REST"},{"data":"Searing Blow+1","floor":30,"key":"SMITH"},{"data":"Searing Blow+2","floor":32,"key":"SMITH"},{"data":"Searing Blow+3","floor":40,"key":"SMITH"},{"data":"Searing Blow+4","floor":42,"key":"SMITH"},{"data":"Searing Blow+5","floor":44,"key":"SMITH"},{"floor":46,"key":"REST"},{"data":"Searing Blow+6","floor":49,"key":"SMITH"}],"neow_cost":"NONE","seed_source_timestamp":89779235417846,"circlet_count":0,"master_deck":["AscendersBane","Strike_R","Strike_R","Strike_R","Defend_R","Defend_R","Defend_R","Bash+1","Thunderclap","Inflame","Inflame","Searing Blow+7","Barricade+1","Iron Wave","Shrug It Off","Armaments+1","Dual Wield+1","Spot Weakness+1","Immolate","Pommel Strike+1","Demon Form+1","Shrug It Off","Writhe","Metallicize+1"],"special_seed":0,"relics":["Burning Blood","NeowsBlessing","MawBank","Shuriken","Frozen Egg 2","Oddly Smooth Stone","Regal Pillow","Champion Belt","Bag of Preparation","Velvet Choker","Orichalcum","Mercury Hourglass","Busted Crown","Strawberry","Bag of Marbles","Ancient Tea Set","Happy Flower"],"potions_floor_usage":[25,33,33,50,50],"damage_taken":[{"damage":0.0,"enemies":"Jaw Worm","floor":1.0,"turns":1.0},{"damage":0.0,"enemies":"Lagavulin","floor":6.0,"turns":1.0},{"damage":0.0,"enemies":"3 Sentries","floor":8.0,"turns":2.0},{"damage":7.0,"enemies":"2 Louse","floor":10.0,"turns":3.0},{"damage":24.0,"enemies":"Lagavulin","floor":14.0,"turns":6.0},{"damage":35.0,"enemies":"Slime Boss","floor":16.0,"turns":9.0},{"damage":22.0,"enemies":"Spheric Guardian","floor":18.0,"turns":5.0},{"damage":0.0,"enemies":"3 Byrds","floor":19.0,"turns":4.0},{"damage":32.0,"enemies":"Slavers","floor":24.0,"turns":7.0},{"damage":25,"enemies":"Shelled Parasite and Fungi","floor":25,"turns":7},{"damage":5,"enemies":"Centurion and Healer","floor":28,"turns":7},{"damage":6,"enemies":"3 Cultists","floor":31,"turns":3},{"damage":35,"enemies":"Automaton","floor":33,"turns":8},{"damage":13,"enemies":"Orb Walker","floor":35,"turns":3},{"damage":6,"enemies":"3 Shapes","floor":38,"turns":4},{"damage":18,"enemies":"Spire Growth","floor":39,"turns":4},{"damage":18,"enemies":"Nemesis","floor":41,"turns":5},{"damage":46,"enemies":"Reptomancer","floor":45,"turns":5},{"damage":44,"enemies":"Giant Head","floor":47,"turns":7},{"damage":29,"enemies":"Time Eater","floor":50,"turns":7}],"seed_played":"8781244199079259942","potions_obtained":[{"floor":1.0,"key":"PowerPotion"},{"floor":6.0,"key":"Poison Potion"},{"floor":16.0,"key":"LiquidBronze"},{"floor":19.0,"key":"GamblersBrew"},{"floor":24.0,"key":"PowerPotion"},{"floor":28,"key":"Dexterity Potion"},{"floor":41,"key":"Explosive Potion"},{"floor":45,"key":"Poison Potion"}],"is_trial":false,"path_per_floor":["M","$","?","?","$","E","T","E","T","M","R","$","?","E","R","B",null,"M","M","?","$","?","R","E","M","T","R","M","$","R","M","R","B",null,"M","?","?","M","M","R","E","R","T","R","E","R","E","?","R","B",null],"character_chosen":"IRONCLAD","items_purchased":["Inflame","Champion Belt","Armaments","Block Potion"],"campfire_rested":2,"item_purchase_floors":[2,12,21,29],"current_hp_per_floor":[74,74,67,56,56,62,62,68,68,67,67,67,72,54,54,25,66,50,56,56,56,56,56,30,11,11,50,51,51,51,51,51,22,66,59,79,79,79,67,67,62,62,62,62,22,63,25,76,76,53],"gold":330,"neow_bonus":"THREE_ENEMY_KILL","is_prod":false,"is_daily":false,"chose_seed":false,"campfire_upgraded":9,"win_rate":0,"timestamp":1551205686,"path_taken":["M","$","?","?","$","E","?","E","T","M","R","?","?","E","R","BOSS","M","M","?","?","?","R","E","M","T","R","M","$","R","?","R","BOSS","M","?","?","M","M","R","E","R","T","R","E","R","E","?","R","BOSS"],"build_version":"2019-01-23","purchased_purges":1,"victory":true,"max_hp_per_floor":[75,75,75,75,75,75,75,75,75,75,75,75,80,80,80,80,80,80,80,80,80,80,80,80,80,80,80,80,80,80,80,80,80,80,80,80,80,80,80,80,87,87,87,87,87,87,87,76,76,76],"card_choices":[{"not_picked":["Burning Pact","Anger"],"picked":"Thunderclap","floor":1.0},{"not_picked":["Rupture","Body Slam"],"picked":"Inflame","floor":6.0},{"not_picked":["Rupture+1","Armaments"],"picked":"Searing Blow","floor":8.0},{"not_picked":["Combust+1","Flex","Second Wind"],"picked":"SKIP","floor":10.0},{"not_picked":["Rupture+1","Hemokinesis","Body Slam"],"picked":"SKIP","floor":14.0},{"not_picked":["Exhume","Brutality+1"],"picked":"Barricade+1","floor":16.0},{"not_picked":["Pommel Strike","Carnage+1"],"picked":"Iron Wave","floor":18.0},{"not_picked":["Wild Strike","Warcry"],"picked":"Shrug It Off","floor":19.0},{"not_picked":["Warcry","Twin Strike"],"picked":"Dual Wield+1","floor":24.0},{"not_picked":["Warcry","Armaments"],"picked":"Spot Weakness+1","floor":25},{"not_picked":["Anger","Sword Boomerang"],"picked":"Immolate","floor":28},{"not_picked":["Pummel","Hemokinesis"],"picked":"Pommel Strike+1","floor":31},{"not_picked":["Feed","Dark Embrace+1"],"picked":"Demon Form+1","floor":33},{"not_picked":[],"picked":"Shrug It Off","floor":35},{"not_picked":["Rupture+1"],"picked":"SKIP","floor":38},{"not_picked":["Second Wind+1"],"picked":"SKIP","floor":39},{"not_picked":["Rage"],"picked":"SKIP","floor":41},{"not_picked":[],"picked":"Metallicize+1","floor":45},{"not_picked":["Entrench"],"picked":"SKIP","floor":47}],"player_experience":228396,"relics_obtained":[{"floor":6.0,"key":"Shuriken"},{"floor":7.0,"key":"Frozen Egg 2"},{"floor":8.0,"key":"Oddly Smooth Stone"},{"floor":9.0,"key":"Regal Pillow"},{"floor":14.0,"key":"Bag of Preparation"},{"floor":24.0,"key":"Orichalcum"},{"floor":26,"key":"Mercury Hourglass"},{"floor":41,"key":"Strawberry"},{"floor":43,"key":"Bag of Marbles"},{"floor":45,"key":"Ancient Tea Set"},{"floor":47,"key":"Happy Flower"}],"event_choices":[{"damage_healed":0.0,"max_hp_gain":0.0,"max_hp_loss":0.0,"gold_gain":0.0,"event_name":"Scrap Ooze","player_choice":"Success","floor":3.0,"gold_loss":0.0,"damage_taken":7.0,"relics_obtained":["MawBank"]},{"damage_healed":0.0,"max_hp_gain":0.0,"max_hp_loss":0.0,"gold_gain":75.0,"event_name":"World of Goop","player_choice":"Gather Gold","floor":4.0,"gold_loss":0.0,"damage_taken":11.0},{"damage_healed":0.0,"max_hp_gain":5.0,"max_hp_loss":0.0,"gold_gain":0.0,"event_name":"Big Fish","player_choice":"Donut","floor":13.0,"gold_loss":0.0,"damage_taken":0.0},{"cards_removed":["Strike_R"],"damage_healed":0.0,"max_hp_gain":0.0,"max_hp_loss":0.0,"gold_gain":0.0,"event_name":"Purifier","player_choice":"Purged","floor":20.0,"gold_loss":0.0,"damage_taken":0.0},{"damage_healed":0.0,"max_hp_gain":0.0,"max_hp_loss":0.0,"gold_gain":0.0,"cards_transformed":["Strike_R"],"event_name":"Transmorgrifier","player_choice":"Transformed","floor":22.0,"gold_loss":0.0,"damage_taken":0.0,"cards_obtained":["Evolve"]},{"damage_healed":20,"gold_gain":0,"player_choice":"Writhe","damage_taken":0,"max_hp_gain":0,"max_hp_loss":0,"event_name":"Winding Halls","floor":36,"gold_loss":0,"cards_obtained":["Writhe"]},{"cards_removed":["Evolve"],"damage_healed":0,"gold_gain":0,"player_choice":"Removed Power","damage_taken":0,"max_hp_gain":0,"max_hp_loss":0,"event_name":"Falling","floor":37,"gold_loss":0},{"damage_healed":76,"gold_gain":0,"player_choice":"Heal","damage_taken":0,"max_hp_gain":0,"max_hp_loss":11,"event_name":"The Moai Head","floor":48,"gold_loss":0}],"is_beta":false,"boss_relics":[{"not_picked":["Runic Pyramid","Snecko Eye"],"picked":"Velvet Choker"},{"not_picked":["Runic Cube","Coffee Dripper"],"picked":"Busted Crown"}],"items_purged_floors":[21],"is_endless":false,"potions_floor_spawned":[1,6,16,19,24,28,41,45],"ascension_level":14}