{"gold_per_floor":[115,115,115,115,38,64,64,91,91,111,124,124,137,152,152,228,228,244,244,264,47,64,64],"floor_reached":23,"playtime":675,"items_purged":[],"score":489,"play_id":"8728ece7-112b-4983-8d23-87dbe679b8d9","local_time":"20190205001403","is_ascension_mode":true,"campfire_choices":[{"data":"Zap","floor":7,"key":"SMITH"},{"data":"Streamline","floor":15,"key":"SMITH"}],"neow_cost":"NONE","seed_source_timestamp":1253238839444923,"circlet_count":0,"master_deck":["AscendersBane","Strike_B","Strike_B+1","Strike_B","Defend_B","Defend_B","Defend_B","Defend_B","Zap+1","Dualcast+1","Chill","Self Repair","Glacier","Ball Lightning","Reinforced Body","Streamline+1","Loop","Fission","BootSequence","White Noise","Cold Snap"],"relics":["Cracked Core","NeowsBlessing","Anchor","Nunchaku","Mercury Hourglass","Snecko Eye","CultistMask","ClockworkSouvenir"],"potions_floor_usage":[16],"damage_taken":[{"damage":0,"enemies":"Small Slimes","floor":1,"turns":1},{"damage":0,"enemies":"Lagavulin","floor":6,"turns":1},{"damage":0,"enemies":"Gremlin Nob","floor":8,"turns":1},{"damage":0,"enemies":"2 Louse","floor":10,"turns":2},{"damage":0,"enemies":"Cultist","floor":11,"turns":2},{"damage":2,"enemies":"Looter","floor":13,"turns":3},{"damage":0,"enemies":"Gremlin Gang","floor":14,"turns":3},{"damage":26,"enemies":"The Guardian","floor":16,"turns":9},{"damage":0,"enemies":"Chosen","floor":18,"turns":5},{"damage":17,"enemies":"2 Thieves","floor":20,"turns":4},{"damage":8,"enemies":"Shelled Parasite and Fungi","floor":22,"turns":8},{"damage":83,"enemies":"Gremlin Leader","floor":23,"turns":6}],"seed_played":"-3577659817170954957","potions_obtained":[{"floor":1,"key":"FocusPotion"},{"floor":11,"key":"FearPotion"},{"floor":18,"key":"Strength Potion"},{"floor":20,"key":"FairyPotion"}],"is_trial":false,"path_per_floor":["M","?","?","?","$","E","R","E","T","M","M","?","M","M","R","B",null,"M","?","M","$","M","E"],"character_chosen":"DEFECT","items_purchased":["Self Repair","ClockworkSouvenir"],"campfire_rested":0,"item_purchase_floors":[5,21],"current_hp_per_floor":[64,64,69,46,46,53,53,53,53,60,67,67,72,72,72,53,70,76,76,66,66,65,0],"gold":64,"neow_bonus":"THREE_ENEMY_KILL","is_prod":false,"is_daily":false,"chose_seed":false,"campfire_upgraded":2,"win_rate":0,"timestamp":1549318443,"path_taken":["M","?","?","?","?","E","R","E","T","M","?","?","M","?","R","BOSS","M","?","M","$","?","E"],"build_version":"2019-01-23","purchased_purges":0,"victory":false,"max_hp_per_floor":[71,71,76,76,76,76,76,76,76,76,76,76,76,76,76,76,76,76,76,76,76,76,76],"card_choices":[{"not_picked":["Turbo","Compile Driver"],"picked":"Chill","floor":1},{"not_picked":["FTL","Blizzard"],"picked":"Glacier","floor":6},{"not_picked":["Barrage","Undo"],"picked":"Ball Lightning","floor":8},{"not_picked":["Steam Power","Sweeping Beam","Turbo"],"picked":"SKIP","floor":10},{"not_picked":["Lockon","Redo"],"picked":"Reinforced Body","floor":11},{"not_picked":["Reinforced Body","Beam Cell"],"picked":"Streamline","floor":13},{"not_picked":["Lockon","Steam"],"picked":"Loop","floor":14},{"not_picked":["Rainbow","Thunder Strike"],"picked":"Fission","floor":16},{"not_picked":["Fusion","Beam Cell"],"picked":"BootSequence","floor":18},{"not_picked":["Cold Snap","Reinforced Body"],"picked":"White Noise","floor":20},{"not_picked":["Rebound","Compile Driver"],"picked":"Cold Snap","floor":22}],"player_experience":187174,"relics_obtained":[{"floor":6,"key":"Anchor"},{"floor":8,"key":"Nunchaku"},{"floor":9,"key":"Mercury Hourglass"}],"event_choices":[{"damage_healed":0,"gold_gain":0,"player_choice":"Leave","damage_taken":0,"max_hp_gain":0,"max_hp_loss":0,"event_name":"The Cleric","floor":2,"gold_loss":0},{"damage_healed":0,"gold_gain":0,"player_choice":"Donut","damage_taken":0,"max_hp_gain":5,"max_hp_loss":0,"event_name":"Big Fish","floor":3,"gold_loss":0},{"damage_healed":0,"gold_gain":0,"player_choice":"Entered Light","damage_taken":23,"max_hp_gain":0,"max_hp_loss":0,"event_name":"Shining Light","floor":4,"gold_loss":0,"cards_upgraded":["Dualcast","Strike_B"]},{"cards_removed":["Strike_B"],"damage_healed":0,"gold_gain":0,"player_choice":"Offered Basic","damage_taken":0,"max_hp_gain":0,"max_hp_loss":0,"event_name":"Bonfire Elementals","floor":12,"gold_loss":0},{"damage_healed":0,"gold_gain":0,"player_choice":"Trade","damage_taken":0,"relics_obtained":["CultistMask"],"max_hp_gain":0,"max_hp_loss":0,"event_name":"FaceTrader","floor":19,"gold_loss":0}],"is_beta":false,"boss_relics":[{"not_picked":["Orrery","Empty Cage"],"picked":"Snecko Eye"}],"items_purged_floors":[],"is_endless":false,"potions_floor_spawned":[1,11,14,18,20],"killed_by":"Gremlin Leader","ascension_level":19}