{"gold_per_floor":[112,112,112,112,212,239,253,285,310,310,344,354,388,407,407,507,507,507,289,214,214,214,214,214,214,214,214,214,214,129,129,129,129],"floor_reached":33,"playtime":1867,"items_purged":["Strike_R"],"score":534,"play_id":"3af5ea2e-c9ce-44ea-b59c-8500d0afc0b3","local_time":"20190211004730","is_ascension_mode":true,"campfire_choices":[{"floor":10,"key":"REST"},{"floor":15,"key":"REST"},{"floor":23,"key":"REST"},{"floor":25,"key":"REST"},{"data":"Infernal Blade","floor":29,"key":"SMITH"},{"floor":32,"key":"REST"}],"neow_cost":"NONE","seed_source_timestamp":2549707543655961,"circlet_count":0,"master_deck":["Strike_R","Strike_R","Strike_R","Strike_R","Defend_R","Defend_R","Defend_R","Bash","Pommel Strike+1","Cleave","Sentinel","Spot Weakness","Armaments","Juggernaut","Thunderclap","Double Tap","Shrug It Off","Inflame","Infernal Blade+1","Ghostly","Ghostly","Ghostly","Ghostly","Ghostly","Flex"],"relics":["Burning Blood","NeowsBlessing","Turnip","Mummified Hand","Anchor","Lantern","Vajra","Potion Belt","Ectoplasm","Ancient Tea Set","Red Mask","MawBank","Smiling Mask","Red Skull","Bag of Marbles","Shuriken"],"potions_floor_usage":[11,14,16,22,24],"damage_taken":[{"damage":0,"enemies":"Jaw Worm","floor":1,"turns":1},{"damage":0,"enemies":"Lagavulin","floor":6,"turns":1},{"damage":0,"enemies":"Cultist","floor":7,"turns":1},{"damage":37,"enemies":"Gremlin Nob","floor":8,"turns":5},{"damage":60,"enemies":"Lagavulin","floor":11,"turns":9},{"damage":0,"enemies":"2 Louse","floor":12,"turns":2},{"damage":10,"enemies":"3 Sentries","floor":13,"turns":6},{"damage":0,"enemies":"Lots of Slimes","floor":14,"turns":3},{"damage":33,"enemies":"The Guardian","floor":16,"turns":13},{"damage":14,"enemies":"Shell Parasite","floor":18,"turns":4},{"damage":8,"enemies":"3 Byrds","floor":21,"turns":4},{"damage":7,"enemies":"Masked Bandits","floor":22,"turns":3},{"damage":72,"enemies":"Book of Stabbing","floor":24,"turns":6},{"damage":11,"enemies":"Gremlin Leader","floor":28,"turns":6},{"damage":0,"enemies":"Book of Stabbing","floor":31,"turns":5},{"damage":45,"enemies":"Champ","floor":33,"turns":10}],"seed_played":"5718023636680642927","potions_obtained":[{"floor":6,"key":"Energy Potion"},{"floor":8,"key":"Swift Potion"},{"floor":12,"key":"Weak Potion"},{"floor":18,"key":"Explosive Potion"},{"floor":22,"key":"Swift Potion"}],"is_trial":false,"path_per_floor":["M","?","$","T","?","E","M","E","T","R","E","M","E","M","R","B",null,"M","$","?","M","?","R","E","R","T","?","E","R","?","E","R","B"],"character_chosen":"IRONCLAD","items_purchased":["Ancient Tea Set"],"campfire_rested":5,"item_purchase_floors":[19],"current_hp_per_floor":[78,78,78,78,78,80,80,49,49,73,19,25,21,27,51,24,66,58,58,58,56,55,79,13,37,37,37,32,32,32,38,40,0],"gold":129,"neow_bonus":"THREE_ENEMY_KILL","is_prod":false,"is_daily":false,"chose_seed":false,"campfire_upgraded":1,"win_rate":0,"timestamp":1549874850,"path_taken":["M","?","$","?","?","E","M","E","T","R","E","?","E","M","R","BOSS","M","$","?","M","?","R","E","R","T","?","E","R","?","E","R","BOSS"],"build_version":"2019-01-23","purchased_purges":1,"victory":false,"max_hp_per_floor":[80,80,80,80,80,80,80,80,80,80,80,80,80,80,80,80,80,80,80,80,80,80,80,80,80,80,40,40,40,40,40,40,40],"card_choices":[{"not_picked":["Anger","Clash"],"picked":"Pommel Strike","floor":1},{"not_picked":["Headbutt","Clothesline"],"picked":"Cleave","floor":6},{"not_picked":["Clash","Warcry"],"picked":"Sentinel","floor":7},{"not_picked":["Hemokinesis","Second Wind","Shockwave"],"picked":"SKIP","floor":8},{"not_picked":["Clothesline","Thunderclap"],"picked":"Spot Weakness","floor":11},{"not_picked":["True Grit","Anger"],"picked":"Armaments","floor":12},{"not_picked":["True Grit","Pummel"],"picked":"Juggernaut","floor":13},{"not_picked":["Perfected Strike","Heavy Blade"],"picked":"Thunderclap","floor":14},{"not_picked":["Immolate","Juggernaut"],"picked":"Double Tap","floor":16},{"not_picked":["Armaments","Heavy Blade"],"picked":"Shrug It Off","floor":18},{"not_picked":["Anger","Clothesline","Headbutt+1"],"picked":"SKIP","floor":21},{"not_picked":["Clothesline+1","Thunderclap"],"picked":"Inflame","floor":22},{"not_picked":["Carnage","Twin Strike+1"],"picked":"Infernal Blade","floor":24},{"not_picked":["Feel No Pain","Dark Embrace"],"picked":"Flex","floor":28},{"not_picked":["Perfected Strike","Power Through","Twin Strike"],"picked":"SKIP","floor":31}],"player_experience":351235,"relics_obtained":[{"floor":4,"key":"Turnip"},{"floor":6,"key":"Mummified Hand"},{"floor":8,"key":"Anchor"},{"floor":9,"key":"Lantern"},{"floor":11,"key":"Vajra"},{"floor":13,"key":"Potion Belt"},{"floor":22,"key":"Red Mask"},{"floor":24,"key":"MawBank"},{"floor":26,"key":"Smiling Mask"},{"floor":28,"key":"Red Skull"},{"floor":31,"key":"Shuriken"}],"event_choices":[{"damage_healed":0,"gold_gain":0,"player_choice":"Upgraded","damage_taken":0,"max_hp_gain":0,"max_hp_loss":0,"event_name":"Upgrade Shrine","floor":2,"gold_loss":0,"cards_upgraded":["Pommel Strike"]},{"damage_healed":0,"gold_gain":100,"player_choice":"Gold","damage_taken":0,"max_hp_gain":0,"max_hp_loss":0,"event_name":"Wheel of Change","floor":5,"gold_loss":0},{"cards_removed":["Defend_R"],"damage_healed":0,"gold_gain":0,"player_choice":"Gave Gold","damage_taken":0,"max_hp_gain":0,"max_hp_loss":0,"event_name":"Beggar","floor":20,"gold_loss":75},{"damage_healed":0,"gold_gain":0,"player_choice":"Fought Bandits","damage_taken":0,"max_hp_gain":0,"max_hp_loss":0,"event_name":"Masked Bandits","floor":22,"gold_loss":0},{"damage_healed":0,"gold_gain":0,"player_choice":"Became a Ghost","damage_taken":0,"max_hp_gain":0,"max_hp_loss":40,"event_name":"Ghosts","floor":27,"gold_loss":0,"cards_obtained":["Ghostly","Ghostly","Ghostly","Ghostly","Ghostly"]},{"damage_healed":0,"gold_gain":0,"player_choice":"Obtained Relic","damage_taken":0,"relics_obtained":["Bag of Marbles"],"max_hp_gain":0,"max_hp_loss":0,"event_name":"Addict","floor":30,"gold_loss":85}],"is_beta":false,"boss_relics":[{"not_picked":["Coffee Dripper","Runic Pyramid"],"picked":"Ectoplasm"}],"items_purged_floors":[19],"is_endless":false,"potions_floor_spawned":[6,8,12,18,22],"killed_by":"Champ","ascension_level":7}