{"gold_per_floor":[117,117,133,133,133,133,33,33,33,65,65,83,116,127,127,226,226,245,545,560,560,580,613,613,624,678,170,195,195,195,209,209,209],"floor_reached":33,"playtime":2943,"items_purged":["Defend_G","Writhe"],"score":412,"play_id":"d377b585-0173-4d7d-89af-8fc7d537fcdf","local_time":"20190121204422","is_ascension_mode":true,"campfire_choices":[{"data":"Quick Slash","floor":6.0,"key":"SMITH"},{"data":"Cloak And Dagger","floor":8.0,"key":"SMITH"},{"floor":15.0,"key":"REST"},{"floor":24,"key":"REST"},{"floor":29,"key":"REST"},{"floor":32,"key":"REST"}],"neow_cost":"NONE","seed_source_timestamp":0,"circlet_count":0,"master_deck":["Defend_G","Defend_G","Defend_G","Defend_G","Strike_G","Strike_G","Strike_G+1","Strike_G","Strike_G","Survivor","Neutralize+1","Quick Slash+1","Cloak And Dagger+1","Dagger Throw","Backflip+1","Prepared+1","Backflip+1","Well Laid Plans","After Image","Flying Knee+1","Poisoned Stab","Doppelganger+1","Bane+1","Poisoned Stab+1","Choke+1","Escape Plan+1"],"special_seed":0,"relics":["Ring of the Snake","NeowsBlessing","Toxic Egg 2","Anchor","GremlinMask","Mummified Hand","Black Star","Old Coin","Molten Egg 2","Bottled Lightning","Bag of Marbles","Letter Opener","Whetstone","Lantern","Du-Vu Doll"],"potions_floor_usage":[28],"damage_taken":[{"damage":0.0,"enemies":"Jaw Worm","floor":1.0,"turns":1.0},{"damage":0.0,"enemies":"Cultist","floor":3.0,"turns":1.0},{"damage":0.0,"enemies":"3 Sentries","floor":10.0,"turns":1.0},{"damage":0.0,"enemies":"Small Slimes","floor":12.0,"turns":4.0},{"damage":13.0,"enemies":"Gremlin Nob","floor":13.0,"turns":3.0},{"damage":10.0,"enemies":"Gremlin Gang","floor":14.0,"turns":5.0},{"damage":65.0,"enemies":"Hexaghost","floor":16.0,"turns":17.0},{"damage":0.0,"enemies":"Shell Parasite","floor":18.0,"turns":10.0},{"damage":5.0,"enemies":"Spheric Guardian","floor":20.0,"turns":4.0},{"damage":8.0,"enemies":"Shelled Parasite and Fungi","floor":22.0,"turns":6.0},{"damage":4.0,"enemies":"Gremlin Leader","floor":23.0,"turns":6.0},{"damage":33,"enemies":"Centurion and Healer","floor":25,"turns":7},{"damage":0,"enemies":"Slavers","floor":28,"turns":3},{"damage":0,"enemies":"Snecko","floor":31,"turns":3},{"damage":100,"enemies":"Collector","floor":33,"turns":6}],"seed_played":"-2298811731999053021","potions_obtained":[{"floor":10.0,"key":"Poison Potion"},{"floor":12.0,"key":"SteroidPotion"},{"floor":14.0,"key":"EssenceOfSteel"},{"floor":16.0,"key":"Energy Potion"},{"floor":22.0,"key":"SkillPotion"},{"floor":25,"key":"SkillPotion"}],"is_trial":false,"path_per_floor":["M","$","M","$","?","R","$","R","T","E","?","M","E","M","R","B",null,"M","?","M","?","M","E","R","M","T","$","E","R","?","M","R","B"],"character_chosen":"THE_SILENT","items_purchased":["Dagger Throw","Letter Opener","Whetstone"],"campfire_rested":4,"item_purchase_floors":[7,27,27],"current_hp_per_floor":[70,70,70,70,70,70,70,70,70,70,70,70,57,47,68,3,70,70,70,65,65,57,53,70,37,37,37,37,58,51,51,70,0],"gold":209,"neow_bonus":"THREE_ENEMY_KILL","is_prod":false,"is_daily":false,"chose_seed":false,"campfire_upgraded":2,"win_rate":0,"timestamp":1548132262,"path_taken":["M","$","M","$","?","R","?","R","T","E","?","?","E","M","R","BOSS","M","?","M","?","?","E","R","M","T","$","E","R","?","M","R","BOSS"],"build_version":"2019-01-17v2","purchased_purges":2,"victory":false,"max_hp_per_floor":[70,70,70,70,70,70,70,70,70,70,70,70,70,70,70,70,70,70,70,70,70,70,70,70,70,70,70,70,70,70,70,70,70],"card_choices":[{"not_picked":["Prepared","Slice"],"picked":"Quick Slash","floor":1.0},{"not_picked":["Reflex","Dodge and Roll"],"picked":"Cloak And Dagger","floor":3.0},{"not_picked":["Calculated Gamble+1","Wraith Form v2"],"picked":"Backflip+1","floor":10.0},{"not_picked":["Endless Agony","Underhanded Strike"],"picked":"Prepared+1","floor":12.0},{"not_picked":["Endless Agony","Masterful Stab"],"picked":"Backflip+1","floor":13.0},{"not_picked":["Setup+1","Underhanded Strike"],"picked":"Well Laid Plans","floor":14.0},{"not_picked":["Venomology+1","Phantasmal Killer+1"],"picked":"After Image","floor":16.0},{"not_picked":["Masterful Stab","Prepared+1"],"picked":"Flying Knee","floor":18.0},{"not_picked":["Dagger Spray","Finisher+1"],"picked":"Poisoned Stab","floor":20.0},{"not_picked":["Terror+1","Backflip+1"],"picked":"Doppelganger+1","floor":22.0},{"not_picked":["Masterful Stab","Terror+1"],"picked":"Bane+1","floor":23},{"not_picked":["Dodge and Roll+1","Calculated Gamble+1"],"picked":"Poisoned Stab+1","floor":25},{"not_picked":["Dagger Throw+1","Expertise+1"],"picked":"Choke+1","floor":28},{"not_picked":["Infinite Blades+1","Outmaneuver+1"],"picked":"Escape Plan+1","floor":31}],"player_experience":187411,"relics_obtained":[{"floor":9.0,"key":"Toxic Egg 2"},{"floor":10.0,"key":"Anchor"},{"floor":13.0,"key":"Mummified Hand"},{"floor":23,"key":"Molten Egg 2"},{"floor":23,"key":"Bottled Lightning"},{"floor":26,"key":"Bag of Marbles"},{"floor":28,"key":"Lantern"},{"floor":28,"key":"Du-Vu Doll"}],"event_choices":[{"damage_healed":0.0,"max_hp_gain":0.0,"max_hp_loss":0.0,"gold_gain":0.0,"event_name":"Accursed Blacksmith","player_choice":"Forge","floor":5.0,"gold_loss":0.0,"damage_taken":0.0,"cards_upgraded":["Neutralize"]},{"damage_healed":0.0,"max_hp_gain":0.0,"max_hp_loss":0.0,"gold_gain":0.0,"event_name":"FaceTrader","player_choice":"Trade","floor":11.0,"gold_loss":0.0,"damage_taken":0.0,"relics_obtained":["GremlinMask"]},{"damage_healed":0.0,"max_hp_gain":0.0,"max_hp_loss":0.0,"gold_gain":0.0,"event_name":"The Mausoleum","player_choice":"Opened","floor":19.0,"gold_loss":0.0,"damage_taken":0.0,"relics_obtained":["Old Coin"],"cards_obtained":["Writhe"]},{"damage_healed":0.0,"max_hp_gain":0.0,"max_hp_loss":0.0,"gold_gain":0.0,"event_name":"The Woman in Blue","player_choice":"Bought 0 Potions","floor":21.0,"gold_loss":0.0,"damage_taken":0.0},{"damage_healed":0,"gold_gain":0,"player_choice":"Damaged","damage_taken":7,"max_hp_gain":0,"max_hp_loss":0,"event_name":"Wheel of Change","floor":30,"gold_loss":0}],"is_beta":false,"boss_relics":[{"not_picked":["Coffee Dripper","Snecko Eye"],"picked":"Black Star"}],"items_purged_floors":[7,27],"is_endless":false,"potions_floor_spawned":[10,12,14,16,22,25],"killed_by":"Collector","ascension_level":4}