{"gold_per_floor":[113,63,138,138,150,182,200,200,200,43,68,91,91,110,110,214,214,230,243,243,243,243],"floor_reached":22,"playtime":1356,"items_purged":[],"score":275,"play_id":"a6bcffc2-83c4-4829-9ea1-2c7efe50acb8","local_time":"20190121224313","is_ascension_mode":true,"campfire_choices":[{"floor":8,"key":"REST"},{"data":"Stack","floor":15,"key":"SMITH"}],"neow_cost":"NONE","seed_source_timestamp":814749934313670,"circlet_count":0,"master_deck":["Defend_B","Defend_B","Defend_B","Zap","Dualcast","Stack+1","Gash","Cold Snap","Hologram","Streamline","Sweeping Beam","Rainbow","Steam+1","Ball Lightning","Bite","Bite","Bite","Bite","Bite"],"relics":["Cracked Core","NeowsBlessing","Darkstone Periapt","Letter Opener","Vajra","Peace Pipe","Strawberry","Inserter","Sundial"],"potions_floor_usage":[22],"damage_taken":[{"damage":0,"enemies":"2 Louse","floor":1,"turns":1},{"damage":0,"enemies":"Small Slimes","floor":5,"turns":1},{"damage":0,"enemies":"Gremlin Nob","floor":6,"turns":1},{"damage":0,"enemies":"Cultist","floor":7,"turns":3},{"damage":13,"enemies":"3 Sentries","floor":11,"turns":8},{"damage":4,"enemies":"Red Slaver","floor":14,"turns":3},{"damage":45,"enemies":"Hexaghost","floor":16,"turns":11},{"damage":43,"enemies":"2 Thieves","floor":18,"turns":4},{"damage":29,"enemies":"Chosen","floor":19,"turns":5},{"damage":21,"enemies":"Centurion and Healer","floor":22,"turns":2}],"seed_played":"3014151949157914798","potions_obtained":[{"floor":5,"key":"Energy Potion"},{"floor":16,"key":"PowerPotion"}],"is_trial":false,"path_per_floor":["M","?","?","?","M","E","M","R","T","$","E","T","?","M","R","B",null,"M","M","?","T","M"],"character_chosen":"DEFECT","items_purchased":["Vajra"],"campfire_rested":1,"item_purchase_floors":[10],"current_hp_per_floor":[75,75,64,57,57,57,57,75,75,75,62,69,69,65,65,20,82,39,10,10,10,0],"gold":243,"neow_bonus":"THREE_ENEMY_KILL","is_prod":false,"is_daily":false,"chose_seed":false,"campfire_upgraded":1,"win_rate":0,"timestamp":1548139393,"path_taken":["M","?","?","?","?","E","M","R","T","?","E","?","?","M","R","BOSS","M","M","?","?","?"],"build_version":"2019-01-17v2","purchased_purges":0,"victory":false,"max_hp_per_floor":[75,75,75,75,75,75,75,75,75,75,75,82,82,82,82,82,82,82,82,57,57,57],"card_choices":[{"not_picked":["Reprogram","Rebound"],"picked":"Stack","floor":1},{"not_picked":["Tempest","Static Discharge"],"picked":"Gash","floor":5},{"not_picked":["Redo","Blizzard"],"picked":"Cold Snap","floor":6},{"not_picked":["Skim","Turbo"],"picked":"Hologram","floor":7},{"not_picked":["Core Surge","Go for the Eyes"],"picked":"Streamline","floor":11},{"not_picked":["Compile Driver","Streamline"],"picked":"Sweeping Beam","floor":14},{"not_picked":["Meteor Strike","Multi-Cast"],"picked":"Rainbow","floor":16},{"not_picked":["Rebound+1","Sweeping Beam"],"picked":"Steam+1","floor":18},{"not_picked":["Coolheaded","FTL"],"picked":"Ball Lightning","floor":19}],"player_experience":196002,"relics_obtained":[{"floor":6,"key":"Darkstone Periapt"},{"floor":9,"key":"Letter Opener"},{"floor":11,"key":"Peace Pipe"},{"floor":12,"key":"Strawberry"},{"floor":21,"key":"Sundial"}],"event_choices":[{"cards_removed":["Defend_B"],"damage_healed":0,"gold_gain":0,"player_choice":"Card Removal","damage_taken":0,"max_hp_gain":0,"max_hp_loss":0,"event_name":"The Cleric","floor":2,"gold_loss":50},{"damage_healed":0,"gold_gain":75,"player_choice":"Gather Gold","damage_taken":11,"max_hp_gain":0,"max_hp_loss":0,"event_name":"World of Goop","floor":3,"gold_loss":0},{"damage_healed":0,"gold_gain":0,"player_choice":"Damaged","damage_taken":7,"max_hp_gain":0,"max_hp_loss":0,"event_name":"Wheel of Change","floor":4,"gold_loss":0},{"cards_removed":["Strike_B"],"damage_healed":0,"gold_gain":0,"player_choice":"Forget","damage_taken":0,"max_hp_gain":0,"max_hp_loss":0,"event_name":"Living Wall","floor":13,"gold_loss":0},{"damage_healed":0,"gold_gain":0,"player_choice":"Became a vampire","damage_taken":0,"max_hp_gain":0,"max_hp_loss":25,"event_name":"Vampires","floor":20,"gold_loss":0,"cards_obtained":["Bite","Bite","Bite","Bite","Bite"]}],"is_beta":false,"boss_relics":[{"not_picked":["Philosopher\u0027s Stone","Eternal Feather"],"picked":"Inserter"}],"items_purged_floors":[],"is_endless":false,"potions_floor_spawned":[5,16],"killed_by":"Centurion and Healer","ascension_level":3}