{"gold_per_floor":[112,112,112,112,123,123,103,103,130,162,177,188,201,218,218,291,291,309,19,19,32,32,42,42,42,42,54,54,67,79,79],"floor_reached":31,"playtime":1187,"items_purged":["Strike_B"],"score":442,"play_id":"ef2bf2f1-1726-487a-8b73-e14d0813ddfc","local_time":"20190202133601","is_ascension_mode":true,"campfire_choices":[{"data":"Zap","floor":6,"key":"SMITH"},{"data":"Dualcast","floor":8,"key":"SMITH"},{"floor":15,"key":"REST"},{"floor":25,"key":"REST"},{"data":"Defragment","floor":28,"key":"SMITH"}],"neow_cost":"NONE","seed_source_timestamp":1041641373782974,"circlet_count":0,"master_deck":["AscendersBane","Strike_B","Strike_B","Strike_B","Defend_B","Defend_B","Defend_B","Defend_B","Zap+1","Dualcast+1","Coolheaded","Cold Snap","Creative AI","Leap","Reinforced Body","Echo Form","Defragment+1","Decay","Hello World"],"relics":["Cracked Core","Regal Pillow","Bronze Scales","Potion Belt","Calipers","Busted Crown","DataDisk","Bottled Lightning","Dodecahedron"],"potions_floor_usage":[16,23,27,30,30,31],"damage_taken":[{"damage":2,"enemies":"Cultist","floor":1,"turns":4},{"damage":0,"enemies":"2 Louse","floor":5,"turns":3},{"damage":10,"enemies":"3 Sentries","floor":10,"turns":8},{"damage":2,"enemies":"Jaw Worm","floor":11,"turns":2},{"damage":0,"enemies":"2 Fungi Beasts","floor":12,"turns":4},{"damage":17,"enemies":"Gremlin Gang","floor":13,"turns":4},{"damage":0,"enemies":"Large Slime","floor":14,"turns":5},{"damage":27,"enemies":"Hexaghost","floor":16,"turns":14},{"damage":8,"enemies":"Spheric Guardian","floor":18,"turns":5},{"damage":13,"enemies":"Shell Parasite","floor":21,"turns":6},{"damage":20,"enemies":"Snake Plant","floor":23,"turns":4},{"damage":11,"enemies":"Centurion and Healer","floor":27,"turns":8},{"damage":14,"enemies":"Sentry and Sphere","floor":29,"turns":4},{"damage":17,"enemies":"Chosen and Byrds","floor":30,"turns":7},{"damage":31,"enemies":"Cultist and Chosen","floor":31,"turns":4}],"seed_played":"6016336554136557067","potions_obtained":[{"floor":5,"key":"Weak Potion"},{"floor":7,"key":"Energy Potion"},{"floor":10,"key":"GamblersBrew"},{"floor":11,"key":"EssenceOfSteel"},{"floor":21,"key":"Strength Potion"},{"floor":27,"key":"Energy Potion"},{"floor":29,"key":"Regen Potion"}],"is_trial":false,"path_per_floor":["M","?","?","?","M","R","?","R","T","E","M","M","M","M","R","B",null,"M","$","?","M","?","M","T","R","T","M","R","M","M","M"],"character_chosen":"DEFECT","items_purchased":["Defragment","DataDisk"],"campfire_rested":2,"item_purchase_floors":[19,19],"current_hp_per_floor":[62,57,57,57,57,57,57,57,57,47,45,45,28,28,64,37,63,55,55,55,42,42,22,22,58,58,47,47,33,31,0],"gold":79,"neow_bonus":"RANDOM_COMMON_RELIC","is_prod":false,"is_daily":false,"chose_seed":false,"campfire_upgraded":3,"win_rate":0,"timestamp":1549107361,"path_taken":["M","?","?","?","?","R","?","R","T","E","M","M","M","?","R","BOSS","M","$","?","M","?","M","?","R","T","?","R","?","M","M"],"build_version":"2019-01-23","purchased_purges":1,"victory":false,"max_hp_per_floor":[71,71,71,71,71,71,71,71,71,71,71,71,71,71,71,71,71,71,71,71,71,71,71,71,71,71,71,71,71,71,71],"card_choices":[{"not_picked":["Sweeping Beam","Blizzard"],"picked":"Coolheaded","floor":1},{"not_picked":["Recycle","Blizzard"],"picked":"Cold Snap","floor":5},{"not_picked":["Barrage","Gash"],"picked":"Creative AI","floor":10},{"not_picked":["Barrage","Reinforced Body"],"picked":"Leap","floor":11},{"not_picked":["Gash","Darkness","Rebound"],"picked":"SKIP","floor":12},{"not_picked":["Beam Cell","Hyperbeam"],"picked":"Reinforced Body","floor":13},{"not_picked":["Stack","Steam","Fusion"],"picked":"SKIP","floor":14},{"not_picked":["Reboot","Meteor Strike"],"picked":"Echo Form","floor":16},{"not_picked":["Darkness"],"picked":"SKIP","floor":18},{"not_picked":["Aggregate"],"picked":"SKIP","floor":21},{"not_picked":["Go for the Eyes"],"picked":"SKIP","floor":23},{"not_picked":["Gash"],"picked":"SKIP","floor":27},{"not_picked":[],"picked":"Hello World","floor":29},{"not_picked":["Chaos"],"picked":"SKIP","floor":30}],"player_experience":169984,"relics_obtained":[{"floor":9,"key":"Potion Belt"},{"floor":10,"key":"Calipers"},{"floor":24,"key":"Bottled Lightning"},{"floor":26,"key":"Dodecahedron"}],"event_choices":[{"damage_healed":0,"gold_gain":0,"player_choice":"Success","damage_taken":5,"relics_obtained":["Bronze Scales"],"max_hp_gain":0,"max_hp_loss":0,"event_name":"Scrap Ooze","floor":2,"gold_loss":0},{"damage_healed":0,"gold_gain":0,"player_choice":"Ignored","damage_taken":0,"max_hp_gain":0,"max_hp_loss":0,"event_name":"Liars Game","floor":3,"gold_loss":0},{"damage_healed":0,"gold_gain":0,"player_choice":"Ignored","damage_taken":0,"max_hp_gain":0,"max_hp_loss":0,"event_name":"Shining Light","floor":4,"gold_loss":0},{"damage_healed":0,"gold_gain":0,"player_choice":"Bought 1 Potion","damage_taken":0,"max_hp_gain":0,"max_hp_loss":0,"event_name":"The Woman in Blue","floor":7,"gold_loss":0},{"damage_healed":0,"gold_gain":0,"player_choice":"Smashed Altar","damage_taken":0,"max_hp_gain":0,"max_hp_loss":0,"event_name":"Forgotten Altar","floor":20,"gold_loss":0,"cards_obtained":["Decay"]},{"damage_healed":0,"gold_gain":0,"player_choice":"Ignored","damage_taken":0,"max_hp_gain":0,"max_hp_loss":0,"event_name":"Cursed Tome","floor":22,"gold_loss":0}],"is_beta":false,"boss_relics":[{"not_picked":["Eternal Feather","Black Star"],"picked":"Busted Crown"}],"items_purged_floors":[19],"is_endless":false,"potions_floor_spawned":[5,10,11,12,21,27,29],"killed_by":"Cultist and Chosen","ascension_level":17}