{"gold_per_floor":[116,216,226,176,190,220,220,273,273,273,14,34,45,58,58,157,157,171,186,186,22,38,38,66,66,66,96,114,114,114,114,114,218,218,237,257,267,69,69,69,95,107,119,161,183,195,157,170,170,170],"floor_reached":50,"playtime":4294,"items_purged":["Strike_G+1","Pain","Pain"],"score":565,"play_id":"cf2cb70b-eee9-4663-9095-7a0c22b2b3dc","local_time":"20190215042229","is_ascension_mode":false,"campfire_choices":[{"floor":7,"key":"REST"},{"floor":10,"key":"REST"},{"floor":15,"key":"RECALL"},{"floor":23,"key":"REST"},{"floor":29,"key":"REST"},{"floor":32,"key":"REST"},{"data":"Footwork","floor":40,"key":"SMITH"},{"floor":42,"key":"REST"},{"floor":49,"key":"REST"}],"neow_cost":"NONE","seed_source_timestamp":832937505363860,"circlet_count":0,"master_deck":["Defend_G+1","Defend_G+1","Defend_G+1","Defend_G+1","Defend_G+1","Strike_G+1","Strike_G+1","Survivor","Neutralize","Well Laid Plans","Quick Slash","Dodge and Roll","Dash","Cloak And Dagger","Blur","Malaise","PiercingWail+1","Footwork+1","Backflip","Quick Slash+1","Shame","Acrobatics+1","Leg Sweep","Adrenaline","PiercingWail+1","Noxious Fumes","Parasite","Concentrate+1","Purity","Distraction+1","Regret","Leg Sweep+1","Underhanded Strike+1","Panacea","Caltrops"],"relics":["Ring of the Snake","Centennial Puzzle","Sundial","Shuriken","Cursed Key","Torii","Meat on the Bone","Bottled Flame","Lantern","Kunai","WristBlade","Calipers","MawBank","Dodecahedron","Smiling Mask"],"potions_floor_usage":[19,24,33,36,45,50],"damage_taken":[{"damage":2,"enemies":"Small Slimes","floor":1,"turns":6},{"damage":1,"enemies":"Cultist","floor":3,"turns":4},{"damage":0,"enemies":"Jaw Worm","floor":5,"turns":6},{"damage":40,"enemies":"3 Sentries","floor":6,"turns":22},{"damage":2,"enemies":"Large Slime","floor":12,"turns":6},{"damage":0,"enemies":"2 Fungi Beasts","floor":13,"turns":4},{"damage":2,"enemies":"3 Louse","floor":14,"turns":4},{"damage":64,"enemies":"Slime Boss","floor":16,"turns":16},{"damage":16,"enemies":"Spheric Guardian","floor":18,"turns":10},{"damage":16,"enemies":"Chosen","floor":19,"turns":12},{"damage":0,"enemies":"Centurion and Healer","floor":22,"turns":12},{"damage":16,"enemies":"Slavers","floor":24,"turns":17},{"damage":20,"enemies":"Book of Stabbing","floor":27,"turns":9},{"damage":9,"enemies":"Cultist and Chosen","floor":28,"turns":12},{"damage":16,"enemies":"Collector","floor":33,"turns":17},{"damage":3,"enemies":"3 Darklings","floor":35,"turns":8},{"damage":3,"enemies":"Orb Walker","floor":36,"turns":7},{"damage":4,"enemies":"Writhing Mass","floor":37,"turns":10},{"damage":27,"enemies":"Giant Head","floor":41,"turns":16},{"damage":12,"enemies":"Nemesis","floor":44,"turns":17},{"damage":16,"enemies":"Sphere and 2 Shapes","floor":45,"turns":8},{"damage":0,"enemies":"3 Darklings","floor":48,"turns":7},{"damage":71,"enemies":"Time Eater","floor":50,"turns":10}],"seed_played":"-8906639179630346272","potions_obtained":[{"floor":6,"key":"Dexterity Potion"},{"floor":13,"key":"Swift Potion"},{"floor":16,"key":"EssenceOfSteel"},{"floor":19,"key":"Regen Potion"},{"floor":27,"key":"FearPotion"},{"floor":33,"key":"SpeedPotion"},{"floor":44,"key":"SkillPotion"},{"floor":45,"key":"GamblersBrew"}],"is_trial":false,"path_per_floor":["M","?","M","?","M","E","R","T","T","R","$","M","M","M","R","B",null,"M","M","?","$","M","R","E","?","T","E","M","R","?","?","R","B",null,"M","M","M","$","T","R","E","R","T","E","M","?","$","M","R","B"],"character_chosen":"THE_SILENT","items_purchased":["Shuriken","Footwork","Backflip","Purity"],"campfire_rested":7,"item_purchase_floors":[11,21,21,38],"current_hp_per_floor":[68,68,67,67,67,27,48,48,48,69,69,67,67,65,65,1,70,54,38,38,38,38,59,58,58,58,38,41,62,49,49,71,55,75,72,69,65,65,65,65,38,60,60,48,44,44,44,44,66,0],"gold":170,"neow_bonus":"REMOVE_CARD","is_prod":false,"is_daily":false,"chose_seed":false,"campfire_upgraded":1,"win_rate":0,"timestamp":1550222549,"path_taken":["M","?","?","?","M","E","R","?","T","R","$","M","M","M","R","BOSS","M","M","?","$","M","R","E","?","T","E","M","R","?","?","R","BOSS","M","M","M","?","?","R","E","R","T","E","M","?","$","?","R","BOSS"],"build_version":"2019-01-23","purchased_purges":3,"victory":false,"max_hp_per_floor":[70,70,70,70,70,70,70,70,70,70,70,70,70,70,70,70,70,70,70,70,70,70,70,70,70,70,70,70,70,75,75,75,75,75,75,75,75,75,75,75,75,75,75,75,75,75,75,75,75,75],"card_choices":[{"not_picked":["Underhanded Strike","Outmaneuver","Dagger Spray"],"picked":"SKIP","floor":1},{"not_picked":["Quick Slash","Dagger Throw"],"picked":"Well Laid Plans","floor":3},{"not_picked":["Prepared","Poisoned Stab"],"picked":"Quick Slash","floor":5},{"not_picked":["Flying Knee","Quick Slash"],"picked":"Dodge and Roll","floor":6},{"not_picked":["Prepared","Storm of Steel"],"picked":"Dash","floor":12},{"not_picked":["Heel Hook","Prepared"],"picked":"Cloak And Dagger","floor":13},{"not_picked":["Dagger Throw","Deflect"],"picked":"Blur","floor":14},{"not_picked":["Glass Knife","Corpse Explosion"],"picked":"Malaise","floor":16},{"not_picked":["Sucker Punch","Underhanded Strike+1","Riddle With Holes+1"],"picked":"SKIP","floor":18},{"not_picked":["Underhanded Strike","Flechettes"],"picked":"PiercingWail+1","floor":19},{"not_picked":["Dagger Spray","Catalyst","Prepared"],"picked":"SKIP","floor":22},{"not_picked":["Riddle With Holes","Concentrate"],"picked":"Quick Slash+1","floor":24},{"not_picked":["Cloak And Dagger","Deadly Poison+1"],"picked":"Acrobatics+1","floor":27},{"not_picked":["Slice","Bullet Time"],"picked":"Leg Sweep","floor":28},{"not_picked":["Night Terror","Phantasmal Killer"],"picked":"Adrenaline","floor":33},{"not_picked":["Escape Plan+1","Cloak And Dagger+1"],"picked":"PiercingWail+1","floor":35},{"not_picked":["Dagger Spray+1","Dodge and Roll+1"],"picked":"Noxious Fumes","floor":36},{"not_picked":["Deflect+1","Bouncing Flask"],"picked":"Concentrate+1","floor":37},{"not_picked":["Riddle With Holes","Malaise"],"picked":"Distraction+1","floor":41},{"not_picked":["Bouncing Flask+1","Sucker Punch"],"picked":"Leg Sweep+1","floor":44},{"not_picked":["Deadly Poison+1","Dodge and Roll+1"],"picked":"Underhanded Strike+1","floor":45},{"not_picked":["HandOfGreed","Madness"],"picked":"Panacea","floor":46},{"not_picked":["Distraction","Backstab+1"],"picked":"Caltrops","floor":48}],"player_experience":156149,"relics_obtained":[{"floor":6,"key":"Centennial Puzzle"},{"floor":9,"key":"Sundial"},{"floor":24,"key":"Torii"},{"floor":26,"key":"Bottled Flame"},{"floor":27,"key":"Lantern"},{"floor":31,"key":"Kunai"},{"floor":39,"key":"Calipers"},{"floor":41,"key":"MawBank"},{"floor":43,"key":"Dodecahedron"},{"floor":44,"key":"Smiling Mask"}],"event_choices":[{"damage_healed":0,"gold_gain":100,"player_choice":"Gold","damage_taken":0,"max_hp_gain":0,"max_hp_loss":0,"event_name":"Wheel of Change","floor":2,"gold_loss":0},{"cards_removed":["Strike_G"],"damage_healed":0,"gold_gain":0,"player_choice":"Card Removal","damage_taken":0,"max_hp_gain":0,"max_hp_loss":0,"event_name":"The Cleric","floor":4,"gold_loss":50},{"damage_healed":0,"gold_gain":0,"player_choice":"Simplicity","damage_taken":0,"max_hp_gain":0,"max_hp_loss":0,"event_name":"Back to Basics","floor":20,"gold_loss":0,"cards_upgraded":["Defend_G","Defend_G","Defend_G","Defend_G","Defend_G","Strike_G","Strike_G","Strike_G"]},{"damage_healed":0,"gold_gain":0,"player_choice":"Stole Relic","damage_taken":0,"relics_obtained":["Meat on the Bone"],"max_hp_gain":0,"max_hp_loss":0,"event_name":"Addict","floor":25,"gold_loss":0,"cards_obtained":["Shame"]},{"damage_healed":0,"gold_gain":0,"player_choice":"Shed Blood","damage_taken":18,"max_hp_gain":5,"max_hp_loss":0,"event_name":"Forgotten Altar","floor":30,"gold_loss":0},{"damage_healed":0,"gold_gain":0,"player_choice":"Relic","damage_taken":0,"max_hp_gain":0,"max_hp_loss":0,"event_name":"Wheel of Change","floor":31,"gold_loss":0},{"damage_healed":0,"gold_gain":0,"player_choice":"Memory 1","damage_taken":0,"max_hp_gain":0,"max_hp_loss":0,"event_name":"SensoryStone","floor":46,"gold_loss":0}],"is_beta":false,"boss_relics":[{"not_picked":["Runic Dome","Tiny House"],"picked":"Cursed Key"},{"not_picked":["Sozu","Lizard Tail"],"picked":"WristBlade"}],"items_purged_floors":[21,38,47],"is_endless":false,"potions_floor_spawned":[6,13,16,19,27,28,33,44,45,48],"killed_by":"Time Eater","ascension_level":0}