{"gold_per_floor":[13,26,101,101,115,115,149,174,186,198,226,64,64,94,94,172,172,185,216,227,118,118],"floor_reached":22,"playtime":621,"items_purged":[],"score":331,"play_id":"7bfc1aa6-c6cf-4fc4-aa44-398c67bf06b8","local_time":"20190202015801","is_ascension_mode":true,"campfire_choices":[{"data":"Go for the Eyes","floor":6.0,"key":"SMITH"},{"floor":10.0,"key":"REST"},{"data":"Zap","floor":15,"key":"SMITH"}],"neow_cost":"NO_GOLD","seed_source_timestamp":1000283544477948,"circlet_count":0,"master_deck":["AscendersBane","Strike_B","Strike_B","Strike_B","Strike_B","Defend_B","Defend_B","Defend_B","Defend_B","Zap+1","Dualcast+1","Ball Lightning","Go for the Eyes+1","Cold Snap","White Noise","Rebound","Conserve Battery","Core Surge","Coolheaded","Creative AI","Chill","Leap","Conserve Battery"],"special_seed":0,"relics":["Cracked Core","StoneCalendar","MawBank","Mercury Hourglass","Odd Mushroom","Inserter","Red Mask"],"potions_floor_usage":[19],"damage_taken":[{"damage":4.0,"enemies":"2 Louse","floor":1.0,"turns":2.0},{"damage":0.0,"enemies":"Small Slimes","floor":2.0,"turns":3.0},{"damage":7.0,"enemies":"Jaw Worm","floor":5.0,"turns":3.0},{"damage":3.0,"enemies":"Lagavulin","floor":7.0,"turns":7.0},{"damage":10.0,"enemies":"Exordium Wildlife","floor":8.0,"turns":4.0},{"damage":5,"enemies":"Gremlin Gang","floor":11,"turns":4},{"damage":4,"enemies":"The Mushroom Lair","floor":14,"turns":3},{"damage":33,"enemies":"The Guardian","floor":16,"turns":8},{"damage":15,"enemies":"Spheric Guardian","floor":18,"turns":4},{"damage":38,"enemies":"Masked Bandits","floor":19,"turns":5},{"damage":12,"enemies":"Shell Parasite","floor":20,"turns":6},{"damage":8,"enemies":"3 Cultists","floor":22,"turns":4}],"seed_played":"7793300222886950111","potions_obtained":[{"floor":2.0,"key":"SkillPotion"},{"floor":7.0,"key":"FairyPotion"},{"floor":8.0,"key":"Dexterity Potion"}],"is_trial":false,"path_per_floor":["M","M","?","?","M","R","E","M","T","R","M","$","?","?","R","B",null,"M","?","M","$","M"],"character_chosen":"DEFECT","items_purchased":["Core Surge","Weak Potion","Swift Potion"],"campfire_rested":1,"item_purchase_floors":[12,21,21],"current_hp_per_floor":[60,60,49,49,42,42,39,29,29,50,45,45,68,64,64,31,61,46,8,5,5,0],"gold":118,"neow_bonus":"ONE_RARE_RELIC","is_prod":false,"is_daily":false,"chose_seed":false,"campfire_upgraded":2,"win_rate":0,"timestamp":1549065481,"path_taken":["M","M","?","?","M","R","E","M","T","R","M","$","?","?","R","BOSS","M","?","M","$","M"],"build_version":"2019-01-23","purchased_purges":0,"victory":false,"max_hp_per_floor":[71,71,71,71,71,71,71,71,71,71,71,71,71,71,71,71,71,71,71,71,71,71],"card_choices":[{"not_picked":["Coolheaded","Steam"],"picked":"Ball Lightning","floor":1.0},{"not_picked":["Double Energy","Steam"],"picked":"Go for the Eyes","floor":2.0},{"not_picked":["Undo","Blizzard"],"picked":"Cold Snap","floor":5.0},{"not_picked":["Ball Lightning","Gash"],"picked":"White Noise","floor":7.0},{"not_picked":["Gash","Compile Driver"],"picked":"Rebound","floor":8.0},{"not_picked":["Hello World","Compile Driver"],"picked":"Conserve Battery","floor":11},{"not_picked":["Genetic Algorithm","Aggregate"],"picked":"Coolheaded","floor":14},{"not_picked":["Hyperbeam","Thunder Strike"],"picked":"Creative AI","floor":16},{"not_picked":["Steam+1","Aggregate"],"picked":"Chill","floor":18},{"not_picked":["Rebound+1","Storm"],"picked":"Leap","floor":19},{"not_picked":["Sweeping Beam","Compile Driver"],"picked":"Conserve Battery","floor":20}],"player_experience":167033,"relics_obtained":[{"floor":7.0,"key":"MawBank"},{"floor":9.0,"key":"Mercury Hourglass"},{"floor":14,"key":"Odd Mushroom"},{"floor":19,"key":"Red Mask"}],"event_choices":[{"damage_healed":0.0,"max_hp_gain":0.0,"max_hp_loss":0.0,"gold_gain":75.0,"event_name":"World of Goop","player_choice":"Gather Gold","floor":3.0,"gold_loss":0.0,"damage_taken":11.0},{"damage_healed":0.0,"max_hp_gain":0.0,"max_hp_loss":0.0,"gold_gain":0.0,"event_name":"Living Wall","player_choice":"Grow","floor":4.0,"gold_loss":0.0,"damage_taken":0.0,"cards_upgraded":["Dualcast"]},{"damage_healed":23,"gold_gain":0,"player_choice":"Banana","damage_taken":0,"max_hp_gain":0,"max_hp_loss":0,"event_name":"Big Fish","floor":13,"gold_loss":0},{"damage_healed":0,"gold_gain":0,"player_choice":"Fought Mushrooms","damage_taken":0,"max_hp_gain":0,"max_hp_loss":0,"event_name":"Mushrooms","floor":14,"gold_loss":0},{"damage_healed":0,"gold_gain":0,"player_choice":"Fought Bandits","damage_taken":0,"max_hp_gain":0,"max_hp_loss":0,"event_name":"Masked Bandits","floor":19,"gold_loss":0}],"is_beta":false,"boss_relics":[{"not_picked":["Fusion Hammer","Eternal Feather"],"picked":"Inserter"}],"items_purged_floors":[],"is_endless":false,"potions_floor_spawned":[2,7,8,14,16],"killed_by":"3 Cultists","ascension_level":16}