{"gold_per_floor":[128,151,163,175,207,247,259,289,327,339,369,440,468,10,10,111,111,125,37,57,75,95,95,95],"floor_reached":24,"playtime":1082,"items_purged":["Strike_G"],"score":210,"play_id":"b418f4f7-23c2-483d-8fbc-07debfa620af","local_time":"20190216114513","is_ascension_mode":false,"campfire_choices":[{"data":"Neutralize","floor":7,"key":"SMITH"},{"data":"Cloak And Dagger","floor":10,"key":"SMITH"},{"data":"Noxious Fumes","floor":15,"key":"SMITH"},{"data":"Discovery","floor":23,"key":"SMITH"}],"neow_cost":"NONE","seed_source_timestamp":9855404649675,"circlet_count":0,"master_deck":["Defend_G","Defend_G","Defend_G","Defend_G","Defend_G","Strike_G+1","Strike_G+1","Strike_G","Strike_G","Survivor","Neutralize+1","Cloak And Dagger","Cloak And Dagger+1","Poisoned Stab","Bane","Backflip","Venomology","Terror","Accuracy","Noxious Fumes+1","Predator","Venomology","Backstab","Backstab","Noxious Fumes","Crippling Poison","Bouncing Flask","Discovery+1","Cloak And Dagger+1","Envenom"],"relics":["Ring of the Snake","MawBank","Blood Vial","Whetstone","Tiny Chest","Ginger","Orrery"],"potions_floor_usage":[5,6,8,8,12,12,13,16,16,16,18,20,20,20,20,20,21,22,22,22,24,24],"damage_taken":[{"damage":0,"enemies":"Small Slimes","floor":1,"turns":5},{"damage":0,"enemies":"Jaw Worm","floor":2,"turns":5},{"damage":0,"enemies":"Cultist","floor":5,"turns":4},{"damage":32,"enemies":"Gremlin Nob","floor":6,"turns":5},{"damage":2,"enemies":"Gremlin Gang","floor":8,"turns":6},{"damage":0,"enemies":"Red Slaver","floor":11,"turns":3},{"damage":7,"enemies":"Lagavulin","floor":12,"turns":5},{"damage":4,"enemies":"Large Slime","floor":13,"turns":6},{"damage":9,"enemies":"Slime Boss","floor":16,"turns":10},{"damage":11,"enemies":"Spheric Guardian","floor":18,"turns":4},{"damage":0,"enemies":"Chosen","floor":20,"turns":5},{"damage":21,"enemies":"Snake Plant","floor":21,"turns":4},{"damage":18,"enemies":"3 Cultists","floor":22,"turns":8},{"damage":39,"enemies":"Gremlin Leader","floor":24,"turns":7}],"seed_played":"1240647443081587093","potions_obtained":[{"floor":2,"key":"SteroidPotion"},{"floor":4,"key":"Strength Potion"},{"floor":4,"key":"SkillPotion"},{"floor":4,"key":"EntropicBrew"},{"floor":5,"key":"Fruit Juice"},{"floor":8,"key":"Block Potion"},{"floor":13,"key":"SkillPotion"},{"floor":16,"key":"Block Potion"},{"floor":18,"key":"PowerPotion"},{"floor":22,"key":"SteroidPotion"}],"is_trial":false,"path_per_floor":["M","M","?","?","M","E","R","M","T","R","M","E","M","$","R","B",null,"M","$","M","M","M","R","E"],"character_chosen":"THE_SILENT","items_purchased":["Noxious Fumes","Ginger","Predator","Discovery"],"campfire_rested":0,"item_purchase_floors":[14,14,14,19],"current_hp_per_floor":[70,70,75,75,80,48,48,48,48,48,50,45,43,43,43,36,80,69,69,71,52,36,36,0],"gold":95,"neow_bonus":"RANDOM_COMMON_RELIC","is_prod":false,"is_daily":false,"chose_seed":false,"campfire_upgraded":4,"win_rate":0,"timestamp":1550339113,"path_taken":["M","M","?","?","?","E","R","?","T","R","M","E","M","?","R","BOSS","M","$","M","?","M","R","E"],"build_version":"2019-01-23","purchased_purges":1,"victory":false,"max_hp_per_floor":[70,70,75,75,80,80,80,80,80,80,80,80,80,80,80,80,80,80,80,80,80,80,80,80],"card_choices":[{"not_picked":["Flying Knee","Expertise"],"picked":"Cloak And Dagger","floor":1},{"not_picked":["Quick Slash","Eviscerate"],"picked":"Cloak And Dagger","floor":2},{"not_picked":["Setup","Slice"],"picked":"Poisoned Stab","floor":5},{"not_picked":["Endless Agony","Well Laid Plans"],"picked":"Bane","floor":6},{"not_picked":["Skewer","Concentrate"],"picked":"Backflip","floor":8},{"not_picked":["Predator","Outmaneuver"],"picked":"Venomology","floor":11},{"not_picked":["Blade Dance","Slice"],"picked":"Terror","floor":12},{"not_picked":["Deadly Poison","Tactician"],"picked":"Accuracy","floor":13},{"not_picked":["Tools of the Trade","A Thousand Cuts"],"picked":"Venomology","floor":16},{"not_picked":["Acrobatics","Bane"],"picked":"Backstab","floor":17},{"not_picked":["Outmaneuver","PiercingWail"],"picked":"Backstab","floor":17},{"not_picked":["Heel Hook","Escape Plan"],"picked":"Noxious Fumes","floor":17},{"not_picked":["Masterful Stab","Sucker Punch"],"picked":"Crippling Poison","floor":17},{"not_picked":["Poisoned Stab","Deflect"],"picked":"Bouncing Flask","floor":17},{"not_picked":["Slice","Flying Knee","Endless Agony"],"picked":"SKIP","floor":18},{"not_picked":["Slice","Flying Knee","Endless Agony"],"picked":"SKIP","floor":18},{"not_picked":["Concentrate","Deadly Poison+1"],"picked":"Cloak And Dagger+1","floor":20},{"not_picked":["Blade Dance","Skewer+1"],"picked":"Envenom","floor":21},{"not_picked":["Skewer","Bane","Setup"],"picked":"SKIP","floor":22}],"player_experience":837396,"relics_obtained":[{"floor":6,"key":"Blood Vial"},{"floor":9,"key":"Whetstone"},{"floor":12,"key":"Tiny Chest"}],"event_choices":[{"damage_healed":0,"gold_gain":0,"player_choice":"Donut","damage_taken":0,"max_hp_gain":5,"max_hp_loss":0,"event_name":"Big Fish","floor":3,"gold_loss":0},{"damage_healed":0,"gold_gain":0,"player_choice":"Got Potions","damage_taken":0,"max_hp_gain":0,"max_hp_loss":0,"event_name":"Lab","floor":4,"gold_loss":0}],"is_beta":false,"boss_relics":[{"not_picked":["HoveringKite","Black Star"],"picked":"Orrery"}],"items_purged_floors":[14],"is_endless":false,"potions_floor_spawned":[2,5,8,13,16,18,22],"killed_by":"Gremlin Leader","ascension_level":0}