{"gold_per_floor":[115,115,134,84,84,84,109,125,150,170,95,95,95,125,125,225,225,215,215,215,22,22,55,55,85,85,104,104,122,149,149,149,254,254,281,293,305,28,128,128],"floor_reached":40,"playtime":3511,"items_purged":["Strike_G","Strike_G+1","Injury"],"score":719,"play_id":"39fc3945-2336-43c3-a187-d198b3c049f7","local_time":"20190217004444","is_ascension_mode":true,"campfire_choices":[{"data":"Choke","floor":6,"key":"SMITH"},{"floor":13,"key":"REST"},{"floor":15,"key":"REST"},{"floor":24,"key":"REST"},{"floor":28,"key":"REST"},{"floor":32,"key":"REST"}],"neow_cost":"NONE","seed_source_timestamp":105880853272765,"circlet_count":0,"master_deck":["Defend_G+1","Defend_G+1","Defend_G+1","Defend_G+1","Strike_G+1","Strike_G+1","Strike_G+1","Neutralize+1","Predator+1","Choke+1","Footwork","Leg Sweep+1","Sucker Punch+1","After Image","Dagger Throw+1","Neutralize+1","Infinite Blades","Footwork","Accuracy","Choke+1","Burst","A Thousand Cuts","Acrobatics+1","Terror+1"],"relics":["Ring of the Snake","NeowsBlessing","PreservedInsect","Juzu Bracelet","Art of War","Smiling Mask","WristBlade","Nilry\u0027s Codex","War Paint","Omamori","The Specimen","Whetstone","Thread and Needle","Calling Bell","MawBank","Sundial","Calipers","Shuriken","Peace Pipe"],"potions_floor_usage":[18,23,25,30,33,39,40],"damage_taken":[{"damage":0,"enemies":"2 Louse","floor":1,"turns":1},{"damage":0,"enemies":"Jaw Worm","floor":3,"turns":1},{"damage":0,"enemies":"3 Sentries","floor":7,"turns":1},{"damage":0,"enemies":"Small Slimes","floor":8,"turns":3},{"damage":4,"enemies":"2 Fungi Beasts","floor":10,"turns":3},{"damage":23,"enemies":"Lagavulin","floor":14,"turns":5},{"damage":49,"enemies":"The Guardian","floor":16,"turns":19},{"damage":30,"enemies":"2 Thieves","floor":18,"turns":4},{"damage":12,"enemies":"Book of Stabbing","floor":23,"turns":5},{"damage":0,"enemies":"Gremlin Leader","floor":25,"turns":5},{"damage":0,"enemies":"Chosen","floor":27,"turns":4},{"damage":4,"enemies":"Shelled Parasite and Fungi","floor":29,"turns":7},{"damage":13,"enemies":"Book of Stabbing","floor":30,"turns":5},{"damage":33,"enemies":"Collector","floor":33,"turns":13},{"damage":21,"enemies":"3 Darklings","floor":35,"turns":7},{"damage":0,"enemies":"Mind Bloom Boss Battle","floor":39,"turns":7},{"damage":44,"enemies":"Reptomancer","floor":40,"turns":3}],"seed_played":"-8341189739694665782","potions_obtained":[{"floor":3,"key":"Poison Potion"},{"floor":7,"key":"Regen Potion"},{"floor":16,"key":"Swift Potion"},{"floor":27,"key":"LiquidBronze"},{"floor":30,"key":"SkillPotion"},{"floor":33,"key":"AttackPotion"},{"floor":35,"key":"Strength Potion"}],"is_trial":false,"path_per_floor":["M","$","M","?","?","R","E","M","T","M","$","?","R","E","R","B",null,"M","?","?","$","?","E","R","E","T","M","R","M","E","?","R","B",null,"M","?","?","$","?","E"],"character_chosen":"THE_SILENT","items_purchased":["War Paint","Shuriken"],"campfire_rested":5,"item_purchase_floors":[21,38],"current_hp_per_floor":[63,63,63,63,49,49,49,49,49,45,45,38,59,36,57,8,55,39,23,23,23,23,11,32,32,32,32,53,49,36,36,57,24,59,38,38,38,38,38,0],"gold":128,"neow_bonus":"THREE_ENEMY_KILL","is_prod":false,"is_daily":false,"chose_seed":false,"campfire_upgraded":1,"win_rate":0,"timestamp":1550393084,"path_taken":["M","$","M","?","?","R","E","M","T","M","?","?","R","E","R","BOSS","M","?","?","$","?","E","R","E","T","M","R","M","E","?","R","BOSS","M","?","?","$","?","E"],"build_version":"2019-01-23","purchased_purges":3,"victory":false,"max_hp_per_floor":[70,70,70,70,70,70,70,70,70,70,70,70,70,70,70,70,70,70,70,70,70,70,70,70,70,70,70,70,70,70,70,70,70,70,70,70,70,70,70,70],"card_choices":[{"not_picked":["Prepared","Blade Dance"],"picked":"Predator","floor":1},{"not_picked":["Bouncing Flask","Dodge and Roll"],"picked":"Choke","floor":3},{"not_picked":["Quick Slash","Terror"],"picked":"Footwork","floor":7},{"not_picked":["Caltrops","Deadly Poison"],"picked":"Leg Sweep","floor":8},{"not_picked":["Storm of Steel","Deadly Poison"],"picked":"Sucker Punch","floor":10},{"not_picked":["Leg Sweep","Catalyst","Tactician"],"picked":"SKIP","floor":14},{"not_picked":["Corpse Explosion","Envenom"],"picked":"After Image","floor":16},{"not_picked":["Prepared","Backflip"],"picked":"Dagger Throw+1","floor":18},{"not_picked":["Leg Sweep+1","Riddle With Holes"],"picked":"Infinite Blades","floor":23},{"not_picked":["Acrobatics","Bullet Time"],"picked":"Footwork","floor":25},{"not_picked":["Acrobatics","Sucker Punch"],"picked":"Accuracy","floor":27},{"not_picked":["Quick Slash","Predator"],"picked":"Choke+1","floor":29},{"not_picked":["Outmaneuver","Riddle With Holes"],"picked":"Burst","floor":30},{"not_picked":["Tools of the Trade","Storm of Steel"],"picked":"A Thousand Cuts","floor":33},{"not_picked":["Bouncing Flask+1","Bane"],"picked":"Acrobatics+1","floor":35},{"not_picked":["Dodge and Roll","Dagger Spray"],"picked":"Terror+1","floor":39}],"player_experience":422162,"relics_obtained":[{"floor":7,"key":"PreservedInsect"},{"floor":9,"key":"Juzu Bracelet"},{"floor":14,"key":"Smiling Mask"},{"floor":19,"key":"Nilry\u0027s Codex"},{"floor":23,"key":"Omamori"},{"floor":25,"key":"The Specimen"},{"floor":26,"key":"Whetstone"},{"floor":30,"key":"Thread and Needle"},{"floor":34,"key":"MawBank"},{"floor":34,"key":"Sundial"},{"floor":34,"key":"Calipers"},{"floor":39,"key":"Peace Pipe"}],"event_choices":[{"cards_removed":["Defend_G"],"damage_healed":0,"gold_gain":0,"player_choice":"Card Removal","damage_taken":0,"max_hp_gain":0,"max_hp_loss":0,"event_name":"The Cleric","floor":4,"gold_loss":50},{"damage_healed":0,"gold_gain":0,"player_choice":"Entered Light","damage_taken":14,"max_hp_gain":0,"max_hp_loss":0,"event_name":"Shining Light","floor":5,"gold_loss":0,"cards_upgraded":["Strike_G","Neutralize"]},{"damage_healed":0,"gold_gain":0,"player_choice":"Success","damage_taken":7,"relics_obtained":["Art of War"],"max_hp_gain":0,"max_hp_loss":0,"event_name":"Scrap Ooze","floor":12,"gold_loss":0},{"damage_healed":0,"gold_gain":0,"player_choice":"Obtained Book","damage_taken":16,"max_hp_gain":0,"max_hp_loss":0,"event_name":"Cursed Tome","floor":19,"gold_loss":0},{"damage_healed":0,"gold_gain":0,"player_choice":"Simplicity","damage_taken":0,"max_hp_gain":0,"max_hp_loss":0,"event_name":"Back to Basics","floor":20,"gold_loss":0,"cards_upgraded":["Defend_G","Defend_G","Defend_G","Defend_G","Strike_G","Strike_G","Strike_G"]},{"damage_healed":0,"gold_gain":0,"player_choice":"Copied","damage_taken":0,"max_hp_gain":0,"max_hp_loss":0,"event_name":"Duplicator","floor":22,"gold_loss":0,"cards_obtained":["Neutralize"]},{"damage_healed":0,"gold_gain":0,"player_choice":"Ignored","damage_taken":0,"max_hp_gain":0,"max_hp_loss":0,"event_name":"Vampires","floor":31,"gold_loss":0},{"cards_removed":["Survivor"],"damage_healed":0,"gold_gain":0,"player_choice":"Removed Skill","damage_taken":0,"max_hp_gain":0,"max_hp_loss":0,"event_name":"Falling","floor":36,"gold_loss":0},{"damage_healed":0,"gold_gain":0,"player_choice":"Ignored","damage_taken":0,"max_hp_gain":0,"max_hp_loss":0,"event_name":"Tomb of Lord Red Mask","floor":37,"gold_loss":0},{"damage_healed":0,"gold_gain":0,"player_choice":"Fight","damage_taken":0,"max_hp_gain":0,"max_hp_loss":0,"event_name":"MindBloom","floor":39,"gold_loss":0}],"is_beta":false,"boss_relics":[{"not_picked":["Astrolabe","Sozu"],"picked":"WristBlade"},{"not_picked":["Pandora\u0027s Box","Ring of the Serpent"],"picked":"Calling Bell"}],"items_purged_floors":[11,21,38],"is_endless":false,"potions_floor_spawned":[3,7,16,27,30,33,35],"killed_by":"Reptomancer","ascension_level":9}