{"gold_per_floor":[112,287,287,297,307,372,392,392,392,410,410,423,448,458,458,557,557,574,586,586,602,625,625],"floor_reached":23,"playtime":1473,"items_purged":[],"score":205,"play_id":"b67ff317-e32e-4ad1-a180-45874757b9b7","local_time":"20190216023823","is_ascension_mode":false,"campfire_choices":[{"floor":8,"key":"REST"},{"floor":15,"key":"REST"}],"neow_cost":"NONE","seed_source_timestamp":915937809433415,"circlet_count":0,"master_deck":["Defend_G","Defend_G","Defend_G","Defend_G","Defend_G","Strike_G","Strike_G","Strike_G","Strike_G","Survivor","Neutralize","Dash","Doubt","Dash","Deflect","Envenom+1","Cloak And Dagger","Well Laid Plans","Prepared","Riddle With Holes","Malaise","Endless Agony","Crippling Poison+1","Iron Wave","Flechettes+1"],"relics":["Ring of the Snake","NeowsBlessing","Tiny Chest","Letter Opener","Philosopher\u0027s Stone","Lantern"],"potions_floor_usage":[6,19,19,23],"damage_taken":[{"damage":0,"enemies":"Cultist","floor":1,"turns":1},{"damage":0,"enemies":"2 Louse","floor":4,"turns":1},{"damage":0,"enemies":"Small Slimes","floor":5,"turns":1},{"damage":40,"enemies":"Lagavulin","floor":6,"turns":12},{"damage":5,"enemies":"Exordium Wildlife","floor":7,"turns":11},{"damage":7,"enemies":"Gremlin Gang","floor":10,"turns":8},{"damage":1,"enemies":"Large Slime","floor":12,"turns":8},{"damage":4,"enemies":"3 Sentries","floor":13,"turns":11},{"damage":0,"enemies":"Looter","floor":14,"turns":3},{"damage":31,"enemies":"The Guardian","floor":16,"turns":14},{"damage":42,"enemies":"Spheric Guardian","floor":18,"turns":9},{"damage":16,"enemies":"3 Byrds","floor":19,"turns":7},{"damage":8,"enemies":"Snecko","floor":21,"turns":7},{"damage":15,"enemies":"Slavers","floor":23,"turns":1}],"seed_played":"-3539546293753513498","potions_obtained":[{"floor":1,"key":"SteroidPotion"},{"floor":4,"key":"SteroidPotion"},{"floor":7,"key":"SteroidPotion"},{"floor":13,"key":"Dexterity Potion"},{"floor":18,"key":"Fruit Juice"}],"is_trial":false,"path_per_floor":["M","?","?","M","M","E","M","R","T","M","?","M","E","M","R","B",null,"M","M","?","M","T","E"],"character_chosen":"THE_SILENT","items_purchased":[],"campfire_rested":2,"item_purchase_floors":[],"current_hp_per_floor":[70,70,70,70,70,30,25,46,46,39,39,38,34,34,55,24,70,28,17,17,9,9,0],"gold":625,"neow_bonus":"THREE_ENEMY_KILL","is_prod":false,"is_daily":false,"chose_seed":false,"campfire_upgraded":0,"win_rate":0,"timestamp":1550302703,"path_taken":["M","?","?","?","M","E","M","R","T","M","?","M","E","M","R","BOSS","M","?","?","?","?","E"],"build_version":"2019-01-23","purchased_purges":0,"victory":false,"max_hp_per_floor":[70,70,70,70,70,70,70,70,70,70,70,70,70,70,70,70,70,70,75,75,75,75,75],"card_choices":[{"not_picked":["Backflip","Accuracy"],"picked":"Dash","floor":1},{"not_picked":["Bane","Dagger Spray"],"picked":"Dash","floor":4},{"not_picked":["Flying Knee","Concentrate"],"picked":"Deflect","floor":5},{"not_picked":["Dagger Spray","Outmaneuver"],"picked":"Envenom","floor":6},{"not_picked":["Dodge and Roll","Prepared"],"picked":"Cloak And Dagger","floor":7},{"not_picked":["Dagger Throw","Blade Dance"],"picked":"Well Laid Plans","floor":10},{"not_picked":["Prepared","Concentrate","Reflex"],"picked":"SKIP","floor":12},{"not_picked":["Dagger Spray","Eviscerate"],"picked":"Prepared","floor":13},{"not_picked":["Deflect","Bane"],"picked":"Riddle With Holes","floor":14},{"not_picked":["Unload","Wraith Form v2"],"picked":"Malaise","floor":16},{"not_picked":["Skewer","Deadly Poison"],"picked":"Endless Agony","floor":18},{"not_picked":["Sucker Punch","Underhanded Strike"],"picked":"Crippling Poison+1","floor":19},{"not_picked":["Dodge and Roll","Quick Slash"],"picked":"Flechettes+1","floor":21}],"player_experience":162334,"relics_obtained":[{"floor":6,"key":"Tiny Chest"},{"floor":13,"key":"Letter Opener"},{"floor":22,"key":"Lantern"}],"event_choices":[{"damage_healed":0,"gold_gain":175,"player_choice":"AGREE","damage_taken":0,"max_hp_gain":0,"max_hp_loss":0,"event_name":"Liars Game","floor":2,"gold_loss":0,"cards_obtained":["Doubt"]},{"damage_healed":0,"gold_gain":0,"player_choice":"Full Heal","damage_taken":0,"max_hp_gain":0,"max_hp_loss":0,"event_name":"Wheel of Change","floor":3,"gold_loss":0},{"damage_healed":0,"gold_gain":0,"player_choice":"Forge","damage_taken":0,"max_hp_gain":0,"max_hp_loss":0,"event_name":"Accursed Blacksmith","floor":11,"gold_loss":0,"cards_upgraded":["Envenom"]},{"cards_removed":["Strike_G"],"damage_healed":0,"gold_gain":0,"player_choice":"Took Card","damage_taken":0,"max_hp_gain":0,"max_hp_loss":0,"event_name":"NoteForYourself","floor":20,"gold_loss":0,"cards_obtained":["Iron Wave"]}],"is_beta":false,"boss_relics":[{"not_picked":["Calling Bell","Black Star"],"picked":"Philosopher\u0027s Stone"}],"items_purged_floors":[],"is_endless":false,"potions_floor_spawned":[1,4,7,13,18],"killed_by":"Slavers","ascension_level":0}