{"gold_per_floor":[119,119,131,144,144,144,160,170,195,195,195,229,244,258,258,360,360,378,398,398,415,415],"floor_reached":22,"playtime":477,"items_purged":[],"score":215,"play_id":"5c52502a-b20d-41b7-a3f2-ffff2504a28f","local_time":"20190225152105","is_ascension_mode":false,"campfire_choices":[{"data":"Whirlwind","floor":6,"key":"SMITH"},{"data":"True Grit","floor":11,"key":"SMITH"},{"data":"Demon Form","floor":15,"key":"SMITH"}],"neow_cost":"CURSE","seed_source_timestamp":8421242012661,"circlet_count":0,"master_deck":["Bash","Parasite","Whirlwind+1","Whirlwind","True Grit+1","Demon Form+1","Whirlwind","Headbutt","Brutality","Corruption","Wild Strike","Offering","Havoc","Uppercut","Heavy Blade","Dark Embrace","Inflame","Body Slam","Spot Weakness"],"relics":["Burning Blood","Gambling Chip","Vajra","War Paint","PreservedInsect","Blood Vial","Pandora\u0027s Box"],"potions_floor_usage":[12,22],"damage_taken":[{"damage":5,"enemies":"2 Louse","floor":1,"turns":4},{"damage":5,"enemies":"Small Slimes","floor":3,"turns":4},{"damage":6,"enemies":"Cultist","floor":4,"turns":4},{"damage":6,"enemies":"Blue Slaver","floor":7,"turns":4},{"damage":5,"enemies":"Looter","floor":8,"turns":2},{"damage":0,"enemies":"3 Sentries","floor":12,"turns":1},{"damage":0,"enemies":"Large Slime","floor":13,"turns":4},{"damage":0,"enemies":"Gremlin Gang","floor":14,"turns":1},{"damage":53,"enemies":"The Guardian","floor":16,"turns":7},{"damage":0,"enemies":"3 Byrds","floor":18,"turns":2},{"damage":26,"enemies":"Chosen","floor":19,"turns":4},{"damage":30,"enemies":"Snake Plant","floor":21,"turns":4},{"damage":27,"enemies":"Colosseum Slavers","floor":22,"turns":2}],"seed_played":"-3322691831176343650","potions_obtained":[{"floor":1,"key":"Explosive Potion"},{"floor":3,"key":"Dexterity Potion"},{"floor":8,"key":"LiquidBronze"},{"floor":16,"key":"GamblersBrew"}],"is_trial":false,"path_per_floor":["M","?","M","M","?","R","M","M","T","?","R","E","M","M","R","B",null,"M","M","?","M","?"],"character_chosen":"IRONCLAD","items_purchased":[],"campfire_rested":0,"item_purchase_floors":[],"current_hp_per_floor":[80,80,80,80,73,73,73,74,74,74,74,80,80,80,80,33,80,80,60,45,23,0],"gold":415,"neow_bonus":"ONE_RARE_RELIC","is_prod":false,"is_daily":false,"chose_seed":false,"campfire_upgraded":3,"win_rate":0,"timestamp":1551129665,"path_taken":["M","?","M","M","?","R","M","M","T","?","R","E","M","M","R","BOSS","M","?","?","M","?"],"build_version":"2019-01-23","purchased_purges":0,"victory":false,"max_hp_per_floor":[80,80,80,80,80,80,80,80,80,80,80,80,80,80,80,80,80,80,80,85,85,85],"card_choices":[{"not_picked":["Seeing Red","Second Wind"],"picked":"Whirlwind","floor":1},{"not_picked":["Wild Strike","Sword Boomerang"],"picked":"Whirlwind","floor":3},{"not_picked":["Perfected Strike","Rampage","Wild Strike"],"picked":"SKIP","floor":4},{"not_picked":["Pommel Strike","Dropkick"],"picked":"True Grit","floor":7},{"not_picked":["Perfected Strike","Clothesline"],"picked":"True Grit","floor":8},{"not_picked":["Wild Strike","Armaments"],"picked":"Demon Form","floor":12},{"not_picked":["Rampage","Perfected Strike"],"picked":"Whirlwind","floor":13},{"not_picked":["Warcry","Iron Wave"],"picked":"Headbutt","floor":14},{"not_picked":["Barricade","Berserk"],"picked":"Brutality","floor":16},{"not_picked":["Evolve","Carnage"],"picked":"Spot Weakness","floor":18},{"not_picked":["Twin Strike","Anger","Thunderclap"],"picked":"SKIP","floor":19},{"not_picked":["Clash","Corruption+1","Body Slam+1"],"picked":"SKIP","floor":21}],"player_experience":921928,"relics_obtained":[{"floor":9,"key":"War Paint"},{"floor":12,"key":"Blood Vial"}],"event_choices":[{"damage_healed":0,"gold_gain":0,"player_choice":"Box","damage_taken":0,"relics_obtained":["Vajra"],"max_hp_gain":0,"max_hp_loss":0,"event_name":"Big Fish","floor":2,"gold_loss":0,"cards_obtained":["Regret"]},{"cards_removed":["Regret"],"damage_healed":0,"gold_gain":0,"player_choice":"Card Removal","damage_taken":7,"max_hp_gain":0,"max_hp_loss":0,"event_name":"Golden Wing","floor":5,"gold_loss":0},{"cards_removed":["True Grit"],"damage_healed":0,"gold_gain":0,"player_choice":"Gave Card","damage_taken":0,"relics_obtained":["PreservedInsect"],"max_hp_gain":0,"max_hp_loss":0,"event_name":"WeMeetAgain","floor":10,"gold_loss":0},{"damage_healed":0,"gold_gain":0,"player_choice":"Shed Blood","damage_taken":20,"max_hp_gain":5,"max_hp_loss":0,"event_name":"Forgotten Altar","floor":20,"gold_loss":0},{"damage_healed":0,"gold_gain":0,"player_choice":"Fight","damage_taken":0,"max_hp_gain":0,"max_hp_loss":0,"event_name":"Colosseum","floor":22,"gold_loss":0}],"is_beta":false,"boss_relics":[{"not_picked":["Empty Cage","Calling Bell"],"picked":"Pandora\u0027s Box"}],"items_purged_floors":[],"is_endless":false,"potions_floor_spawned":[1,3,8,16],"killed_by":"Colosseum Slavers","ascension_level":0}