{"gold_per_floor":[113,113,113,113,130,158,169,202,226,226,260,260,290,301,301,406,456,471,521,535,603,622,622,672,672,672,32,46,0,50,113,113,218,218,229,244,308,23,33,33,83,93,93,107,173,73,73,123,123,123],"floor_reached":51,"playtime":3964,"items_purged":["Strike_B","Strike_B"],"score":727,"play_id":"c66c0062-b461-4f7a-8b72-d1e5f67b8218","local_time":"20190220183819","is_ascension_mode":false,"campfire_choices":[{"floor":10,"key":"REST"},{"data":"Zap","floor":15,"key":"SMITH"},{"floor":23,"key":"REST"},{"data":"Genetic Algorithm","floor":25,"key":"SMITH"},{"data":"White Noise","floor":32,"key":"SMITH"},{"data":"Double Energy","floor":40,"key":"SMITH"},{"data":"Dualcast","floor":47,"key":"SMITH"},{"data":"Hologram","floor":49,"key":"SMITH"}],"neow_cost":"NONE","seed_source_timestamp":2507478548781410,"circlet_count":0,"master_deck":["Strike_B","Strike_B","Defend_B+1","Defend_B","Defend_B","Zap+1","Dualcast+1","Cold Snap","Hologram+1","Rebound+1","Double Energy+1","All For One+1","White Noise+1","Heatsinks+1","Gash+1","Biased Cognition+1","Beam Cell+1","Sweeping Beam+1","Gash+1","Melter+1","Genetic Algorithm+1","Beam Cell+1","Go for the Eyes+1","White Noise+1","Rebound+1","Electrodynamics+1","Go for the Eyes+1","Skim+1","Panache+1","Gash+1","Conserve Battery+1","Turbo+1","Doubt"],"relics":["Cracked Core","Lantern","Cables","Dodecahedron","Molten Egg 2","Orichalcum","DataDisk","Vajra","SsserpentHead","Frozen Egg 2","Tiny House","Strawberry","Toxic Egg 2","Bottled Lightning","Lee\u0027s Waffle","Coffee Dripper","Bottled Tornado"],"potions_floor_usage":[6,8,8,18,21,31,36,36,39,39,50,50,50],"damage_taken":[{"damage":1,"enemies":"Cultist","floor":1,"turns":3},{"damage":0,"enemies":"Small Slimes","floor":5,"turns":2},{"damage":16,"enemies":"3 Sentries","floor":6,"turns":7},{"damage":0,"enemies":"Jaw Worm","floor":7,"turns":2},{"damage":3,"enemies":"Lagavulin","floor":8,"turns":6},{"damage":2,"enemies":"3 Sentries","floor":11,"turns":6},{"damage":0,"enemies":"Gremlin Nob","floor":13,"turns":3},{"damage":4,"enemies":"Looter","floor":14,"turns":2},{"damage":24,"enemies":"Hexaghost","floor":16,"turns":7},{"damage":3,"enemies":"3 Byrds","floor":18,"turns":3},{"damage":2,"enemies":"Chosen","floor":20,"turns":3},{"damage":25,"enemies":"Snake Plant","floor":21,"turns":3},{"damage":2,"enemies":"Cultist and Chosen","floor":22,"turns":4},{"damage":0,"enemies":"Sentry and Sphere","floor":28,"turns":3},{"damage":5,"enemies":"Snecko","floor":31,"turns":4},{"damage":38,"enemies":"Champ","floor":33,"turns":8},{"damage":13,"enemies":"3 Shapes","floor":35,"turns":3},{"damage":22,"enemies":"3 Darklings","floor":36,"turns":4},{"damage":0,"enemies":"4 Shapes","floor":37,"turns":4},{"damage":8,"enemies":"Maw","floor":39,"turns":5},{"damage":0,"enemies":"Transient","floor":44,"turns":5},{"damage":0,"enemies":"3 Darklings","floor":45,"turns":2},{"damage":62,"enemies":"Awakened One","floor":50,"turns":7}],"seed_played":"5679861052483356857","potions_obtained":[{"floor":5,"key":"Regen Potion"},{"floor":6,"key":"Block Potion"},{"floor":7,"key":"Fire Potion"},{"floor":17,"key":"AttackPotion"},{"floor":18,"key":"Block Potion"},{"floor":33,"key":"Dexterity Potion"},{"floor":35,"key":"FocusPotion"},{"floor":36,"key":"GamblersBrew"},{"floor":37,"key":"EssenceOfSteel"},{"floor":42,"key":"Block Potion"},{"floor":42,"key":"SkillPotion"}],"is_trial":false,"path_per_floor":["M","T","?","?","M","E","M","E","T","R","E","?","E","M","R","B",null,"M","?","M","M","M","R","?","R","T","$","M","?","?","M","R","B",null,"M","M","M","$","M","R","?","?","T","M","M","$","R","?","R","B",null],"character_chosen":"DEFECT","items_purchased":["Bottled Lightning","Lee\u0027s Waffle","Regen Potion","Weak Potion","SkillPotion","Strength Potion","Panache+1"],"campfire_rested":2,"item_purchase_floors":[27,27,27,27,38,38,38],"current_hp_per_floor":[74,74,49,54,54,53,53,50,50,74,72,72,72,68,68,44,85,82,82,80,55,53,78,85,85,85,99,99,99,99,94,94,56,99,86,76,76,76,68,68,68,68,68,68,68,68,68,99,99,37],"gold":123,"neow_bonus":"RANDOM_COMMON_RELIC","is_prod":false,"is_daily":false,"chose_seed":false,"campfire_upgraded":6,"win_rate":0,"timestamp":1550705899,"path_taken":["M","?","?","?","M","E","M","E","T","R","E","?","E","M","R","BOSS","M","?","M","?","M","R","?","R","T","$","M","?","?","?","R","BOSS","M","M","?","$","M","R","?","?","T","M","?","$","R","?","R","BOSS"],"build_version":"2019-01-23","purchased_purges":2,"victory":true,"max_hp_per_floor":[75,75,75,80,80,80,80,80,80,80,80,80,80,80,80,80,85,85,85,85,85,85,85,92,92,92,99,99,99,99,99,99,99,99,99,99,99,99,99,99,99,99,99,99,99,99,99,99,99,99],"card_choices":[{"not_picked":["Coolheaded","Steam"],"picked":"Cold Snap","floor":1},{"not_picked":["Reprogram","Barrage"],"picked":"Hologram","floor":5},{"not_picked":["Recycle","Barrage"],"picked":"Rebound","floor":6},{"not_picked":["Steam","Hello World"],"picked":"Double Energy","floor":7},{"not_picked":["Rebound+1","Chill"],"picked":"All For One+1","floor":8},{"not_picked":["Defragment","Auto Shields"],"picked":"White Noise","floor":11},{"not_picked":["White Noise","Rainbow"],"picked":"Heatsinks","floor":13},{"not_picked":["Coolheaded","Static Discharge+1"],"picked":"Gash+1","floor":14},{"not_picked":["Machine Learning+1","Fission"],"picked":"Biased Cognition+1","floor":16},{"not_picked":["Coolheaded","Double Energy"],"picked":"Beam Cell+1","floor":17},{"not_picked":["Cold Snap+1","Coolheaded"],"picked":"Sweeping Beam+1","floor":18},{"not_picked":["Stack","Coolheaded"],"picked":"Melter+1","floor":20},{"not_picked":["Hologram","Thunder Strike+1"],"picked":"Genetic Algorithm","floor":21},{"not_picked":["Hologram","Fusion"],"picked":"Beam Cell+1","floor":22},{"not_picked":["Force Field+1","Sunder+1"],"picked":"Go for the Eyes+1","floor":28},{"not_picked":["Ball Lightning+1","Steam+1"],"picked":"Rebound+1","floor":31},{"not_picked":["Reboot+1","Hyperbeam+1"],"picked":"Electrodynamics+1","floor":33},{"not_picked":["Coolheaded+1","Stack+1"],"picked":"Go for the Eyes+1","floor":35},{"not_picked":["Loop+1","Sweeping Beam+1"],"picked":"Skim+1","floor":36},{"not_picked":["Compile Driver+1","Coolheaded+1","Tempest+1"],"picked":"SKIP","floor":37},{"not_picked":["Streamline+1","Capacitor+1"],"picked":"Gash+1","floor":39},{"not_picked":["Amplify+1","Darkness+1"],"picked":"Conserve Battery+1","floor":44},{"not_picked":["Go for the Eyes+1","Undo+1"],"picked":"Turbo+1","floor":45}],"player_experience":145412,"relics_obtained":[{"floor":2,"key":"Cables"},{"floor":6,"key":"Molten Egg 2"},{"floor":8,"key":"Orichalcum"},{"floor":9,"key":"DataDisk"},{"floor":11,"key":"Vajra"},{"floor":13,"key":"Frozen Egg 2"},{"floor":26,"key":"Toxic Egg 2"},{"floor":43,"key":"Bottled Tornado"}],"event_choices":[{"damage_healed":0,"gold_gain":0,"player_choice":"Success","damage_taken":25,"relics_obtained":["Dodecahedron"],"max_hp_gain":0,"max_hp_loss":0,"event_name":"Scrap Ooze","floor":3,"gold_loss":0},{"damage_healed":0,"gold_gain":0,"player_choice":"Donut","damage_taken":0,"max_hp_gain":5,"max_hp_loss":0,"event_name":"Big Fish","floor":4,"gold_loss":0},{"damage_healed":0,"gold_gain":0,"player_choice":"Trade","damage_taken":0,"relics_obtained":["SsserpentHead"],"max_hp_gain":0,"max_hp_loss":0,"event_name":"FaceTrader","floor":12,"gold_loss":0},{"damage_healed":0,"gold_gain":0,"player_choice":"Copied","damage_taken":0,"max_hp_gain":0,"max_hp_loss":0,"event_name":"Duplicator","floor":19,"gold_loss":0,"cards_obtained":["Gash"]},{"damage_healed":0,"gold_gain":0,"player_choice":"Opened","damage_taken":0,"relics_obtained":["Strawberry"],"max_hp_gain":0,"max_hp_loss":0,"event_name":"The Mausoleum","floor":24,"gold_loss":0},{"damage_healed":0,"gold_gain":0,"player_choice":"Paid Fearfully","damage_taken":0,"max_hp_gain":0,"max_hp_loss":0,"event_name":"Masked Bandits","floor":29,"gold_loss":96},{"damage_healed":0,"gold_gain":0,"player_choice":"Read","damage_taken":0,"max_hp_gain":0,"max_hp_loss":0,"event_name":"The Library","floor":30,"gold_loss":0,"cards_obtained":["White Noise"]},{"cards_removed":["Defend_B"],"damage_healed":0,"gold_gain":0,"player_choice":"Removed Skill","damage_taken":0,"max_hp_gain":0,"max_hp_loss":0,"event_name":"Falling","floor":41,"gold_loss":0},{"damage_healed":0,"gold_gain":0,"player_choice":"Bought 3 Potions","damage_taken":0,"max_hp_gain":0,"max_hp_loss":0,"event_name":"The Woman in Blue","floor":42,"gold_loss":0},{"damage_healed":31,"gold_gain":0,"player_choice":"Heal","damage_taken":0,"max_hp_gain":0,"max_hp_loss":0,"event_name":"MindBloom","floor":48,"gold_loss":0,"cards_obtained":["Doubt"]}],"is_beta":false,"boss_relics":[{"not_picked":["Cursed Key","Snecko Eye"],"picked":"Tiny House"},{"not_picked":["FrozenCore","Runic Pyramid"],"picked":"Coffee Dripper"}],"items_purged_floors":[27,46],"is_endless":false,"potions_floor_spawned":[5,6,7,18,33,35,36,37,45],"ascension_level":0}