{"gold_per_floor":[115,115,115,115,115,141,141,176,244,244,122,142,159,169,169,272,272,242,13,13,13,13,13,13,13,13,13,13,13,13,13,13,13,13,13,0,0,0,0,0,0,0,0,0,0,0,0,0,0,0],"floor_reached":50,"playtime":1551,"items_purged":["Strike_B"],"score":676,"play_id":"87bdb19f-f975-48f9-9e9e-fa0c1b526401","local_time":"20190128173102","is_ascension_mode":true,"campfire_choices":[{"floor":7.0,"key":"REST"},{"data":"Double Energy","floor":10.0,"key":"SMITH"},{"floor":15.0,"key":"REST"},{"data":"Consume","floor":23.0,"key":"SMITH"},{"floor":25.0,"key":"REST"},{"floor":27.0,"key":"REST"},{"data":"Capacitor","floor":32.0,"key":"SMITH"},{"floor":40.0,"key":"REST"},{"data":"Defragment","floor":44.0,"key":"SMITH"},{"floor":49.0,"key":"REST"}],"neow_cost":"NONE","seed_source_timestamp":622844684447179,"circlet_count":0,"master_deck":["Strike_B","Strike_B","Strike_B","Defend_B","Defend_B+1","Defend_B","Defend_B","Zap+1","Dualcast+1","Static Discharge","Storm","Double Energy+1","Conserve Battery+1","Beam Cell","Hologram+1","Auto Shields","Meteor Strike","Consume+1","Capacitor+1","Cold Snap+1","Rebound+1","Defragment+1","Conserve Battery+1","Echo Form","The Bomb","Capacitor+1","Normality","Coolheaded+1","Echo Form"],"special_seed":0,"relics":["Runic Pyramid","Ginger","Art of War","Blue Candle","Ectoplasm","Blood Vial","Boot","Vajra","War Paint","Cursed Key","Red Mask","Omamori"],"potions_floor_usage":[50,50,50],"damage_taken":[{"damage":0.0,"enemies":"2 Louse","floor":1.0,"turns":3.0},{"damage":35.0,"enemies":"Gremlin Nob","floor":6.0,"turns":4.0},{"damage":9.0,"enemies":"Lagavulin","floor":8.0,"turns":6.0},{"damage":7.0,"enemies":"Jaw Worm","floor":12.0,"turns":4.0},{"damage":8.0,"enemies":"Small Slimes","floor":13.0,"turns":3.0},{"damage":5.0,"enemies":"Blue Slaver","floor":14.0,"turns":3.0},{"damage":13.0,"enemies":"The Guardian","floor":16.0,"turns":12.0},{"damage":11.0,"enemies":"2 Thieves","floor":18.0,"turns":4.0},{"damage":7.0,"enemies":"Chosen","floor":20.0,"turns":6.0},{"damage":32.0,"enemies":"Book of Stabbing","floor":24.0,"turns":5.0},{"damage":7.0,"enemies":"3 Cultists","floor":31.0,"turns":5.0},{"damage":33.0,"enemies":"Collector","floor":33.0,"turns":10.0},{"damage":3.0,"enemies":"Orb Walker","floor":35.0,"turns":4.0},{"damage":29.0,"enemies":"3 Darklings","floor":38.0,"turns":5.0},{"damage":6.0,"enemies":"Sphere and 2 Shapes","floor":42.0,"turns":4.0},{"damage":30.0,"enemies":"Maw","floor":45.0,"turns":6.0},{"damage":6.0,"enemies":"Writhing Mass","floor":46.0,"turns":6.0},{"damage":0.0,"enemies":"4 Shapes","floor":48.0,"turns":6.0},{"damage":46,"enemies":"Awakened One","floor":50,"turns":3}],"seed_played":"2850773980091879753","potions_obtained":[{"floor":1.0,"key":"Poison Potion"},{"floor":13.0,"key":"LiquidBronze"},{"floor":14.0,"key":"FearPotion"},{"floor":16.0,"key":"AttackPotion"},{"floor":24.0,"key":"Poison Potion"},{"floor":42.0,"key":"SpeedPotion"}],"is_trial":false,"path_per_floor":["M","?","?","?","$","E","R","E","T","R","$","M","M","M","R","B",null,"M","$","M","T","?","R","E","R","T","R","$","?","$","M","R","B",null,"M","?","?","M","$","R","?","M","T","R","M","M","$","M","R","B"],"character_chosen":"DEFECT","items_purchased":["Conserve Battery","Capacitor","Blood Vial"],"campfire_rested":6,"item_purchase_floors":[11,19,19],"current_hp_per_floor":[68,68,53,53,53,18,40,31,31,31,31,24,16,11,33,20,61,50,50,45,45,45,45,15,37,37,59,59,59,59,54,54,23,62,61,61,61,34,34,56,56,52,52,52,24,20,20,22,43,0],"gold":0,"neow_bonus":"BOSS_RELIC","is_prod":false,"is_daily":false,"chose_seed":false,"campfire_upgraded":4,"win_rate":0,"timestamp":1548689462,"path_taken":["M","?","?","?","?","E","R","E","T","R","$","M","M","?","R","BOSS","M","$","?","?","?","R","E","R","T","R","$","?","?","M","R","BOSS","M","?","?","M","$","R","?","M","T","R","M","M","?","M","R","BOSS"],"build_version":"2019-01-23","purchased_purges":1,"victory":false,"max_hp_per_floor":[75,75,75,75,75,75,75,75,75,75,75,75,75,75,75,75,75,75,75,75,75,75,75,75,75,75,75,75,75,75,75,75,75,75,75,75,75,75,75,75,71,71,71,71,71,71,71,71,71,71],"card_choices":[{"not_picked":["Tempest","BootSequence"],"picked":"Static Discharge","floor":1.0},{"not_picked":["Compile Driver","Lockon"],"picked":"Storm","floor":6.0},{"not_picked":["Compile Driver","Gash"],"picked":"Double Energy","floor":8.0},{"not_picked":["Barrage","Steam"],"picked":"Beam Cell","floor":12.0},{"not_picked":["Go for the Eyes","Rip and Tear"],"picked":"Hologram","floor":13.0},{"not_picked":["Force Field","Stack"],"picked":"Auto Shields","floor":14.0},{"not_picked":["Multi-Cast","Thunder Strike"],"picked":"Meteor Strike","floor":16.0},{"not_picked":["Conserve Battery","Streamline"],"picked":"Consume","floor":18.0},{"not_picked":["Coolheaded","Streamline"],"picked":"Cold Snap+1","floor":20.0},{"not_picked":["Leap","Recycle+1"],"picked":"Rebound+1","floor":24.0},{"not_picked":["Streamline","Sweeping Beam"],"picked":"Conserve Battery+1","floor":31.0},{"not_picked":["Fission","Core Surge"],"picked":"Echo Form","floor":33.0},{"not_picked":["Scrape+1","Conserve Battery","Gash+1"],"picked":"SKIP","floor":35.0},{"not_picked":["Master of Strategy","Secret Technique"],"picked":"The Bomb","floor":37.0},{"not_picked":["Ball Lightning","Scrape+1","Sweeping Beam+1"],"picked":"SKIP","floor":38.0},{"not_picked":["Stack+1","Chill+1"],"picked":"Capacitor+1","floor":42.0},{"not_picked":["Recycle","Redo+1"],"picked":"Coolheaded+1","floor":45.0},{"not_picked":["Ball Lightning","Aggregate+1"],"picked":"Echo Form","floor":46.0},{"not_picked":["Ball Lightning","Coolheaded+1","Self Repair+1"],"picked":"SKIP","floor":48.0}],"player_experience":131124,"relics_obtained":[{"floor":6.0,"key":"Ginger"},{"floor":8.0,"key":"Art of War"},{"floor":9.0,"key":"Blue Candle"},{"floor":21.0,"key":"Boot"},{"floor":24.0,"key":"Vajra"},{"floor":26.0,"key":"War Paint"},{"floor":43.0,"key":"Omamori"}],"event_choices":[{"damage_healed":0.0,"max_hp_gain":0.0,"max_hp_loss":0.0,"gold_gain":0.0,"event_name":"Living Wall","player_choice":"Grow","floor":2.0,"gold_loss":0.0,"damage_taken":0.0,"cards_upgraded":["Zap"]},{"damage_healed":0.0,"max_hp_gain":0.0,"max_hp_loss":0.0,"gold_gain":0.0,"event_name":"Shining Light","player_choice":"Entered Light","floor":3.0,"gold_loss":0.0,"damage_taken":15.0,"cards_upgraded":["Defend_B","Dualcast"]},{"damage_healed":0.0,"max_hp_gain":0.0,"max_hp_loss":0.0,"gold_gain":0.0,"event_name":"Liars Game","player_choice":"Ignored","floor":4.0,"gold_loss":0.0,"damage_taken":0.0},{"damage_healed":0.0,"max_hp_gain":0.0,"max_hp_loss":0.0,"gold_gain":0.0,"event_name":"Vampires","player_choice":"Ignored","floor":22.0,"gold_loss":0.0,"damage_taken":0.0},{"damage_healed":0.0,"max_hp_gain":0.0,"max_hp_loss":0.0,"gold_gain":0.0,"event_name":"The Library","player_choice":"Read","floor":29.0,"gold_loss":0.0,"damage_taken":0.0,"cards_obtained":["Defragment"]},{"damage_healed":0.0,"max_hp_gain":0.0,"max_hp_loss":0.0,"gold_gain":0.0,"event_name":"Tomb of Lord Red Mask","player_choice":"Paid","floor":36.0,"gold_loss":13.0,"damage_taken":0.0,"relics_obtained":["Red Mask"]},{"damage_healed":0.0,"max_hp_gain":0.0,"max_hp_loss":0.0,"gold_gain":0.0,"event_name":"SensoryStone","player_choice":"Memory 1","floor":37.0,"gold_loss":0.0,"damage_taken":0.0},{"damage_healed":0.0,"max_hp_gain":0.0,"max_hp_loss":4.0,"gold_gain":0.0,"event_name":"Winding Halls","player_choice":"Max HP","floor":41.0,"gold_loss":0.0,"damage_taken":0.0}],"is_beta":false,"boss_relics":[{"not_picked":["Astrolabe","Philosopher\u0027s Stone"],"picked":"Ectoplasm"},{"not_picked":["Eternal Feather","Nuclear Battery"],"picked":"Cursed Key"}],"items_purged_floors":[11],"is_endless":false,"potions_floor_spawned":[1,13,14,16,24,31,42],"killed_by":"Awakened One","ascension_level":9}