{"gold_per_floor":[145,160,160,176,176,208,208,240,240,251,251,262,362,378,378,479,479,492,507,524,449,449,449,468,499,525,525],"floor_reached":27,"playtime":1495,"items_purged":[],"score":306,"play_id":"ea31233f-14e2-48c7-8af7-81f8bc552d28","local_time":"20190201015316","is_ascension_mode":true,"campfire_choices":[{"floor":11,"key":"REST"},{"floor":15,"key":"REST"},{"data":"Spot Weakness","floor":23,"key":"SMITH"}],"neow_cost":"NONE","seed_source_timestamp":1690015627581634,"circlet_count":0,"master_deck":["Strike_R","Strike_R","Strike_R+1","Strike_R","Defend_R","Defend_R","Defend_R","Defend_R","Bash","Twin Strike","Battle Trance+1","Flex+1","Seeing Red","Heavy Blade","Flex","Dropkick","Shrug It Off","Immolate","Armaments","Infernal Blade","Spot Weakness+1","Shrug It Off","Pommel Strike","Inflame"],"relics":["Burning Blood","Tiny Chest","Ancient Tea Set","Question Card","Happy Flower","Coffee Dripper","Potion Belt","Oddly Smooth Stone"],"potions_floor_usage":[2,10,16,20,24,27],"damage_taken":[{"damage":6,"enemies":"Cultist","floor":1,"turns":4},{"damage":1,"enemies":"Small Slimes","floor":2,"turns":2},{"damage":3,"enemies":"2 Louse","floor":4,"turns":2},{"damage":46,"enemies":"Lagavulin","floor":6,"turns":6},{"damage":10,"enemies":"Gremlin Nob","floor":8,"turns":3},{"damage":0,"enemies":"Lots of Slimes","floor":10,"turns":1},{"damage":0,"enemies":"Exordium Wildlife","floor":12,"turns":2},{"damage":16,"enemies":"Gremlin Gang","floor":14,"turns":4},{"damage":1,"enemies":"Slime Boss","floor":16,"turns":8},{"damage":2,"enemies":"Chosen","floor":18,"turns":3},{"damage":2,"enemies":"2 Thieves","floor":19,"turns":3},{"damage":25,"enemies":"Snecko","floor":20,"turns":6},{"damage":15,"enemies":"Shelled Parasite and Fungi","floor":24,"turns":2},{"damage":48,"enemies":"Slavers","floor":25,"turns":5},{"damage":11,"enemies":"Centurion and Healer","floor":27,"turns":2}],"seed_played":"-4378164062109304390","potions_obtained":[{"floor":1,"key":"Fire Potion"},{"floor":4,"key":"Dexterity Potion"},{"floor":6,"key":"Explosive Potion"},{"floor":14,"key":"GamblersBrew"},{"floor":19,"key":"Poison Potion"},{"floor":25,"key":"Weak Potion"}],"is_trial":false,"path_per_floor":["M","M","$","M","?","E","?","E","T","M","R","M","?","M","R","B",null,"M","M","M","?","?","R","M","E","T","M"],"character_chosen":"IRONCLAD","items_purchased":[],"campfire_rested":2,"item_purchase_floors":[],"current_hp_per_floor":[80,80,80,80,64,24,24,20,20,26,50,56,56,46,70,75,79,80,80,61,61,61,61,52,10,10,0],"gold":525,"neow_bonus":"RANDOM_COMMON_RELIC","is_prod":false,"is_daily":false,"chose_seed":false,"campfire_upgraded":1,"win_rate":0,"timestamp":1549014796,"path_taken":["M","M","?","?","?","E","?","E","T","?","R","M","?","M","R","BOSS","M","M","?","?","?","R","?","E","T","M"],"build_version":"2019-01-23","purchased_purges":0,"victory":false,"max_hp_per_floor":[80,80,80,80,80,80,80,80,80,80,80,80,80,80,80,80,80,80,80,80,80,80,80,80,80,80,80],"card_choices":[{"not_picked":["Combust","Wild Strike"],"picked":"Twin Strike","floor":1},{"not_picked":["Anger","Clothesline"],"picked":"Battle Trance","floor":2},{"not_picked":["Shockwave","Anger"],"picked":"Flex","floor":4},{"not_picked":["Flame Barrier","Clothesline"],"picked":"Seeing Red","floor":6},{"not_picked":["Rage","Sentinel"],"picked":"Heavy Blade","floor":8},{"not_picked":["Wild Strike","Headbutt","Blood for Blood"],"picked":"Flex","floor":10},{"not_picked":["Perfected Strike","Anger","Second Wind"],"picked":"Dropkick","floor":12},{"not_picked":["Warcry","Bloodletting","Offering"],"picked":"Shrug It Off","floor":14},{"not_picked":["Limit Break","Impervious","Bludgeon"],"picked":"Immolate","floor":16},{"not_picked":["Thunderclap","Ghostly Armor","Clash+1"],"picked":"Armaments","floor":18},{"not_picked":["Fire Breathing","Disarm","Thunderclap"],"picked":"Infernal Blade","floor":19},{"not_picked":["Shockwave","Uppercut","Twin Strike"],"picked":"Spot Weakness","floor":20},{"not_picked":["Havoc","Double Tap","Clothesline+1"],"picked":"Pommel Strike","floor":24},{"not_picked":["Double Tap","Dual Wield","Sentinel"],"picked":"Inflame","floor":25}],"player_experience":249645,"relics_obtained":[{"floor":6,"key":"Ancient Tea Set"},{"floor":8,"key":"Question Card"},{"floor":9,"key":"Happy Flower"},{"floor":25,"key":"Potion Belt"},{"floor":26,"key":"Oddly Smooth Stone"}],"event_choices":[{"damage_healed":0,"gold_gain":0,"player_choice":"Entered Light","damage_taken":16,"max_hp_gain":0,"max_hp_loss":0,"event_name":"Shining Light","floor":5,"gold_loss":0,"cards_upgraded":["Battle Trance","Strike_R"]},{"damage_healed":0,"gold_gain":0,"player_choice":"Upgraded","damage_taken":0,"max_hp_gain":0,"max_hp_loss":0,"event_name":"Upgrade Shrine","floor":7,"gold_loss":0,"cards_upgraded":["Flex"]},{"damage_healed":0,"gold_gain":100,"player_choice":"Pray","damage_taken":0,"max_hp_gain":0,"max_hp_loss":0,"event_name":"Golden Shrine","floor":13,"gold_loss":0},{"cards_removed":["Strike_R"],"damage_healed":0,"gold_gain":0,"player_choice":"Gave Gold","damage_taken":0,"max_hp_gain":0,"max_hp_loss":0,"event_name":"Beggar","floor":21,"gold_loss":75},{"damage_healed":0,"gold_gain":0,"player_choice":"Copied","damage_taken":0,"max_hp_gain":0,"max_hp_loss":0,"event_name":"Duplicator","floor":22,"gold_loss":0,"cards_obtained":["Shrug It Off"]}],"is_beta":false,"boss_relics":[{"not_picked":["Empty Cage","Runic Cube"],"picked":"Coffee Dripper"}],"items_purged_floors":[],"is_endless":false,"potions_floor_spawned":[1,4,6,14,19,25],"killed_by":"Centurion and Healer","ascension_level":5}