{"gold_per_floor":[113,38,51,68,80,80,113,113,184,184,199,225,286,306,306,404,404,329,329,329,329,189,189,189,189,189,189,189,189,100,100,100,100,100,100,100,100,100,100,100,100,100,100,100,100,100,100,100,100,100],"floor_reached":51,"playtime":3214,"items_purged":["Strike_G","Strike_G+1"],"score":709,"play_id":"bc69b4d3-ff53-4985-9f17-f28c833283cf","local_time":"20190225051331","is_ascension_mode":false,"campfire_choices":[{"data":"Neutralize","floor":6,"key":"SMITH"},{"data":"Survivor","floor":8,"key":"SMITH"},{"floor":10,"key":"REST"},{"data":"Leg Sweep","floor":15,"key":"SMITH"},{"data":"Wraith Form v2","floor":23,"key":"SMITH"},{"floor":27,"key":"REST"},{"data":"Enlightenment","floor":32,"key":"SMITH"},{"data":"Well Laid Plans","floor":40,"key":"SMITH"},{"data":"Bullet Time","floor":42,"key":"SMITH"},{"data":"Night Terror","floor":44,"key":"SMITH"},{"data":"Crippling Poison","floor":47,"key":"SMITH"},{"floor":49,"key":"REST"}],"neow_cost":"NONE","seed_source_timestamp":737910550415948,"circlet_count":0,"master_deck":["Defend_G+1","Defend_G+1","Defend_G+1","Defend_G+1","Defend_G+1","Strike_G+1","Strike_G+1","Strike_G+1","Survivor+1","Neutralize+1","Dagger Spray","Caltrops","Bouncing Flask","Bane","Corpse Explosion","Well Laid Plans+1","Leg Sweep+1","Wraith Form v2+1","Footwork+1","Necronomicurse","Backstab","Noxious Fumes","Prepared+1","Enlightenment+1","Crippling Poison+1","Night Terror+1","PiercingWail+1","Backflip+1","Madness","Madness","Parasite","Bullet Time+1","Blur+1"],"relics":["Ring of the Snake","Regal Pillow","Ice Cream","Gremlin Horn","Lantern","Thread and Needle","Ectoplasm","Question Card","Necronomicon","Bottled Tornado","PreservedInsect","Cursed Key"],"potions_floor_usage":[12,16,16,41,50,50],"damage_taken":[{"damage":0,"enemies":"Cultist","floor":1,"turns":4},{"damage":1,"enemies":"Small Slimes","floor":3,"turns":3},{"damage":3,"enemies":"Jaw Worm","floor":4,"turns":4},{"damage":0,"enemies":"Large Slime","floor":5,"turns":5},{"damage":22,"enemies":"3 Sentries","floor":7,"turns":9},{"damage":2,"enemies":"Looter","floor":11,"turns":4},{"damage":12,"enemies":"Lagavulin","floor":12,"turns":5},{"damage":17,"enemies":"3 Sentries","floor":13,"turns":4},{"damage":0,"enemies":"Blue Slaver","floor":14,"turns":3},{"damage":3,"enemies":"The Guardian","floor":16,"turns":10},{"damage":0,"enemies":"2 Thieves","floor":18,"turns":4},{"damage":12,"enemies":"3 Byrds","floor":25,"turns":2},{"damage":0,"enemies":"Centurion and Healer","floor":28,"turns":6},{"damage":2,"enemies":"Sentry and Sphere","floor":29,"turns":6},{"damage":0,"enemies":"Cultist and Chosen","floor":31,"turns":4},{"damage":0,"enemies":"Automaton","floor":33,"turns":10},{"damage":2,"enemies":"Orb Walker","floor":35,"turns":4},{"damage":0,"enemies":"3 Shapes","floor":36,"turns":4},{"damage":0,"enemies":"Transient","floor":37,"turns":5},{"damage":0,"enemies":"Writhing Mass","floor":39,"turns":8},{"damage":3,"enemies":"Maw","floor":41,"turns":9},{"damage":0,"enemies":"4 Shapes","floor":46,"turns":4},{"damage":65,"enemies":"Time Eater","floor":50,"turns":15}],"seed_played":"5707450120555818225","potions_obtained":[{"floor":1,"key":"Swift Potion"},{"floor":11,"key":"Fire Potion"},{"floor":12,"key":"Dexterity Potion"},{"floor":13,"key":"Explosive Potion"},{"floor":18,"key":"GamblersBrew"},{"floor":29,"key":"GamblersBrew"},{"floor":33,"key":"FearPotion"},{"floor":35,"key":"Dexterity Potion"},{"floor":41,"key":"Poison Potion"}],"is_trial":false,"path_per_floor":["M","$","M","M","M","R","E","R","T","R","M","E","?","M","R","B",null,"M","?","?","?","$","R","T","M","T","R","M","M","$","M","R","B",null,"M","M","M","?","M","R","M","R","T","R","$","M","R","?","R","B",null],"character_chosen":"THE_SILENT","items_purchased":["Backstab","Enlightenment"],"campfire_rested":3,"item_purchase_floors":[22,30],"current_hp_per_floor":[70,70,69,66,66,66,44,44,44,70,68,56,39,39,39,36,70,70,70,70,54,54,54,54,42,42,70,70,68,68,68,68,68,70,68,68,68,59,59,59,56,56,56,56,56,56,56,56,70,5],"gold":100,"neow_bonus":"RANDOM_COMMON_RELIC","is_prod":false,"is_daily":false,"chose_seed":false,"campfire_upgraded":9,"win_rate":0,"timestamp":1551039211,"path_taken":["M","$","?","M","M","R","E","R","T","R","M","E","?","M","R","BOSS","M","?","?","?","$","R","?","?","T","R","M","M","?","?","R","BOSS","M","M","M","?","M","R","M","R","T","R","$","M","R","?","R","BOSS"],"build_version":"2019-01-23","purchased_purges":2,"victory":true,"max_hp_per_floor":[70,70,70,70,70,70,70,70,70,70,70,70,70,70,70,70,70,70,70,70,70,70,70,70,70,70,70,70,70,70,70,70,70,70,70,70,70,70,70,70,70,70,70,70,70,70,70,70,70,70],"card_choices":[{"not_picked":["Concentrate","Cloak And Dagger"],"picked":"Dagger Spray","floor":1},{"not_picked":["Deflect","Dagger Spray"],"picked":"Caltrops","floor":3},{"not_picked":["Prepared","Cloak And Dagger"],"picked":"Bouncing Flask","floor":4},{"not_picked":["Outmaneuver","Dodge and Roll"],"picked":"PiercingWail","floor":5},{"not_picked":["Finisher","Distraction"],"picked":"Bane","floor":7},{"not_picked":["Acrobatics","Flying Knee","Dagger Throw"],"picked":"SKIP","floor":11},{"not_picked":["Dash","Cloak And Dagger"],"picked":"Corpse Explosion","floor":12},{"not_picked":["Dodge and Roll","Choke"],"picked":"Well Laid Plans","floor":13},{"not_picked":["Predator","Accuracy"],"picked":"Leg Sweep","floor":14},{"not_picked":["Corpse Explosion","Venomology"],"picked":"Wraith Form v2","floor":16},{"not_picked":["Infinite Blades","PiercingWail"],"picked":"Footwork+1","floor":18},{"not_picked":["Blade Dance","Prepared","Cloak And Dagger","Dagger Spray"],"picked":"SKIP","floor":25},{"not_picked":["Deflect","Eviscerate","Slice"],"picked":"Noxious Fumes","floor":28},{"not_picked":["Expertise+1","Quick Slash","Blade Dance"],"picked":"Prepared+1","floor":29},{"not_picked":["Footwork+1","Poisoned Stab","PiercingWail"],"picked":"Crippling Poison","floor":31},{"not_picked":["Venomology","Glass Knife","A Thousand Cuts"],"picked":"Night Terror","floor":33},{"not_picked":["Riddle With Holes+1","Choke","Terror"],"picked":"PiercingWail+1","floor":35},{"not_picked":["Concentrate","Caltrops+1","Outmaneuver+1"],"picked":"Backflip+1","floor":36},{"not_picked":["Prepared+1","Predator","Blade Dance","Dagger Spray"],"picked":"SKIP","floor":37},{"not_picked":["Bouncing Flask+1","Predator+1","Blade Dance"],"picked":"Bullet Time","floor":39},{"not_picked":["Setup+1","Caltrops","Well Laid Plans"],"picked":"Blur+1","floor":41},{"not_picked":["Heel Hook+1","Noxious Fumes+1","Bane+1","Setup+1"],"picked":"SKIP","floor":46}],"player_experience":418490,"relics_obtained":[{"floor":7,"key":"Ice Cream"},{"floor":9,"key":"Gremlin Horn"},{"floor":12,"key":"Lantern"},{"floor":13,"key":"Thread and Needle"},{"floor":21,"key":"Necronomicon"},{"floor":24,"key":"Bottled Tornado"},{"floor":26,"key":"PreservedInsect"}],"event_choices":[{"damage_healed":0,"gold_gain":30,"player_choice":"Searched \u00273\u0027 times","damage_taken":0,"max_hp_gain":0,"max_hp_loss":0,"event_name":"Dead Adventurer","floor":13,"gold_loss":0},{"damage_healed":0,"gold_gain":0,"player_choice":"Opened","damage_taken":0,"relics_obtained":["Question Card"],"max_hp_gain":0,"max_hp_loss":0,"event_name":"The Mausoleum","floor":19,"gold_loss":0},{"damage_healed":0,"gold_gain":0,"player_choice":"Simplicity","damage_taken":0,"max_hp_gain":0,"max_hp_loss":0,"event_name":"Back to Basics","floor":20,"gold_loss":0,"cards_upgraded":["Defend_G","Defend_G","Defend_G","Defend_G","Defend_G","Strike_G","Strike_G","Strike_G","Strike_G"]},{"damage_healed":0,"gold_gain":0,"player_choice":"Obtained Book","damage_taken":16,"max_hp_gain":0,"max_hp_loss":0,"event_name":"Cursed Tome","floor":21,"gold_loss":0},{"damage_healed":0,"gold_gain":0,"player_choice":"Embrace Madness","damage_taken":9,"max_hp_gain":0,"max_hp_loss":0,"event_name":"Winding Halls","floor":38,"gold_loss":0,"cards_obtained":["Madness","Madness"]},{"cards_removed":["PiercingWail"],"damage_healed":0,"gold_gain":0,"player_choice":"Removed Skill","damage_taken":0,"max_hp_gain":0,"max_hp_loss":0,"event_name":"Falling","floor":48,"gold_loss":0}],"is_beta":false,"boss_relics":[{"not_picked":["Black Star","Eternal Feather"],"picked":"Ectoplasm"},{"not_picked":["Calling Bell","Empty Cage"],"picked":"Cursed Key"}],"items_purged_floors":[2,22],"is_endless":false,"potions_floor_spawned":[1,11,12,13,18,29,33,35,41],"ascension_level":0}