{"gold_per_floor":[117,129,129,204,222,255,12,12,36,65,65,76,76,1,1,1],"floor_reached":16,"playtime":1276,"items_purged":["Strike_G"],"score":130,"play_id":"94b72bc3-7c2e-47ca-a690-db7d24ca4b2d","local_time":"20190117001645","is_ascension_mode":true,"campfire_choices":[{"data":"Footwork","floor":11,"key":"SMITH"},{"floor":15,"key":"REST"}],"neow_cost":"NONE","seed_source_timestamp":388441712008340,"circlet_count":0,"master_deck":["Defend_G","Defend_G","Defend_G","Defend_G","Defend_G","Strike_G","Strike_G+1","Strike_G","Strike_G+1","Survivor","Neutralize","Footwork+1","Slice","Escape Plan","Clumsy","Prepared","Cloak And Dagger","Tools of the Trade"],"relics":["Cursed Key","Ancient Tea Set","Paper Crane","Dream Catcher","FossilizedHelix"],"potions_floor_usage":[6],"damage_taken":[{"damage":0,"enemies":"Cultist","floor":1,"turns":5},{"damage":2,"enemies":"Jaw Worm","floor":2,"turns":4},{"damage":0,"enemies":"2 Louse","floor":5,"turns":3},{"damage":16,"enemies":"Lagavulin","floor":6,"turns":8},{"damage":19,"enemies":"3 Sentries","floor":10,"turns":12},{"damage":9,"enemies":"Gremlin Gang","floor":12,"turns":6},{"damage":80,"enemies":"Hexaghost","floor":16,"turns":21}],"seed_played":"-9158260192250704000","potions_obtained":[{"floor":5,"key":"SteroidPotion"},{"floor":6,"key":"FairyPotion"},{"floor":10,"key":"Explosive Potion"}],"is_trial":false,"path_per_floor":["M","M","?","?","M","E","$","?","T","E","R","M","?","$","R","B"],"character_chosen":"THE_SILENT","items_purchased":["Paper Crane"],"campfire_rested":1,"item_purchase_floors":[7],"current_hp_per_floor":[70,68,54,43,43,27,27,70,70,51,51,42,42,42,63,0],"gold":1,"neow_bonus":"BOSS_RELIC","is_prod":false,"is_daily":false,"chose_seed":false,"campfire_upgraded":1,"win_rate":0,"timestamp":1547713005,"path_taken":["M","M","?","?","M","E","?","?","T","E","R","?","?","$","R","BOSS"],"build_version":"2019-01-10","purchased_purges":1,"victory":false,"max_hp_per_floor":[70,70,70,70,70,70,70,70,70,70,70,70,70,70,70,70],"card_choices":[{"not_picked":["Dodge and Roll","Infinite Blades"],"picked":"Footwork","floor":1},{"not_picked":["PiercingWail","Finisher"],"picked":"Infinite Blades","floor":2},{"not_picked":["PiercingWail","Footwork"],"picked":"Slice","floor":5},{"not_picked":["Prepared","Skewer"],"picked":"Escape Plan","floor":6},{"not_picked":["Acrobatics","Bouncing Flask"],"picked":"Prepared","floor":10},{"not_picked":["Masterful Stab","Setup"],"picked":"Cloak And Dagger","floor":12},{"not_picked":["Eviscerate","Cloak And Dagger"],"picked":"Tools of the Trade","floor":15}],"player_experience":184506,"relics_obtained":[{"floor":6,"key":"Ancient Tea Set"},{"floor":9,"key":"Dream Catcher"},{"floor":10,"key":"FossilizedHelix"}],"event_choices":[{"damage_healed":0,"gold_gain":0,"player_choice":"Entered Light","damage_taken":14,"max_hp_gain":0,"max_hp_loss":0,"event_name":"Shining Light","floor":3,"gold_loss":0,"cards_upgraded":["Strike_G","Strike_G"]},{"damage_healed":0,"gold_gain":75,"player_choice":"Gather Gold","damage_taken":11,"max_hp_gain":0,"max_hp_loss":0,"event_name":"World of Goop","floor":4,"gold_loss":0},{"cards_removed":["Infinite Blades"],"damage_healed":43,"gold_gain":0,"player_choice":"Offered Uncommon","damage_taken":0,"max_hp_gain":0,"max_hp_loss":0,"event_name":"Bonfire Elementals","floor":8,"gold_loss":0},{"damage_healed":0,"gold_gain":0,"player_choice":"Ignored","damage_taken":0,"max_hp_gain":0,"max_hp_loss":0,"event_name":"Golden Idol","floor":13,"gold_loss":0}],"is_beta":false,"boss_relics":[],"items_purged_floors":[14],"is_endless":false,"potions_floor_spawned":[5,6,10],"killed_by":"Hexaghost","ascension_level":4}