{"gold_per_floor":[119,130,146,164,118,152,72,91,114,132,132,162,162,195,195,290,290,307,325,71,85,103,103,103,114,138,138,38,38,71,86,86,185,185,205,222,152,103,117,117,152,152,177,211,13,24,24,37,37,37,37,37,0,30,30],"floor_reached":55,"playtime":2744,"items_purged":["Strike_R","Strike_R"],"score":852,"play_id":"b79ae476-757f-4ce9-9f19-bc59f5209a47","local_time":"20181228012038","is_ascension_mode":true,"campfire_choices":[{"floor":11,"key":"RECALL"},{"data":"Uppercut","floor":13,"key":"SMITH"},{"data":"Metallicize","floor":15,"key":"SMITH"},{"data":"Apotheosis","floor":23,"key":"SMITH"},{"floor":32,"key":"REST"},{"floor":40,"key":"REST"},{"data":"Barricade","floor":42,"key":"SMITH"},{"floor":49,"key":"REST"},{"data":"Shrug It Off","floor":52,"key":"SMITH"}],"neow_cost":"NONE","seed_source_timestamp":553841460263130,"circlet_count":0,"master_deck":["Strike_R","Strike_R","Strike_R","Defend_R","Defend_R","Defend_R","Defend_R","Bash","Cleave","Iron Wave","Metallicize+1","Battle Trance","Headbutt","Uppercut+1","Offering","Thunderclap","Pommel Strike","Clothesline","Barricade+1","Combust+1","Headbutt","Apotheosis+1","Cleave+1","Warcry+1","True Grit","Impervious+1","Blood for Blood+1","Metallicize","Shrug It Off+1","Parasite","Entrench+1","Entrench+1","Juggernaut","Metallicize","Flame Barrier"],"relics":["Burning Blood","Strawberry","Anchor","Tiny Chest","Happy Flower","Velvet Choker","Blood Vial","MutagenicStrength","Paper Frog","Sozu","Du-Vu Doll","Bag of Marbles","Ancient Tea Set","DollysMirror","Dodecahedron"],"potions_floor_usage":[6,6,16,30,48,55],"damage_taken":[{"damage":5,"enemies":"Cultist","floor":1,"turns":4},{"damage":3,"enemies":"Small Slimes","floor":2,"turns":3},{"damage":2,"enemies":"2 Louse","floor":3,"turns":3},{"damage":8,"enemies":"Lots of Slimes","floor":4,"turns":2},{"damage":14,"enemies":"Gremlin Nob","floor":6,"turns":5},{"damage":5,"enemies":"Red Slaver","floor":8,"turns":3},{"damage":10,"enemies":"3 Louse","floor":10,"turns":4},{"damage":18,"enemies":"3 Sentries","floor":14,"turns":7},{"damage":53,"enemies":"The Guardian","floor":16,"turns":11},{"damage":6,"enemies":"Spheric Guardian","floor":18,"turns":4},{"damage":1,"enemies":"Chosen","floor":19,"turns":5},{"damage":0,"enemies":"Centurion and Healer","floor":21,"turns":7},{"damage":4,"enemies":"Cultist and Chosen","floor":22,"turns":5},{"damage":17,"enemies":"Snake Plant","floor":25,"turns":3},{"damage":8,"enemies":"Book of Stabbing","floor":30,"turns":4},{"damage":13,"enemies":"3 Cultists","floor":31,"turns":4},{"damage":21,"enemies":"Automaton","floor":33,"turns":10},{"damage":0,"enemies":"Orb Walker","floor":35,"turns":3},{"damage":11,"enemies":"3 Shapes","floor":36,"turns":4},{"damage":25,"enemies":"Writhing Mass","floor":39,"turns":5},{"damage":4,"enemies":"Nemesis","floor":41,"turns":9},{"damage":49,"enemies":"Reptomancer","floor":44,"turns":6},{"damage":0,"enemies":"Sphere and 2 Shapes","floor":46,"turns":15},{"damage":15,"enemies":"Maw","floor":48,"turns":8},{"damage":68,"enemies":"Awakened One","floor":50,"turns":14},{"damage":71,"enemies":"Shield and Spear","floor":54,"turns":12},{"damage":62,"enemies":"The Heart","floor":55,"turns":2}],"seed_played":"-2491435594711373218","potions_obtained":[{"floor":2,"key":"Poison Potion"},{"floor":4,"key":"PowerPotion"},{"floor":6,"key":"Regen Potion"},{"floor":10,"key":"Ancient Potion"},{"floor":16,"key":"AttackPotion"},{"floor":19,"key":"Poison Potion"},{"floor":29,"key":"Fruit Juice"},{"floor":29,"key":"Strength Potion"}],"is_trial":false,"path_per_floor":["M","M","M","M","$","E","$","M","T","M","R","?","R","E","R","B",null,"M","M","$","M","M","R","?","M","T","?","$","?","E","M","R","B",null,"M","M","$","$","M","R","E","R","T","E","$","M","?","M","R","B",null,"R","$","E","B"],"character_chosen":"IRONCLAD","items_purchased":["Headbutt","Offering","Apotheosis","Metallicize","Shrug It Off","DollysMirror","Metallicize"],"campfire_rested":3,"item_purchase_floors":[5,7,20,37,38,45,53],"current_hp_per_floor":[87,87,87,85,85,77,77,78,78,74,74,62,62,50,50,18,87,87,87,87,87,87,87,70,59,59,59,59,59,64,59,88,75,97,97,92,92,92,75,97,97,97,97,54,54,62,62,55,84,24,97,97,97,32,0],"gold":30,"neow_bonus":"RANDOM_COMMON_RELIC","is_prod":false,"is_daily":false,"chose_seed":false,"campfire_upgraded":5,"win_rate":0,"timestamp":1545952838,"path_taken":["M","M","M","?","?","E","$","M","T","M","R","?","R","E","R","BOSS","M","M","$","M","M","R","?","M","T","?","$","?","E","?","R","BOSS","M","?","?","$","M","R","E","R","T","E","$","M","?","M","R","BOSS","R","$","E","BOSS"],"build_version":"2018-12-20","purchased_purges":2,"victory":false,"max_hp_per_floor":[87,87,87,87,87,87,87,87,87,87,87,87,87,87,87,87,87,87,87,87,87,87,87,92,92,92,92,92,92,97,97,97,97,97,97,97,97,97,97,97,97,97,97,97,97,97,97,97,97,97,97,97,97,97,97],"card_choices":[{"not_picked":["Body Slam","Armaments"],"picked":"Cleave","floor":1},{"not_picked":["Feel No Pain","Anger"],"picked":"Iron Wave","floor":2},{"not_picked":["Sword Boomerang","Dual Wield"],"picked":"Metallicize","floor":3},{"not_picked":["Anger","Evolve"],"picked":"Battle Trance","floor":4},{"not_picked":["Fire Breathing","Dropkick"],"picked":"Uppercut","floor":6},{"not_picked":["Headbutt","Armaments"],"picked":"Thunderclap","floor":8},{"not_picked":["Heavy Blade","Intimidate"],"picked":"Pommel Strike","floor":10},{"not_picked":["Anger","Blood for Blood"],"picked":"Clothesline","floor":14},{"not_picked":["Fiend Fire","Limit Break"],"picked":"Barricade","floor":16},{"not_picked":["Rupture","Anger"],"picked":"Combust+1","floor":18},{"not_picked":["Iron Wave","Intimidate+1"],"picked":"Headbutt","floor":19},{"not_picked":["Uppercut","Heavy Blade"],"picked":"Cleave+1","floor":21},{"not_picked":["Burning Pact","Clothesline","Evolve+1"],"picked":"SKIP","floor":22},{"not_picked":["Heavy Blade","Dual Wield"],"picked":"Warcry+1","floor":25},{"not_picked":["Battle Trance","Reckless Charge"],"picked":"True Grit","floor":30},{"not_picked":["Cleave+1","Barricade","Searing Blow"],"picked":"SKIP","floor":31},{"not_picked":["Brutality","Double Tap"],"picked":"Impervious","floor":33},{"not_picked":["Burning Pact+1","Dropkick+1"],"picked":"Blood for Blood+1","floor":35},{"not_picked":["Clash+1","Headbutt","Pummel+1"],"picked":"SKIP","floor":36},{"not_picked":["Warcry+1","Thunderclap+1","Armaments"],"picked":"SKIP","floor":39},{"not_picked":["Warcry+1","True Grit+1","Clothesline+1"],"picked":"SKIP","floor":41},{"not_picked":["Twin Strike+1","Inflame+1"],"picked":"Entrench+1","floor":44},{"not_picked":["Heavy Blade","Twin Strike+1","Cleave"],"picked":"SKIP","floor":46},{"not_picked":["Armaments+1","Infernal Blade+1"],"picked":"Juggernaut","floor":48},{"not_picked":["Cleave+1","Headbutt+1"],"picked":"Flame Barrier","floor":54}],"player_experience":31449,"relics_obtained":[{"floor":6,"key":"Anchor"},{"floor":14,"key":"Happy Flower"},{"floor":26,"key":"Blood Vial"},{"floor":30,"key":"Paper Frog"},{"floor":41,"key":"Du-Vu Doll"},{"floor":43,"key":"Bag of Marbles"},{"floor":44,"key":"Ancient Tea Set"},{"floor":54,"key":"Dodecahedron"}],"event_choices":[{"damage_healed":0,"gold_gain":0,"player_choice":"Success","damage_taken":12,"relics_obtained":["Tiny Chest"],"max_hp_gain":0,"max_hp_loss":0,"event_name":"Scrap Ooze","floor":12,"gold_loss":0},{"damage_healed":0,"gold_gain":0,"player_choice":"Shed Blood","damage_taken":22,"max_hp_gain":5,"max_hp_loss":0,"event_name":"Forgotten Altar","floor":24,"gold_loss":0},{"damage_healed":0,"gold_gain":0,"player_choice":"Inject Mutagens","damage_taken":0,"relics_obtained":["MutagenicStrength"],"max_hp_gain":0,"max_hp_loss":0,"event_name":"Drug Dealer","floor":27,"gold_loss":0},{"damage_healed":0,"gold_gain":0,"player_choice":"Got Potions","damage_taken":0,"max_hp_gain":0,"max_hp_loss":0,"event_name":"Lab","floor":29,"gold_loss":0},{"damage_healed":0,"gold_gain":0,"player_choice":"Upgraded","damage_taken":0,"max_hp_gain":0,"max_hp_loss":0,"event_name":"Upgrade Shrine","floor":47,"gold_loss":0,"cards_upgraded":["Impervious"]}],"is_beta":false,"boss_relics":[{"not_picked":["Lizard Tail","Black Blood"],"picked":"Velvet Choker"},{"not_picked":["Black Star","Cursed Key"],"picked":"Sozu"}],"items_purged_floors":[20,28],"is_endless":false,"potions_floor_spawned":[2,4,6,10,16,19,21,22,25,35,36,39,54],"killed_by":"The Heart","ascension_level":1}