{"gold_per_floor":[109,109,109,65,81,111,111,123,123,123,136,22,99,111,111,111],"floor_reached":16,"playtime":610,"items_purged":[],"score":185,"play_id":"6c4ed5f2-21db-4fb0-bc94-2dfa6a7ed7e8","local_time":"20190226124747","is_ascension_mode":true,"campfire_choices":[{"floor":7,"key":"REST"},{"data":"Neutralize","floor":10,"key":"SMITH"},{"floor":15,"key":"REST"}],"neow_cost":"NONE","seed_source_timestamp":1191366666048046,"circlet_count":0,"master_deck":["AscendersBane","Defend_G","Defend_G","Defend_G","Defend_G","Defend_G","Strike_G","Strike_G","Strike_G","Strike_G","Survivor","Neutralize+1","Unload","Dodge and Roll","Quick Slash","Calculated Gamble","Poisoned Stab","Bullet Time","Quick Slash","Footwork","Crippling Poison","Bouncing Flask"],"relics":["Ring of the Snake","Gambling Chip"],"potions_floor_usage":[],"damage_taken":[{"damage":0,"enemies":"2 Louse","floor":1,"turns":2},{"damage":4,"enemies":"Small Slimes","floor":5,"turns":4},{"damage":52,"enemies":"Gremlin Nob","floor":6,"turns":6},{"damage":0,"enemies":"Jaw Worm","floor":8,"turns":4},{"damage":0,"enemies":"Blue Slaver","floor":11,"turns":3},{"damage":4,"enemies":"Gremlin Gang","floor":14,"turns":5},{"damage":57,"enemies":"Slime Boss","floor":16,"turns":10}],"seed_played":"-771177190100890512","potions_obtained":[{"floor":6,"key":"FairyPotion"},{"floor":8,"key":"Weak Potion"}],"is_trial":false,"path_per_floor":["M","?","?","$","M","E","R","M","T","R","M","$","?","M","R","B"],"character_chosen":"THE_SILENT","items_purchased":["Calculated Gamble","Footwork","Crippling Poison"],"campfire_rested":2,"item_purchase_floors":[4,12,12],"current_hp_per_floor":[59,59,59,59,55,3,22,22,22,22,22,22,22,18,37,0],"gold":111,"neow_bonus":"ONE_RANDOM_RARE_CARD","is_prod":false,"is_daily":false,"chose_seed":false,"campfire_upgraded":1,"win_rate":0,"timestamp":1551214067,"path_taken":["M","?","?","$","M","E","R","M","T","R","M","$","?","M","R","BOSS"],"build_version":"2019-01-23","purchased_purges":0,"victory":false,"max_hp_per_floor":[66,66,66,66,66,66,66,66,66,66,66,66,66,66,66,66],"card_choices":[{"not_picked":["Underhanded Strike","Concentrate"],"picked":"Dodge and Roll","floor":1},{"not_picked":["Dagger Throw","Sucker Punch"],"picked":"Poisoned Stab","floor":5},{"not_picked":["Concentrate","Sucker Punch"],"picked":"Bullet Time","floor":6},{"not_picked":["Deflect","Dodge and Roll","Outmaneuver"],"picked":"SKIP","floor":8},{"not_picked":["Acrobatics","Distraction"],"picked":"Quick Slash","floor":11},{"not_picked":["Dagger Throw","Prepared"],"picked":"Bouncing Flask","floor":14}],"player_experience":253543,"relics_obtained":[{"floor":6,"key":"Gambling Chip"}],"event_choices":[{"damage_healed":0,"gold_gain":0,"cards_transformed":["Strike_G"],"player_choice":"Change","damage_taken":0,"max_hp_gain":0,"max_hp_loss":0,"event_name":"Living Wall","floor":2,"gold_loss":0,"cards_obtained":["Quick Slash"]},{"damage_healed":0,"gold_gain":0,"player_choice":"Ignored","damage_taken":0,"max_hp_gain":0,"max_hp_loss":0,"event_name":"Liars Game","floor":3,"gold_loss":0},{"damage_healed":0,"gold_gain":77,"player_choice":"Gained Gold","damage_taken":0,"max_hp_gain":0,"max_hp_loss":0,"event_name":"Golden Wing","floor":13,"gold_loss":0}],"is_beta":false,"boss_relics":[],"items_purged_floors":[],"is_endless":false,"potions_floor_spawned":[6,8],"killed_by":"Slime Boss","ascension_level":17}