{"gold_per_floor":[112,18,18,32,32,60,60,94,159,185,262,296,319,356,368,485,497,497,497,497,497,497,497,497,497,497,497,497,497,412,412,412,412],"floor_reached":33,"playtime":1574,"items_purged":[],"score":378,"play_id":"509be475-1ab0-4c0f-bfa8-bb670e51f7c5","local_time":"20181227153310","is_ascension_mode":true,"campfire_choices":[{"data":"Bash","floor":7,"key":"SMITH"},{"data":"Heavy Blade","floor":15,"key":"SMITH"},{"floor":24,"key":"REST"},{"data":"Demon Form","floor":27,"key":"SMITH"},{"floor":32,"key":"RECALL"}],"neow_cost":"NONE","seed_source_timestamp":519766226906535,"circlet_count":0,"master_deck":["Strike_R","Strike_R","Strike_R","Strike_R","Defend_R","Defend_R","Defend_R","Defend_R","Bash+1","Sword Boomerang","Inflame","Shrug It Off","Headbutt","Clothesline","Heavy Blade+1","True Grit","Feed","Twin Strike","Flame Barrier","Dropkick","Demon Form+1","Pummel","Warcry+1","Metallicize","Ghostly","Ghostly","Ghostly","Ghostly","Ghostly","Flex","Shrug It Off","Iron Wave","Juggernaut","Shockwave","Twin Strike"],"relics":["Burning Blood","NeowsBlessing","Red Skull","MawBank","Question Card","Odd Mushroom","Pen Nib","Ectoplasm","Omamori","Anchor","Lantern"],"potions_floor_usage":[23,33,33],"damage_taken":[{"damage":0,"enemies":"Jaw Worm","floor":1,"turns":1},{"damage":0,"enemies":"Cultist","floor":4,"turns":1},{"damage":0,"enemies":"3 Sentries","floor":6,"turns":1},{"damage":21,"enemies":"Lagavulin","floor":8,"turns":5},{"damage":2,"enemies":"Small Slimes","floor":10,"turns":3},{"damage":36,"enemies":"Lagavulin Event","floor":11,"turns":6},{"damage":20,"enemies":"The Mushroom Lair","floor":12,"turns":3},{"damage":5,"enemies":"Looter","floor":13,"turns":2},{"damage":13,"enemies":"Gremlin Nob","floor":14,"turns":4},{"damage":10,"enemies":"Slime Boss","floor":16,"turns":7},{"damage":13,"enemies":"Chosen","floor":18,"turns":4},{"damage":18,"enemies":"3 Byrds","floor":19,"turns":5},{"damage":25,"enemies":"Cultist and Chosen","floor":20,"turns":6},{"damage":11,"enemies":"Sentry and Sphere","floor":22,"turns":5},{"damage":39,"enemies":"Slavers","floor":23,"turns":8},{"damage":12,"enemies":"Shelled Parasite and Fungi","floor":25,"turns":7},{"damage":5,"enemies":"Cultist and Chosen","floor":28,"turns":6},{"damage":5,"enemies":"Snake Plant","floor":31,"turns":3},{"damage":30,"enemies":"Automaton","floor":33,"turns":10}],"seed_played":"-2431094915279722230","potions_obtained":[{"floor":6,"key":"SkillPotion"},{"floor":8,"key":"SpeedPotion"},{"floor":12,"key":"SteroidPotion"},{"floor":16,"key":"Explosive Potion"}],"is_trial":false,"path_per_floor":["M","$","?","M","?","E","R","E","T","M","?","?","M","E","R","B",null,"M","M","M","?","M","E","R","M","T","R","M","?","?","M","R","B"],"character_chosen":"IRONCLAD","items_purchased":["Inflame","Shrug It Off"],"campfire_rested":1,"item_purchase_floors":[2,2],"current_hp_per_floor":[80,80,80,80,85,85,85,70,70,74,44,33,34,27,27,23,88,81,72,56,47,45,15,30,27,27,27,28,28,28,29,29,0],"gold":412,"neow_bonus":"THREE_ENEMY_KILL","is_prod":false,"is_daily":false,"chose_seed":false,"campfire_upgraded":3,"win_rate":0,"timestamp":1545917590,"path_taken":["M","$","?","?","?","E","R","E","T","M","?","?","M","E","R","BOSS","M","M","M","?","M","E","R","M","T","R","M","?","?","M","R","BOSS"],"build_version":"2018-12-20","purchased_purges":0,"victory":false,"max_hp_per_floor":[80,80,80,80,85,85,85,85,85,85,85,88,88,88,88,88,88,88,91,94,47,50,53,53,56,56,56,56,56,56,56,56,56],"card_choices":[{"not_picked":["Bloodletting","Body Slam"],"picked":"Sword Boomerang","floor":1},{"not_picked":["Warcry","Disarm"],"picked":"Headbutt","floor":4},{"not_picked":["Perfected Strike","Headbutt"],"picked":"Clothesline","floor":6},{"not_picked":["Warcry","Inflame"],"picked":"Heavy Blade","floor":8},{"not_picked":["Bloodletting","Clothesline"],"picked":"True Grit","floor":10},{"not_picked":["Body Slam","Warcry"],"picked":"Feed","floor":11},{"not_picked":["Clash","Pommel Strike","Flex"],"picked":"Twin Strike","floor":12},{"not_picked":["Clothesline","Blood for Blood","Dropkick"],"picked":"Flame Barrier","floor":13},{"not_picked":["Armaments","Dark Embrace","Corruption"],"picked":"Dropkick","floor":14},{"not_picked":["Fiend Fire","Feed","Brutality"],"picked":"Demon Form","floor":16},{"not_picked":["Thunderclap","True Grit+1","Rampage+1"],"picked":"Pummel","floor":18},{"not_picked":["Anger","Rampage","Body Slam"],"picked":"Warcry+1","floor":19},{"not_picked":["Blood for Blood","Pommel Strike+1","Uppercut"],"picked":"Metallicize","floor":20},{"not_picked":["Fiend Fire","Sword Boomerang","Shrug It Off"],"picked":"Flex","floor":22},{"not_picked":["Burning Pact","Headbutt","Clothesline"],"picked":"Shrug It Off","floor":23},{"not_picked":["Clash","Perfected Strike","Pommel Strike"],"picked":"Iron Wave","floor":25},{"not_picked":["Shrug It Off+1","Bloodletting","Pommel Strike"],"picked":"Juggernaut","floor":28},{"not_picked":["Iron Wave","Reckless Charge+1","Seeing Red"],"picked":"Twin Strike","floor":31}],"player_experience":27372,"relics_obtained":[{"floor":6,"key":"Red Skull"},{"floor":8,"key":"MawBank"},{"floor":11,"key":"Question Card"},{"floor":12,"key":"Odd Mushroom"},{"floor":14,"key":"Pen Nib"},{"floor":23,"key":"Omamori"},{"floor":26,"key":"Anchor"}],"event_choices":[{"cards_removed":["Strike_R"],"damage_healed":0,"gold_gain":0,"player_choice":"Purged","damage_taken":0,"max_hp_gain":0,"max_hp_loss":0,"event_name":"Purifier","floor":3,"gold_loss":0},{"damage_healed":0,"gold_gain":0,"player_choice":"Donut","damage_taken":0,"max_hp_gain":5,"max_hp_loss":0,"event_name":"Big Fish","floor":5,"gold_loss":0},{"damage_healed":0,"gold_gain":0,"player_choice":"Searched \u00271\u0027 times","damage_taken":0,"max_hp_gain":0,"max_hp_loss":0,"event_name":"Dead Adventurer","floor":11,"gold_loss":0},{"damage_healed":0,"gold_gain":0,"player_choice":"Fought Mushrooms","damage_taken":0,"max_hp_gain":0,"max_hp_loss":0,"event_name":"Mushrooms","floor":12,"gold_loss":0},{"damage_healed":0,"gold_gain":0,"player_choice":"Became a Ghost","damage_taken":0,"max_hp_gain":0,"max_hp_loss":47,"event_name":"Ghosts","floor":21,"gold_loss":0,"cards_obtained":["Ghostly","Ghostly","Ghostly","Ghostly","Ghostly"]},{"damage_healed":0,"gold_gain":0,"player_choice":"Read","damage_taken":0,"max_hp_gain":0,"max_hp_loss":0,"event_name":"The Library","floor":29,"gold_loss":0,"cards_obtained":["Shockwave"]},{"damage_healed":0,"gold_gain":0,"player_choice":"Obtained Relic","damage_taken":0,"relics_obtained":["Lantern"],"max_hp_gain":0,"max_hp_loss":0,"event_name":"Addict","floor":30,"gold_loss":85}],"is_beta":false,"boss_relics":[{"not_picked":["Runic Pyramid","Fusion Hammer"],"picked":"Ectoplasm"}],"items_purged_floors":[],"is_endless":false,"potions_floor_spawned":[6,8,12,16,19,20],"killed_by":"Automaton","ascension_level":1}