{"gold_per_floor":[119,137,137,153,153,77,77,47,47,61,79,79,109,109,109,211,211,230,155,155,117,98,98,98,98,125,125,135,135],"floor_reached":29,"playtime":1430,"items_purged":["Strike_G"],"score":211,"play_id":"4656964a-d259-4452-b771-43762b9dedd9","local_time":"20181224221503","is_ascension_mode":false,"campfire_choices":[{"data":"Well Laid Plans","floor":7,"key":"SMITH"},{"data":"Outmaneuver","floor":15,"key":"SMITH"},{"floor":23,"key":"REST"},{"data":"PiercingWail","floor":25,"key":"SMITH"}],"neow_cost":"NONE","seed_source_timestamp":0,"circlet_count":0,"master_deck":["Defend_G","Defend_G+1","Defend_G","Defend_G","Strike_G","Strike_G","Strike_G","Strike_G","Survivor+1","Neutralize+1","Blade Dance","Dagger Spray","Flying Knee","Outmaneuver+1","Well Laid Plans+1","Caltrops","Sucker Punch","PiercingWail+1","Tools of the Trade","Iron Wave","Terror","Calculated Gamble+1","Writhe","Necronomicurse","PiercingWail+1"],"special_seed":0,"relics":["Ring of the Snake","Orichalcum","Oddly Smooth Stone","Busted Crown","PreservedInsect","Ancient Tea Set","Necronomicon"],"potions_floor_usage":[16,29],"damage_taken":[{"damage":0.0,"enemies":"Jaw Worm","floor":1.0,"turns":5.0},{"damage":0,"enemies":"2 Louse","floor":2,"turns":2},{"damage":0,"enemies":"Cultist","floor":4,"turns":3},{"damage":0,"enemies":"Looter","floor":8,"turns":4},{"damage":2,"enemies":"Large Slime","floor":10,"turns":5},{"damage":0,"enemies":"3 Louse","floor":11,"turns":4},{"damage":26,"enemies":"Slime Boss","floor":16,"turns":20},{"damage":23,"enemies":"Spheric Guardian","floor":18,"turns":6},{"damage":16,"enemies":"2 Thieves","floor":22,"turns":5},{"damage":24,"enemies":"Snecko","floor":28,"turns":6},{"damage":26,"enemies":"Cultist and Chosen","floor":29,"turns":5}],"seed_played":"-109496449999715698","potions_obtained":[{"floor":2,"key":"LiquidBronze"},{"floor":10,"key":"GhostInAJar"},{"floor":22,"key":"PowerPotion"}],"is_trial":false,"path_per_floor":["M","M","M","?","M","?","$","R","M","T","M","M","$","?","?","R","B",null,"M","$","?","$","M","R","?","R","T","?","M","M"],"character_chosen":"THE_SILENT","items_purchased":["Well Laid Plans","Terror"],"campfire_rested":1,"item_purchase_floors":[6,21],"current_hp_per_floor":[70,70,70,70,70,70,70,70,70,68,68,68,68,54,54,28,70,47,47,47,47,31,52,52,52,52,36,12,0],"gold":135,"neow_bonus":"THREE_CARDS","is_prod":false,"is_daily":false,"chose_seed":false,"campfire_upgraded":3,"win_rate":0,"timestamp":1545682503,"path_taken":["M","M","?","M","?","?","R","M","T","?","M","$","?","?","R","BOSS","M","$","?","?","M","R","?","R","T","?","M","?"],"build_version":"2018-12-20","purchased_purges":1,"victory":false,"max_hp_per_floor":[70,70,70,70,70,70,70,70,70,70,70,70,70,70,70,70,70,70,70,70,70,70,70,70,70,70,70,70,70],"card_choices":[{"not_picked":["Dagger Spray","Bouncing Flask"],"picked":"Blade Dance","floor":0.0},{"not_picked":["Dagger Throw","Quick Slash"],"picked":"Dagger Spray","floor":1},{"not_picked":["Glass Knife","Expertise"],"picked":"Flying Knee","floor":2},{"not_picked":["Dagger Spray","Deadly Poison"],"picked":"Outmaneuver","floor":4},{"not_picked":["Well Laid Plans","Blade Dance"],"picked":"Caltrops","floor":8},{"not_picked":["Flying Knee","Well Laid Plans"],"picked":"Sucker Punch","floor":10},{"not_picked":["Outmaneuver","Flying Knee"],"picked":"PiercingWail","floor":11},{"not_picked":["Bullet Time","Unload"],"picked":"Tools of the Trade","floor":16},{"not_picked":["Masterful Stab"],"picked":"SKIP","floor":18},{"not_picked":[],"picked":"Calculated Gamble+1","floor":22},{"not_picked":[],"picked":"PiercingWail+1","floor":28}],"player_experience":15258,"relics_obtained":[{"floor":9,"key":"Orichalcum"},{"floor":26,"key":"Ancient Tea Set"},{"floor":27,"key":"Necronomicon"}],"event_choices":[{"damage_healed":0,"gold_gain":0,"player_choice":"Ignored","damage_taken":0,"max_hp_gain":0,"max_hp_loss":0,"event_name":"Liars Game","floor":3,"gold_loss":0},{"damage_healed":0,"gold_gain":0,"player_choice":"Grow","damage_taken":0,"max_hp_gain":0,"max_hp_loss":0,"event_name":"Living Wall","floor":5,"gold_loss":0,"cards_upgraded":["Neutralize"]},{"damage_healed":0,"gold_gain":30,"player_choice":"Searched \u00272\u0027 times","damage_taken":0,"relics_obtained":["Oddly Smooth Stone"],"max_hp_gain":0,"max_hp_loss":0,"event_name":"Dead Adventurer","floor":13,"gold_loss":0},{"damage_healed":0,"gold_gain":0,"player_choice":"Entered Light","damage_taken":14,"max_hp_gain":0,"max_hp_loss":0,"event_name":"Shining Light","floor":14,"gold_loss":0,"cards_upgraded":["Survivor","Defend_G"]},{"cards_removed":["Defend_G"],"damage_healed":0,"gold_gain":0,"player_choice":"Took Card","damage_taken":0,"max_hp_gain":0,"max_hp_loss":0,"event_name":"NoteForYourself","floor":20,"gold_loss":0,"cards_obtained":["Iron Wave"]},{"damage_healed":0,"gold_gain":0,"player_choice":"Opened","damage_taken":0,"relics_obtained":["PreservedInsect"],"max_hp_gain":0,"max_hp_loss":0,"event_name":"The Mausoleum","floor":24,"gold_loss":0,"cards_obtained":["Writhe"]},{"damage_healed":0,"gold_gain":0,"player_choice":"Obtained Book","damage_taken":16,"max_hp_gain":0,"max_hp_loss":0,"event_name":"Cursed Tome","floor":27,"gold_loss":0}],"is_beta":false,"boss_relics":[{"not_picked":["Tiny House","Snecko Eye"],"picked":"Busted Crown"}],"items_purged_floors":[19],"is_endless":false,"potions_floor_spawned":[2,10,22],"killed_by":"Cultist and Chosen","ascension_level":0}