{"gold_per_floor":[119,131,306,317,317,317,331,366,393,393,72,82,113,133,133,230,230,247,247,261,261,273,273],"floor_reached":23,"playtime":3215,"items_purged":["Decay"],"score":294,"play_id":"63692c45-bc54-4076-8013-39be3c35edea","local_time":"20190216161857","is_ascension_mode":true,"campfire_choices":[{"data":"Neutralize","floor":6,"key":"SMITH"},{"floor":10,"key":"REST"},{"floor":15,"key":"REST"}],"neow_cost":"NONE","seed_source_timestamp":75832587048580,"circlet_count":0,"master_deck":["Survivor","Neutralize+1","Caltrops","Backflip","Tools of the Trade","Corpse Explosion","Storm of Steel","Backflip","Night Terror","Tactician","Tools of the Trade","Dagger Spray","Cloak And Dagger","Sucker Punch","Dash","Flying Knee","Deflect","Terror","Flying Knee+1","Bouncing Flask","Dagger Throw+1"],"relics":["Pandora\u0027s Box","Orichalcum","Ancient Tea Set","Pantograph","Oddly Smooth Stone","Empty Cage","Enchiridion"],"potions_floor_usage":[16,16,22],"damage_taken":[{"damage":4,"enemies":"2 Louse","floor":1,"turns":2},{"damage":0,"enemies":"Cultist","floor":2,"turns":5},{"damage":0,"enemies":"Small Slimes","floor":4,"turns":3},{"damage":11,"enemies":"Looter","floor":7,"turns":4},{"damage":26,"enemies":"Lagavulin","floor":8,"turns":8},{"damage":0,"enemies":"2 Fungi Beasts","floor":12,"turns":2},{"damage":35,"enemies":"Gremlin Nob","floor":13,"turns":5},{"damage":0,"enemies":"Large Slime","floor":14,"turns":5},{"damage":32,"enemies":"Slime Boss","floor":16,"turns":9},{"damage":20,"enemies":"Spheric Guardian","floor":18,"turns":6},{"damage":14,"enemies":"Shell Parasite","floor":20,"turns":5},{"damage":5,"enemies":"3 Cultists","floor":22,"turns":3},{"damage":27,"enemies":"Slavers","floor":23,"turns":1}],"seed_played":"-8327791404530460565","potions_obtained":[{"floor":4,"key":"Explosive Potion"},{"floor":7,"key":"SkillPotion"},{"floor":12,"key":"Swift Potion"},{"floor":18,"key":"Weak Potion"},{"floor":22,"key":"EssenceOfSteel"}],"is_trial":false,"path_per_floor":["M","M","?","M","?","R","M","E","T","R","$","M","E","M","R","B",null,"M","?","M","?","M","E"],"character_chosen":"THE_SILENT","items_purchased":["Pantograph"],"campfire_rested":2,"item_purchase_floors":[11],"current_hp_per_floor":[59,59,59,59,59,59,48,22,22,43,43,43,8,8,29,22,58,38,22,8,31,26,0],"gold":273,"neow_bonus":"BOSS_RELIC","is_prod":false,"is_daily":false,"chose_seed":false,"campfire_upgraded":1,"win_rate":0,"timestamp":1550362737,"path_taken":["M","M","?","M","?","R","?","E","T","R","?","M","E","M","R","BOSS","M","?","M","?","M","E"],"build_version":"2019-01-23","purchased_purges":1,"victory":false,"max_hp_per_floor":[70,70,70,70,70,70,70,70,70,70,70,70,70,70,70,70,70,70,70,70,70,70,70],"card_choices":[{"not_picked":["PiercingWail","Flechettes","Flying Knee"],"picked":"SKIP","floor":1},{"not_picked":["Slice","Underhanded Strike"],"picked":"Dagger Spray","floor":2},{"not_picked":["Dash","Choke"],"picked":"Cloak And Dagger","floor":4},{"not_picked":["Bane","Skewer"],"picked":"Sucker Punch","floor":7},{"not_picked":["Sucker Punch","Masterful Stab"],"picked":"Dash","floor":8},{"not_picked":["Underhanded Strike","All Out Attack"],"picked":"Flying Knee","floor":12},{"not_picked":["Calculated Gamble","Acrobatics"],"picked":"Deflect","floor":13},{"not_picked":["Reflex","Corpse Explosion"],"picked":"Terror","floor":14},{"not_picked":["Slice+1","Acrobatics"],"picked":"Flying Knee+1","floor":18},{"not_picked":["Deflect","Predator"],"picked":"Bouncing Flask","floor":20},{"not_picked":["Corpse Explosion","Setup"],"picked":"Dagger Throw+1","floor":22}],"player_experience":418585,"relics_obtained":[{"floor":8,"key":"Orichalcum"},{"floor":9,"key":"Ancient Tea Set"},{"floor":13,"key":"Oddly Smooth Stone"},{"floor":19,"key":"Enchiridion"}],"event_choices":[{"damage_healed":0,"gold_gain":175,"player_choice":"AGREE","damage_taken":0,"max_hp_gain":0,"max_hp_loss":0,"event_name":"Liars Game","floor":3,"gold_loss":0,"cards_obtained":["Doubt"]},{"damage_healed":0,"gold_gain":0,"player_choice":"Cursed","damage_taken":0,"max_hp_gain":0,"max_hp_loss":0,"event_name":"Wheel of Change","floor":5,"gold_loss":0,"cards_obtained":["Decay"]},{"damage_healed":0,"gold_gain":0,"player_choice":"Obtained Book","damage_taken":16,"max_hp_gain":0,"max_hp_loss":0,"event_name":"Cursed Tome","floor":19,"gold_loss":0},{"damage_healed":23,"gold_gain":0,"player_choice":"Heal","damage_taken":0,"max_hp_gain":0,"max_hp_loss":0,"event_name":"The Library","floor":21,"gold_loss":0}],"is_beta":false,"boss_relics":[{"not_picked":["Black Star","Orrery"],"picked":"Empty Cage"}],"items_purged_floors":[11],"is_endless":false,"potions_floor_spawned":[4,7,12,18,22],"killed_by":"Slavers","ascension_level":9}