{"gold_per_floor":[113,113,127,127,107,138,138,149,149,149,163,190,202,107,107,183,183,103,103,103,103,28,28,28,28,28,28,28,28,28,28,28,28,28,28,28,28,28,28,28,28,28,28,28,28,28,28,28,28,28],"floor_reached":50,"playtime":2107,"items_purged":[],"score":1067,"play_id":"0dc58e69-b716-4f8b-98a8-4d00a0ff38b9","local_time":"20190213125933","is_ascension_mode":true,"campfire_choices":[{"data":"Zap","floor":7.0,"key":"SMITH"},{"data":"Dualcast","floor":10.0,"key":"SMITH"},{"data":"Panacea","floor":15.0,"key":"SMITH"},{"data":"Hologram","floor":23.0,"key":"SMITH"},{"floor":29.0,"key":"REST"},{"floor":32.0,"key":"REST"},{"data":"Ghostly","floor":40.0,"key":"SMITH"},{"data":"Ghostly","floor":42.0,"key":"SMITH"},{"floor":45.0,"key":"REST"},{"floor":47.0,"key":"REST"},{"data":"Ghostly","floor":49.0,"key":"SMITH"}],"neow_cost":"NONE","seed_source_timestamp":1988103343835487,"circlet_count":0,"master_deck":["AscendersBane","Strike_B","Strike_B+1","Defend_B","Defend_B","Defend_B+1","Zap+1","Dualcast+1","Conserve Battery","BootSequence","Skim","Loop","Consume","Ball Lightning","Go for the Eyes","Panacea+1","Echo Form","Redo","Static Discharge","Genetic Algorithm","Ghostly+1","Ghostly+1","Ghostly+1","Hologram+1","Electrodynamics","Capacitor","Biased Cognition","Self Repair","Hologram+1","Glacier"],"special_seed":0,"relics":["Cracked Core","NeowsBlessing","Anchor","Pantograph","Question Card","PreservedInsect","Ectoplasm","Shuriken","Vajra","Lizard Tail","Letter Opener"],"potions_floor_usage":[50],"damage_taken":[{"damage":0.0,"enemies":"2 Louse","floor":1.0,"turns":1.0},{"damage":0.0,"enemies":"Small Slimes","floor":3.0,"turns":1.0},{"damage":0.0,"enemies":"Lagavulin","floor":6.0,"turns":2.0},{"damage":0.0,"enemies":"Cultist","floor":8.0,"turns":3.0},{"damage":1.0,"enemies":"Blue Slaver","floor":11.0,"turns":3.0},{"damage":17.0,"enemies":"3 Sentries","floor":12.0,"turns":7.0},{"damage":6.0,"enemies":"Exordium Wildlife","floor":13.0,"turns":4.0},{"damage":42.0,"enemies":"The Guardian","floor":16.0,"turns":12.0},{"damage":22.0,"enemies":"2 Thieves","floor":18.0,"turns":4.0},{"damage":1.0,"enemies":"Chosen","floor":21.0,"turns":5.0},{"damage":18.0,"enemies":"Slavers","floor":24.0,"turns":6.0},{"damage":1.0,"enemies":"Centurion and Healer","floor":25.0,"turns":7.0},{"damage":3.0,"enemies":"3 Cultists","floor":28.0,"turns":6.0},{"damage":1.0,"enemies":"Cultist and Chosen","floor":31.0,"turns":6.0},{"damage":0.0,"enemies":"Automaton","floor":33.0,"turns":10.0},{"damage":1.0,"enemies":"Orb Walker","floor":35.0,"turns":5.0},{"damage":24.0,"enemies":"3 Darklings","floor":38.0,"turns":5.0},{"damage":16.0,"enemies":"Spire Growth","floor":39.0,"turns":6.0},{"damage":29.0,"enemies":"Sphere and 2 Shapes","floor":44.0,"turns":6.0},{"damage":14.0,"enemies":"Jaw Worm Horde","floor":46.0,"turns":4.0},{"damage":17.0,"enemies":"4 Shapes","floor":48.0,"turns":6.0},{"damage":54,"enemies":"Time Eater","floor":50,"turns":8}],"seed_played":"1466077431859945","potions_obtained":[{"floor":3.0,"key":"Energy Potion"},{"floor":5.0,"key":"Fruit Juice"},{"floor":11.0,"key":"GamblersBrew"},{"floor":12.0,"key":"Swift Potion"},{"floor":16.0,"key":"Weak Potion"},{"floor":18.0,"key":"Poison Potion"},{"floor":31.0,"key":"Explosive Potion"},{"floor":33.0,"key":"EssenceOfSteel"},{"floor":44.0,"key":"Dexterity Potion"}],"is_trial":false,"path_per_floor":["M","?","M","?","?","E","R","M","T","R","M","E","M","$","R","B",null,"M","?","?","M","?","R","E","M","T","?","M","R","$","M","R","B",null,"M","?","$","M","M","R","?","R","T","M","R","M","R","M","R","B"],"character_chosen":"DEFECT","items_purchased":["Panacea"],"campfire_rested":4,"item_purchase_floors":[14],"current_hp_per_floor":[64,43,43,38,43,43,43,43,43,43,42,25,19,19,19,2,58,36,36,36,35,35,35,17,16,16,16,13,24,24,23,34,38,38,37,36,36,19,17,17,30,30,30,8,17,3,12,22,22,0],"gold":28,"neow_bonus":"THREE_ENEMY_KILL","is_prod":false,"is_daily":false,"chose_seed":false,"campfire_upgraded":7,"win_rate":0,"timestamp":1550055573,"path_taken":["M","?","M","?","?","E","R","M","T","R","M","E","?","$","R","BOSS","M","?","?","M","?","R","E","M","T","?","M","R","$","M","R","BOSS","M","?","$","M","M","R","?","R","T","M","R","M","R","M","R","BOSS"],"build_version":"2019-01-23","purchased_purges":0,"victory":false,"max_hp_per_floor":[71,71,71,71,76,76,76,76,76,76,76,76,76,76,76,76,76,76,76,38,38,38,38,38,38,38,38,38,38,38,38,38,38,38,38,36,36,36,36,36,30,30,30,30,30,30,30,30,30,30],"card_choices":[{"not_picked":["Melter","Rebound"],"picked":"Conserve Battery","floor":1.0},{"not_picked":["Melter","Steam"],"picked":"BootSequence","floor":3.0},{"not_picked":["Force Field","Recycle"],"picked":"Skim","floor":6.0},{"not_picked":["Lockon","Stack"],"picked":"Loop","floor":8.0},{"not_picked":["Conserve Battery","Turbo","Stack"],"picked":"Consume","floor":11.0},{"not_picked":["Compile Driver","Heatsinks","Reboot"],"picked":"Ball Lightning","floor":12.0},{"not_picked":["Rebound","Static Discharge","Aggregate"],"picked":"Go for the Eyes","floor":13.0},{"not_picked":["Fission","Seek","Amplify"],"picked":"Echo Form","floor":16.0},{"not_picked":["Beam Cell","Sunder","Steam"],"picked":"Redo","floor":18.0},{"not_picked":["Rip and Tear+1","Redo","Force Field"],"picked":"Hologram","floor":21.0},{"not_picked":["Steam","Gash","Chaos"],"picked":"Electrodynamics","floor":24.0},{"not_picked":["Aggregate","Blizzard","Sweeping Beam","Redo"],"picked":"SKIP","floor":25.0},{"not_picked":["Force Field","Rebound","Turbo","Steam"],"picked":"SKIP","floor":28.0},{"not_picked":["Gash","Cold Snap","Heatsinks"],"picked":"Capacitor","floor":31.0},{"not_picked":["Meteor Strike","Seek","Electrodynamics"],"picked":"Biased Cognition","floor":33.0},{"not_picked":["FTL","Rebound","Barrage+1"],"picked":"Self Repair","floor":35.0},{"not_picked":["Double Energy","Rip and Tear","Melter+1","Stack"],"picked":"SKIP","floor":38.0},{"not_picked":["Barrage","Sweeping Beam","Compile Driver"],"picked":"Hologram+1","floor":39.0},{"not_picked":["Capacitor","Sunder","Gash","Hologram+1"],"picked":"SKIP","floor":44.0},{"not_picked":["Creative AI","Skim+1","Go for the Eyes+1"],"picked":"Glacier","floor":46.0},{"not_picked":["Darkness","Gash","Stack","Blizzard"],"picked":"SKIP","floor":48.0}],"player_experience":191910,"relics_obtained":[{"floor":6.0,"key":"Pantograph"},{"floor":9.0,"key":"Question Card"},{"floor":12.0,"key":"PreservedInsect"},{"floor":24.0,"key":"Shuriken"},{"floor":26.0,"key":"Vajra"},{"floor":43.0,"key":"Letter Opener"}],"event_choices":[{"damage_healed":0.0,"max_hp_gain":0.0,"max_hp_loss":0.0,"gold_gain":0.0,"event_name":"Shining Light","player_choice":"Entered Light","floor":2.0,"gold_loss":0.0,"damage_taken":21.0,"cards_upgraded":["Defend_B","Strike_B"]},{"damage_healed":0.0,"max_hp_gain":0.0,"max_hp_loss":0.0,"gold_gain":0.0,"event_name":"Scrap Ooze","player_choice":"Success","floor":4.0,"gold_loss":0.0,"damage_taken":5.0,"relics_obtained":["Anchor"]},{"damage_healed":0.0,"max_hp_gain":0.0,"max_hp_loss":0.0,"gold_gain":0.0,"event_name":"The Woman in Blue","player_choice":"Bought 1 Potion","floor":5.0,"gold_loss":0.0,"damage_taken":0.0},{"damage_healed":0.0,"max_hp_gain":0.0,"max_hp_loss":0.0,"gold_gain":0.0,"cards_transformed":["Strike_B","Defend_B"],"event_name":"Drug Dealer","player_choice":"Became Test Subject","floor":19.0,"gold_loss":0.0,"damage_taken":0.0,"cards_obtained":["Static Discharge","Genetic Algorithm"]},{"damage_healed":0.0,"max_hp_gain":0.0,"max_hp_loss":38.0,"gold_gain":0.0,"event_name":"Ghosts","player_choice":"Became a Ghost","floor":20.0,"gold_loss":0.0,"damage_taken":0.0,"cards_obtained":["Ghostly","Ghostly","Ghostly"]},{"cards_removed":["Strike_B"],"damage_healed":0.0,"max_hp_gain":0.0,"max_hp_loss":0.0,"gold_gain":0.0,"event_name":"Beggar","player_choice":"Gave Gold","floor":22.0,"gold_loss":75.0,"damage_taken":0.0},{"damage_healed":0.0,"max_hp_gain":0.0,"max_hp_loss":0.0,"gold_gain":0.0,"event_name":"Vampires","player_choice":"Ignored","floor":27.0,"gold_loss":0.0,"damage_taken":0.0},{"damage_healed":0.0,"max_hp_gain":0.0,"max_hp_loss":2.0,"gold_gain":0.0,"event_name":"Winding Halls","player_choice":"Max HP","floor":36.0,"gold_loss":0.0,"damage_taken":0.0},{"damage_healed":30.0,"max_hp_gain":0.0,"max_hp_loss":6.0,"gold_gain":0.0,"event_name":"The Moai Head","player_choice":"Heal","floor":41.0,"gold_loss":0.0,"damage_taken":0.0}],"is_beta":false,"boss_relics":[{"not_picked":["Inserter","Philosopher\u0027s Stone"],"picked":"Ectoplasm"},{"not_picked":["Astrolabe","Pandora\u0027s Box"],"picked":"Lizard Tail"}],"items_purged_floors":[],"is_endless":false,"potions_floor_spawned":[3,11,12,16,18,31,33,35,44],"killed_by":"Time Eater","ascension_level":19}