{"gold_per_floor":[117,67,67,91,111,111,145,176,241,280,311,323,335,366,378,488,500,529,541,573,604,616,628,653,665],"floor_reached":25,"playtime":1025,"items_purged":[],"score":256,"play_id":"4afb1b9b-0a00-4081-bd43-e22a6d334866","local_time":"20181016213842","is_ascension_mode":true,"campfire_choices":[{"data":"Beam Cell","floor":6,"key":"SMITH"},{"floor":13,"key":"REST"},{"floor":15,"key":"REST"},{"floor":23,"key":"REST"}],"neow_cost":"NONE","seed_source_timestamp":1257961042409909,"circlet_count":0,"master_deck":["Strike_B","Strike_B","Defend_B","Defend_B","Defend_B","Zap","Dualcast","Streamline","Beam Cell+1","Streamline","Cold Snap","Compile Driver","Chaos","Genetic Algorithm","Conserve Battery","FTL","Core Surge","Gash","Reinforced Body","Cold Snap+1","Go for the Eyes+1","Pain","Stack"],"relics":["Cracked Core","Centennial Puzzle","MawBank","Happy Flower","Boot","Philosopher\u0027s Stone","WarpedTongs"],"potions_floor_usage":[16,25],"damage_taken":[{"damage":7,"enemies":"2 Louse","floor":1,"turns":2},{"damage":3,"enemies":"Small Slimes","floor":5,"turns":2},{"damage":26,"enemies":"Lagavulin","floor":7,"turns":4},{"damage":7,"enemies":"Jaw Worm","floor":8,"turns":2},{"damage":14,"enemies":"Gremlin Nob","floor":10,"turns":3},{"damage":10,"enemies":"Exordium Thugs","floor":11,"turns":3},{"damage":4,"enemies":"Looter","floor":14,"turns":2},{"damage":42,"enemies":"The Guardian","floor":16,"turns":8},{"damage":21,"enemies":"2 Thieves","floor":18,"turns":3},{"damage":17,"enemies":"Spheric Guardian","floor":20,"turns":4},{"damage":23,"enemies":"Snake Plant","floor":21,"turns":3},{"damage":23,"enemies":"Snecko","floor":24,"turns":4},{"damage":13,"enemies":"Slavers","floor":25,"turns":1}],"seed_played":"-5773893811571839557","potions_obtained":[{"floor":5,"key":"Strength Potion"},{"floor":7,"key":"Energy Potion"},{"floor":8,"key":"Poison Potion"},{"floor":16,"key":"Weak Potion"}],"is_trial":false,"path_per_floor":["M","?","?","T","M","R","E","M","T","E","M","?","R","M","R","B",null,"M","?","M","M","?","R","M"],"character_chosen":"DEFECT","items_purchased":[],"campfire_rested":3,"item_purchase_floors":[],"current_hp_per_floor":[68,68,68,68,65,65,39,32,32,18,8,8,30,26,48,6,75,54,54,37,14,14,36,13,0],"gold":665,"neow_bonus":"THREE_CARDS","is_prod":false,"is_daily":false,"chose_seed":false,"campfire_upgraded":1,"win_rate":0,"timestamp":1539722322,"path_taken":["M","?","?","?","M","R","E","M","T","E","M","?","R","M","R","BOSS","M","?","M","M","?","R","?","E"],"build_version":"2018-10-11","purchased_purges":0,"victory":false,"max_hp_per_floor":[75,75,75,75,75,75,75,75,75,75,75,75,75,75,75,75,75,75,75,75,75,75,75,75,75],"card_choices":[{"not_picked":["Redo","Sweeping Beam"],"picked":"Streamline","floor":0},{"not_picked":["Streamline","Compile Driver"],"picked":"Beam Cell","floor":1},{"not_picked":["Steam Power","Conserve Battery"],"picked":"Cold Snap","floor":5},{"not_picked":["Redo","Barrage"],"picked":"Compile Driver","floor":7},{"not_picked":["Blizzard","Stack"],"picked":"Chaos","floor":8},{"not_picked":["Lockon","Redo"],"picked":"Genetic Algorithm","floor":10},{"not_picked":["Leap","Compile Driver"],"picked":"Conserve Battery","floor":11},{"not_picked":["Chill","Beam Cell"],"picked":"FTL","floor":14},{"not_picked":["Amplify","Thunder Strike"],"picked":"Core Surge","floor":16},{"not_picked":["Fusion","Beam Cell"],"picked":"Gash","floor":18},{"not_picked":["BootSequence","Sweeping Beam"],"picked":"Cold Snap+1","floor":20},{"not_picked":["Barrage","Defragment"],"picked":"Go for the Eyes+1","floor":21},{"not_picked":["Barrage","Darkness"],"picked":"Stack","floor":24}],"player_experience":90689,"relics_obtained":[{"floor":4,"key":"Centennial Puzzle"},{"floor":7,"key":"MawBank"},{"floor":9,"key":"Happy Flower"},{"floor":10,"key":"Boot"}],"event_choices":[{"event_name":"The Cleric","player_choice":"Card Removal","floor":2,"damage_taken":0},{"event_name":"Transmorgrifier","player_choice":"Transform","floor":3,"damage_taken":0},{"event_name":"Purifier","player_choice":"One Purge","floor":12,"damage_taken":0},{"event_name":"The Library","player_choice":"Read","floor":19,"damage_taken":0},{"event_name":"Accursed Blacksmith","player_choice":"Rummage","floor":22,"damage_taken":0}],"is_beta":false,"boss_relics":[{"not_picked":["Inserter","Coffee Dripper"],"picked":"Philosopher\u0027s Stone"}],"items_purged_floors":[],"is_endless":false,"potions_floor_spawned":[5,7,8,16,20],"killed_by":"Slavers","ascension_level":4}