{"gold_per_floor":[366,366,366,110,127,127,152,102,102,133,145,179,179,104,104,209,209,209,209,209,209,209,209,209,209,209,209,209,209,209,209,209,209,209,209,209,209,209,209,209,209,209,209,209,209,209,209,209,209,209],"floor_reached":51,"playtime":3867,"items_purged":["Strike_B"],"score":1094,"play_id":"5d01cdf9-cae2-47c6-9c7a-7dcea2460130","local_time":"20190222011629","is_ascension_mode":true,"campfire_choices":[{"data":"Zap","floor":6.0,"key":"SMITH"},{"floor":13.0,"key":"REST"},{"floor":15.0,"key":"REST"},{"data":"Electrodynamics","floor":30,"key":"SMITH"},{"data":"Dualcast","floor":32,"key":"SMITH"},{"data":"Conserve Battery","floor":40,"key":"SMITH"},{"floor":49,"key":"REST"}],"neow_cost":"CURSE","seed_source_timestamp":539305520726800,"circlet_count":0,"master_deck":["Strike_B","Strike_B+1","Strike_B+1","Defend_B","Defend_B","Zap+1","Dualcast+1","Conserve Battery+1","Stack+1","Conserve Battery+1","Compile Driver","Cold Snap","Reboot+1","Electrodynamics+1","Ball Lightning","Beam Cell+1","Ghostly+1","Ghostly+1","Ghostly+1","Ghostly+1","Ghostly+1","Recycle+1","Loop+1","FTL+1","Sweeping Beam+1","Cold Snap+1","Sweeping Beam+1","Multi-Cast+1","Redo+1","Capacitor+1","Skim+1","Sunder+1","Hello World+1","Writhe","Loop","Steam+1"],"special_seed":0,"relics":["Cracked Core","Toxic Egg 2","Vajra","Whetstone","Bottled Flame","Orichalcum","Ectoplasm","Du-Vu Doll","Bottled Lightning","Happy Flower","MutagenicStrength","Eternal Feather","Ginger","Mummified Hand","Centennial Puzzle","Letter Opener"],"potions_floor_usage":[23,33,33,33,44,50,50],"damage_taken":[{"damage":1.0,"enemies":"Cultist","floor":1.0,"turns":4.0},{"damage":4.0,"enemies":"Jaw Worm","floor":5.0,"turns":5.0},{"damage":27.0,"enemies":"Lagavulin","floor":7.0,"turns":8.0},{"damage":17.0,"enemies":"Gremlin Nob","floor":10.0,"turns":4.0},{"damage":0.0,"enemies":"Small Slimes","floor":11.0,"turns":3.0},{"damage":1.0,"enemies":"Lagavulin","floor":12.0,"turns":8.0},{"damage":15.0,"enemies":"Slime Boss","floor":16.0,"turns":11.0},{"damage":0.0,"enemies":"3 Byrds","floor":18.0,"turns":2.0},{"damage":6.0,"enemies":"Shell Parasite","floor":20.0,"turns":4.0},{"damage":0.0,"enemies":"3 Cultists","floor":22.0,"turns":4.0},{"damage":0,"enemies":"Gremlin Leader","floor":23,"turns":7},{"damage":0,"enemies":"Snake Plant","floor":25,"turns":4},{"damage":0,"enemies":"Snecko","floor":27,"turns":5},{"damage":0,"enemies":"3 Cultists","floor":28,"turns":4},{"damage":0,"enemies":"Shelled Parasite and Fungi","floor":29,"turns":4},{"damage":20,"enemies":"Collector","floor":33,"turns":8},{"damage":1,"enemies":"3 Shapes","floor":35,"turns":4},{"damage":0,"enemies":"Mind Bloom Boss Battle","floor":36,"turns":4},{"damage":17,"enemies":"3 Darklings","floor":39,"turns":2},{"damage":0,"enemies":"Sphere and 2 Shapes","floor":41,"turns":2},{"damage":20,"enemies":"Reptomancer","floor":42,"turns":6},{"damage":5,"enemies":"Nemesis","floor":44,"turns":7},{"damage":0,"enemies":"Transient","floor":46,"turns":5},{"damage":12,"enemies":"Jaw Worm Horde","floor":48,"turns":3},{"damage":17,"enemies":"Awakened One","floor":50,"turns":11}],"seed_played":"-678426331872164425","potions_obtained":[{"floor":1.0,"key":"Poison Potion"},{"floor":11.0,"key":"SkillPotion"},{"floor":12.0,"key":"Explosive Potion"},{"floor":16.0,"key":"SteroidPotion"},{"floor":20.0,"key":"PowerPotion"},{"floor":23,"key":"Poison Potion"},{"floor":28,"key":"Weak Potion"},{"floor":29,"key":"PowerPotion"},{"floor":33,"key":"Dexterity Potion"},{"floor":41,"key":"EssenceOfSteel"},{"floor":44,"key":"Ancient Potion"}],"is_trial":false,"path_per_floor":["M","?","?","$","M","R","E","?","T","E","M","E","R","$","R","B",null,"M","?","M","?","M","E","T","M","T","M","M","M","R","?","R","B",null,"M","?","$","$","M","R","M","E","T","E","?","M","?","M","R","B",null],"character_chosen":"DEFECT","items_purchased":["Toxic Egg 2"],"campfire_rested":3,"item_purchase_floors":[4],"current_hp_per_floor":[67,72,72,72,68,68,41,41,41,24,24,23,47,47,71,56,74,74,74,68,40,40,40,40,40,40,40,40,40,40,40,40,20,35,34,34,34,34,17,35,35,15,15,10,20,20,20,8,40,23],"gold":209,"neow_bonus":"TWO_FIFTY_GOLD","is_prod":false,"is_daily":false,"chose_seed":false,"campfire_upgraded":4,"win_rate":0,"timestamp":1550826989,"path_taken":["M","?","?","$","M","R","E","?","T","E","M","E","R","$","R","BOSS","M","?","?","?","M","E","?","M","T","?","M","M","R","?","R","BOSS","M","?","?","$","M","R","?","E","T","E","?","M","?","M","R","BOSS"],"build_version":"2019-01-23","purchased_purges":1,"victory":true,"max_hp_per_floor":[75,80,80,80,80,80,80,80,80,80,80,80,80,80,80,80,80,80,80,80,40,40,40,40,40,40,40,40,40,40,40,40,40,40,40,40,40,40,40,40,40,40,40,40,40,40,40,40,40,40],"card_choices":[{"not_picked":["Go for the Eyes","Storm"],"picked":"Conserve Battery","floor":1.0},{"not_picked":["Steam Power+1","Lockon"],"picked":"Stack+1","floor":5.0},{"not_picked":["Storm","Tempest+1"],"picked":"Conserve Battery+1","floor":7.0},{"not_picked":["Rebound","Stack+1"],"picked":"Compile Driver","floor":10.0},{"not_picked":["Beam Cell","Compile Driver"],"picked":"Cold Snap","floor":11.0},{"not_picked":["Doom and Gloom","Turbo+1"],"picked":"Reboot+1","floor":12.0},{"not_picked":["Seek+1","Meteor Strike"],"picked":"Electrodynamics","floor":16.0},{"not_picked":["Leap+1","Tempest+1"],"picked":"Ball Lightning","floor":18.0},{"not_picked":["Recycle+1","Compile Driver"],"picked":"Beam Cell+1","floor":20.0},{"not_picked":["Capacitor","Force Field+1"],"picked":"Recycle+1","floor":22.0},{"not_picked":["Redo+1","Cold Snap"],"picked":"Loop+1","floor":23},{"not_picked":["Skim+1","Leap+1"],"picked":"FTL+1","floor":25},{"not_picked":["Ball Lightning","Hologram+1"],"picked":"Sweeping Beam+1","floor":27},{"not_picked":["Go for the Eyes","Steam Power+1"],"picked":"Cold Snap+1","floor":28},{"not_picked":["Beam Cell","Capacitor"],"picked":"Sweeping Beam+1","floor":29},{"not_picked":["Hyperbeam","Thunder Strike"],"picked":"Multi-Cast+1","floor":33},{"not_picked":["Rebound+1","Chill+1"],"picked":"Redo+1","floor":35},{"not_picked":["Fusion+1","Ball Lightning+1"],"picked":"Capacitor+1","floor":39},{"not_picked":["Stack+1","Hologram+1"],"picked":"Skim+1","floor":41},{"not_picked":["Auto Shields+1","Buffer"],"picked":"Sunder+1","floor":42},{"not_picked":["Compile Driver+1","Creative AI"],"picked":"Hello World+1","floor":44},{"not_picked":["Sweeping Beam","Cold Snap+1"],"picked":"Loop","floor":46},{"not_picked":["Conserve Battery+1","Lockon"],"picked":"Steam+1","floor":48}],"player_experience":473507,"relics_obtained":[{"floor":7.0,"key":"Vajra"},{"floor":9.0,"key":"Whetstone"},{"floor":10.0,"key":"Bottled Flame"},{"floor":12.0,"key":"Orichalcum"},{"floor":23,"key":"Du-Vu Doll"},{"floor":24,"key":"Bottled Lightning"},{"floor":26,"key":"Happy Flower"},{"floor":36,"key":"Ginger"},{"floor":42,"key":"Mummified Hand"},{"floor":43,"key":"Centennial Puzzle"},{"floor":44,"key":"Letter Opener"}],"event_choices":[{"damage_healed":0.0,"max_hp_gain":5.0,"max_hp_loss":0.0,"gold_gain":0.0,"event_name":"Big Fish","player_choice":"Donut","floor":2.0,"gold_loss":0.0,"damage_taken":0.0},{"cards_removed":["Writhe"],"damage_healed":0.0,"max_hp_gain":0.0,"max_hp_loss":0.0,"gold_gain":0.0,"event_name":"Living Wall","player_choice":"Forget","floor":3.0,"gold_loss":0.0,"damage_taken":0.0},{"cards_removed":["Defend_B"],"damage_healed":0.0,"max_hp_gain":0.0,"max_hp_loss":0.0,"gold_gain":0.0,"event_name":"The Cleric","player_choice":"Card Removal","floor":8.0,"gold_loss":50.0,"damage_taken":0.0},{"cards_removed":["Defend_B"],"damage_healed":0.0,"max_hp_gain":0.0,"max_hp_loss":0.0,"gold_gain":0.0,"event_name":"Bonfire Elementals","player_choice":"Offered Basic","floor":19.0,"gold_loss":0.0,"damage_taken":0.0},{"damage_healed":0.0,"max_hp_gain":0.0,"max_hp_loss":40.0,"gold_gain":0.0,"event_name":"Ghosts","player_choice":"Became a Ghost","floor":21.0,"gold_loss":0.0,"damage_taken":0.0,"cards_obtained":["Ghostly","Ghostly","Ghostly","Ghostly","Ghostly"]},{"damage_healed":0,"gold_gain":0,"player_choice":"Inject Mutagens","damage_taken":0,"relics_obtained":["MutagenicStrength"],"max_hp_gain":0,"max_hp_loss":0,"event_name":"Drug Dealer","floor":31,"gold_loss":0},{"damage_healed":0,"gold_gain":0,"player_choice":"Fight","damage_taken":0,"max_hp_gain":0,"max_hp_loss":0,"event_name":"MindBloom","floor":36,"gold_loss":0},{"damage_healed":10,"gold_gain":0,"player_choice":"Writhe","damage_taken":0,"max_hp_gain":0,"max_hp_loss":0,"event_name":"Winding Halls","floor":45,"gold_loss":0,"cards_obtained":["Writhe"]},{"damage_healed":0,"gold_gain":0,"player_choice":"Ignored","damage_taken":0,"max_hp_gain":0,"max_hp_loss":0,"event_name":"The Moai Head","floor":47,"gold_loss":0}],"is_beta":false,"boss_relics":[{"not_picked":["White Beast Statue","Velvet Choker"],"picked":"Ectoplasm"},{"not_picked":["FrozenCore","Lizard Tail"],"picked":"Eternal Feather"}],"items_purged_floors":[14],"is_endless":false,"potions_floor_spawned":[1,11,12,16,20,23,28,29,33,41,44],"ascension_level":9}