{"gold_per_floor":[118,118,136,136,149,149,184,184,211,211,254,254,268,302,302,426,426,442,87,111,111,136,180,180,220,220,220,239,239,259,283,283,283],"floor_reached":33,"playtime":1942,"items_purged":["Strike_B"],"score":423,"play_id":"aa1400aa-c223-415a-afec-49c6b434a44a","local_time":"20180827204420","is_ascension_mode":true,"campfire_choices":[{"data":"Sunder","floor":6.0,"key":"SMITH"},{"floor":8.0,"key":"REST"},{"data":"Rainbow","floor":10.0,"key":"SMITH"},{"floor":15.0,"key":"REST"},{"floor":24,"key":"REST"},{"floor":32,"key":"REST"}],"neow_cost":"NONE","seed_source_timestamp":0,"circlet_count":0,"master_deck":["Strike_B","Strike_B","Defend_B","Defend_B","Defend_B","Defend_B","Zap","Dualcast","Cold Snap","Rip and Tear","Aggregate","Defragment","Sunder+1","Rainbow+1","Tempest","Glacier","Go for the Eyes","Seek","Cold Snap","Go for the Eyes","Beam Cell","Steam","Defragment","Zap","Beam Cell+1","Double Energy+1","Reprogram","Ghostly","Ghostly","Ghostly","Ghostly","Ghostly","Gash","Necronomicurse","Streamline","Beam Cell"],"special_seed":0,"relics":["Cracked Core","Golden Idol","Orichalcum","Strawberry","Lantern","Unceasing Top","Philosopher\u0027s Stone","HandDrill","Bag of Preparation","Potion Belt","Bottled Tornado","Necronomicon"],"potions_floor_usage":[33],"damage_taken":[{"damage":0.0,"enemies":"2 Louse","floor":1.0,"turns":3.0},{"damage":4.0,"enemies":"Cultist","floor":3.0,"turns":3.0},{"damage":5.0,"enemies":"Small Slimes","floor":5.0,"turns":3.0},{"damage":21.0,"enemies":"Gremlin Nob","floor":7.0,"turns":4.0},{"damage":7.0,"enemies":"3 Sentries","floor":11.0,"turns":6.0},{"damage":4.0,"enemies":"Blue Slaver","floor":13.0,"turns":2.0},{"damage":4.0,"enemies":"Gremlin Nob","floor":14.0,"turns":5.0},{"damage":0.0,"enemies":"The Guardian","floor":16.0,"turns":10.0},{"damage":4,"enemies":"Shell Parasite","floor":18,"turns":4},{"damage":0,"enemies":"Chosen","floor":20,"turns":4},{"damage":16,"enemies":"Snecko","floor":22,"turns":4},{"damage":55,"enemies":"Gremlin Leader","floor":23,"turns":6},{"damage":8,"enemies":"Book of Stabbing","floor":25,"turns":4},{"damage":0,"enemies":"Cultist and Chosen","floor":28,"turns":5},{"damage":0,"enemies":"3 Cultists","floor":30,"turns":4},{"damage":0,"enemies":"Snecko","floor":31,"turns":1},{"damage":46,"enemies":"Automaton","floor":33,"turns":8}],"seed_played":"5757490496385696548","potions_obtained":[{"floor":1.0,"key":"GamblersBrew"},{"floor":3.0,"key":"SteroidPotion"},{"floor":7.0,"key":"Dexterity Potion"},{"floor":16.0,"key":"SmokeBomb"},{"floor":18,"key":"EssenceOfSteel"},{"floor":22,"key":"Strength Potion"},{"floor":28,"key":"FairyPotion"},{"floor":30,"key":"FairyPotion"}],"is_trial":false,"path_per_floor":["M","?","M","?","M","R","E","R","T","R","E","?","M","E","R","B",null,"M","$","M","?","M","E","R","E","T","?","M","?","M","M","R"],"character_chosen":"DEFECT","items_purchased":["Go for the Eyes","Beam Cell","HandDrill"],"campfire_rested":4,"item_purchase_floors":[19,19,19],"current_hp_per_floor":[75,75,71,53,48,48,27,49,56,56,49,54,50,46,72,72,87,83,83,83,83,67,12,38,30,30,30,30,14,14,14,26,0],"gold":283,"neow_bonus":"THREE_CARDS","is_prod":false,"is_daily":false,"chose_seed":false,"campfire_upgraded":2,"win_rate":0,"timestamp":1535399060,"path_taken":["M","?","M","?","M","R","E","R","T","R","E","?","M","E","R","BOSS","M","$","M","?","M","E","R","E","T","?","M","?","M","M","R","BOSS"],"build_version":"2018-08-23v2","purchased_purges":1,"victory":false,"max_hp_per_floor":[75,75,75,75,75,75,75,75,82,82,82,87,87,87,87,87,87,87,87,87,87,87,87,87,87,87,43,43,43,43,43,43,43],"card_choices":[{"not_picked":["Lockon","Go for the Eyes"],"picked":"Cold Snap","floor":0.0},{"not_picked":["Turbo","Force Field"],"picked":"Rip and Tear","floor":1.0},{"not_picked":["Coolheaded","Go for the Eyes"],"picked":"Defragment","floor":3.0},{"not_picked":["Beam Cell","Coolheaded"],"picked":"Sunder","floor":5.0},{"not_picked":["Darkness","Tempest"],"picked":"Rainbow","floor":7.0},{"not_picked":["Conserve Battery","Steam"],"picked":"Tempest","floor":11.0},{"not_picked":["Go for the Eyes","Stack"],"picked":"Glacier","floor":13.0},{"not_picked":["Coolheaded","Leap"],"picked":"Go for the Eyes","floor":14.0},{"not_picked":["Amplify","Meteor Strike"],"picked":"Seek","floor":16.0},{"not_picked":["FTL","Coolheaded"],"picked":"Cold Snap","floor":18},{"not_picked":["Force Field","Sunder"],"picked":"Steam","floor":20},{"not_picked":["Chill","Gash"],"picked":"Beam Cell+1","floor":22},{"not_picked":["Reprogram","Buffer"],"picked":"Double Energy+1","floor":23},{"not_picked":["Rainbow","Defragment"],"picked":"Reprogram","floor":25},{"not_picked":["Skim","Hologram"],"picked":"Gash","floor":28},{"not_picked":["Tempest","Hello World"],"picked":"Streamline","floor":30},{"not_picked":["Leap+1","Loop"],"picked":"Beam Cell","floor":31}],"player_experience":63979,"relics_obtained":[{"floor":7.0,"key":"Orichalcum"},{"floor":9.0,"key":"Strawberry"},{"floor":11.0,"key":"Lantern"},{"floor":14.0,"key":"Unceasing Top"},{"floor":23,"key":"Bag of Preparation"},{"floor":25,"key":"Potion Belt"},{"floor":26,"key":"Bottled Tornado"},{"floor":29,"key":"Necronomicon"}],"event_choices":[{"event_name":"Transmorgrifier","player_choice":"Transform","floor":2.0,"damage_taken":0.0},{"event_name":"Golden Idol","player_choice":"Take Damage","floor":4.0,"damage_taken":0.0},{"event_name":"Big Fish","player_choice":"Donut","floor":12.0,"damage_taken":0.0},{"event_name":"Match and Keep!","player_choice":"2 cards matched","floor":21,"damage_taken":0},{"event_name":"Ghosts","player_choice":"Became a Ghost","floor":27,"damage_taken":0},{"event_name":"Cursed Tome","player_choice":"Obtained Book","floor":29,"damage_taken":0}],"is_beta":false,"boss_relics":[{"not_picked":["Runic Pyramid","Lizard Tail"],"picked":"Philosopher\u0027s Stone"}],"items_purged_floors":[19],"is_endless":false,"potions_floor_spawned":[1,3,7,16,18,22,28,30],"killed_by":"Automaton","ascension_level":1}