{"gold_per_floor":[119,130,150,100,100,129,129,163,242,242,258,274,286,286,286,416,416,431,356,31,54,54,54,81,0,0,19,19,19,53,53,53,151,151,163,175,275,275,288,320,338,338,393,393,412,412,30,45,45,45],"floor_reached":50,"playtime":2809,"items_purged":[],"score":647,"play_id":"deb71d95-b1ee-4b0e-90d6-447294a62517","local_time":"20190210050650","is_ascension_mode":true,"campfire_choices":[{"floor":7,"key":"REST"},{"floor":10,"key":"REST"},{"floor":15,"key":"REST"},{"data":"Fission","floor":23,"key":"SMITH"},{"floor":29,"key":"REST"},{"data":"Beam Cell","floor":32,"key":"SMITH"},{"data":"Double Energy","floor":42,"key":"SMITH"},{"data":"Aggregate","floor":46,"key":"SMITH"},{"data":"White Noise","floor":49,"key":"SMITH"}],"neow_cost":"PERCENT_DAMAGE","seed_source_timestamp":405096609722628,"circlet_count":0,"master_deck":["Defend_B","Defend_B","Defend_B","Defend_B","Zap","Dualcast","Melter","Beam Cell+1","Chill","Beam Cell","White Noise+1","Turbo","Conserve Battery","Conserve Battery","Undo","Cold Snap","Machine Learning","Fission+1","Turbo","Aggregate+1","Gash","Doom and Gloom","Cold Snap","Skim","Dramatic Entrance","Go for the Eyes+1","Gash","Coolheaded","Self Repair+1","Sweeping Beam","Rainbow","Cold Snap+1","Storm+1","Storm+1","Seek","Fusion+1","Double Energy+1","Glacier","Sweeping Beam+1","Cold Snap+1","Redo+1","Turbo+1","Sunder+1","Heatsinks+1","Ball Lightning+1","Tempest","FTL","Seek","Capacitor+1","Beam Cell+1","Hologram+1"],"relics":["FrozenCore","Unceasing Top","Dream Catcher","Mercury Hourglass","Symbiotic Virus","Bloody Idol","Orrery","DataDisk","Prayer Wheel","Frozen Egg 2","Blood Vial","Torii","Du-Vu Doll","Ancient Tea Set","Lantern"],"potions_floor_usage":[6,33,39,41,50],"damage_taken":[{"damage":7,"enemies":"2 Louse","floor":1,"turns":3},{"damage":0,"enemies":"Small Slimes","floor":2,"turns":3},{"damage":6,"enemies":"Jaw Worm","floor":3,"turns":2},{"damage":23,"enemies":"Lagavulin","floor":6,"turns":6},{"damage":14,"enemies":"Gremlin Nob","floor":8,"turns":4},{"damage":0,"enemies":"2 Fungi Beasts","floor":11,"turns":2},{"damage":1,"enemies":"3 Louse","floor":12,"turns":2},{"damage":1,"enemies":"Exordium Thugs","floor":13,"turns":4},{"damage":17,"enemies":"The Guardian","floor":16,"turns":12},{"damage":30,"enemies":"Chosen","floor":18,"turns":6},{"damage":0,"enemies":"3 Byrds","floor":21,"turns":3},{"damage":14,"enemies":"Slavers","floor":24,"turns":4},{"damage":8,"enemies":"3 Cultists","floor":27,"turns":5},{"damage":15,"enemies":"Book of Stabbing","floor":30,"turns":5},{"damage":16,"enemies":"Automaton","floor":33,"turns":8},{"damage":23,"enemies":"3 Shapes","floor":35,"turns":3},{"damage":22,"enemies":"Orb Walker","floor":36,"turns":3},{"damage":11,"enemies":"Mind Bloom Boss Battle","floor":37,"turns":7},{"damage":13,"enemies":"Transient","floor":39,"turns":5},{"damage":9,"enemies":"Reptomancer","floor":40,"turns":5},{"damage":1,"enemies":"Jaw Worm Horde","floor":41,"turns":2},{"damage":17,"enemies":"Writhing Mass","floor":45,"turns":4},{"damage":14,"enemies":"Maw","floor":48,"turns":4},{"damage":88,"enemies":"Time Eater","floor":50,"turns":9}],"seed_played":"-813168315500106221","potions_obtained":[{"floor":1,"key":"Block Potion"},{"floor":8,"key":"SpeedPotion"},{"floor":13,"key":"PowerPotion"},{"floor":18,"key":"Swift Potion"},{"floor":36,"key":"AttackPotion"},{"floor":37,"key":"Energy Potion"},{"floor":39,"key":"Strength Potion"},{"floor":41,"key":"FearPotion"}],"is_trial":false,"path_per_floor":["M","M","M","?","?","E","R","E","T","R","M","M","M","?","R","B",null,"M","?","$","M","?","R","E","?","T","M","?","R","E","?","R","B",null,"M","M","?","?","M","E","M","R","T","?","M","R","$","M","R","B"],"character_chosen":"DEFECT","items_purchased":["Skim","DataDisk","Dramatic Entrance","FTL","Lantern","Seek","Capacitor+1"],"campfire_rested":4,"item_purchase_floors":[20,20,20,47,47,47,47],"current_hp_per_floor":[61,61,55,55,30,7,33,19,19,45,45,44,43,43,67,50,82,52,52,52,52,52,52,43,43,43,40,40,64,64,64,64,55,82,64,49,55,55,59,67,82,82,82,82,80,80,80,82,82,0],"gold":45,"neow_bonus":"TWENTY_PERCENT_HP_BONUS","is_prod":false,"is_daily":false,"chose_seed":false,"campfire_upgraded":5,"win_rate":0,"timestamp":1549793210,"path_taken":["M","M","M","?","?","E","R","E","T","R","M","M","M","?","R","BOSS","M","?","$","M","?","R","E","?","T","M","?","R","E","?","R","BOSS","M","M","?","?","M","E","M","R","T","?","M","R","$","M","R","BOSS"],"build_version":"2019-01-23","purchased_purges":0,"victory":false,"max_hp_per_floor":[89,89,89,89,89,89,89,89,89,89,89,89,89,82,82,82,82,82,82,82,82,82,82,82,82,82,82,82,82,82,82,82,82,82,82,82,82,82,82,82,82,82,82,82,82,82,82,82,82,82],"card_choices":[{"not_picked":["Go for the Eyes","Steam"],"picked":"Melter","floor":1},{"not_picked":["Undo","Recycle"],"picked":"Beam Cell","floor":2},{"not_picked":["Genetic Algorithm","Reinforced Body"],"picked":"Chill","floor":3},{"not_picked":["Heatsinks","Consume"],"picked":"Beam Cell","floor":6},{"not_picked":["Consume","Meteor Strike"],"picked":"White Noise","floor":8},{"not_picked":["Conserve Battery","Beam Cell"],"picked":"Turbo","floor":10},{"not_picked":["Defragment","Rebound"],"picked":"Conserve Battery","floor":11},{"not_picked":["Heatsinks","Force Field"],"picked":"Conserve Battery","floor":12},{"not_picked":["Steam","Rebound"],"picked":"Undo","floor":13},{"not_picked":["Steam","Melter"],"picked":"Cold Snap","floor":15},{"not_picked":["Creative AI","Fission"],"picked":"Machine Learning","floor":16},{"not_picked":["Reprogram","Redo"],"picked":"Fission","floor":17},{"not_picked":["Conserve Battery","Rebound"],"picked":"Turbo","floor":17},{"not_picked":["Fusion","Go for the Eyes"],"picked":"Aggregate","floor":17},{"not_picked":["Steam","Beam Cell"],"picked":"Gash","floor":17},{"not_picked":["Turbo","Steam"],"picked":"Doom and Gloom","floor":17},{"not_picked":["Genetic Algorithm","Reprogram"],"picked":"Cold Snap","floor":18},{"not_picked":["Consume","Conserve Battery"],"picked":"Go for the Eyes+1","floor":21},{"not_picked":["Genetic Algorithm+1","Heatsinks"],"picked":"Gash","floor":24},{"not_picked":["Cold Snap","Defragment+1"],"picked":"Coolheaded","floor":27},{"not_picked":["Redo+1","Doom and Gloom+1"],"picked":"Self Repair+1","floor":27},{"not_picked":["Beam Cell","Skim"],"picked":"Cold Snap+1","floor":29},{"not_picked":["Consume","Gash"],"picked":"Storm+1","floor":30},{"not_picked":["Amplify","Core Surge"],"picked":"Seek","floor":33},{"not_picked":["Cold Snap","Conserve Battery+1"],"picked":"Fusion+1","floor":35},{"not_picked":["Go for the Eyes+1","Beam Cell+1"],"picked":"Double Energy","floor":35},{"not_picked":["Genetic Algorithm+1","Heatsinks+1"],"picked":"Glacier","floor":36},{"not_picked":["Loop+1","Gash"],"picked":"Sweeping Beam+1","floor":36},{"not_picked":["Creative AI+1","Scrape"],"picked":"Cold Snap+1","floor":37},{"not_picked":["Compile Driver","Streamline+1"],"picked":"Redo+1","floor":39},{"not_picked":["Undo","Redo"],"picked":"Turbo+1","floor":39},{"not_picked":["Rebound+1","Coolheaded"],"picked":"Sunder+1","floor":40},{"not_picked":["Redo+1","Leap+1"],"picked":"Heatsinks+1","floor":41},{"not_picked":["Beam Cell","Go for the Eyes+1"],"picked":"Ball Lightning+1","floor":41},{"not_picked":["Aggregate+1","Self Repair+1"],"picked":"Tempest","floor":45},{"not_picked":["Scrape+1","Rebound+1","Leap+1"],"picked":"SKIP","floor":45},{"not_picked":["Cold Snap","Genetic Algorithm"],"picked":"Beam Cell+1","floor":48},{"not_picked":["Aggregate","Core Surge"],"picked":"Hologram+1","floor":48}],"player_experience":120904,"relics_obtained":[{"floor":6,"key":"Dream Catcher"},{"floor":8,"key":"Mercury Hourglass"},{"floor":9,"key":"Symbiotic Virus"},{"floor":24,"key":"Prayer Wheel"},{"floor":26,"key":"Frozen Egg 2"},{"floor":30,"key":"Blood Vial"},{"floor":37,"key":"Torii"},{"floor":40,"key":"Du-Vu Doll"},{"floor":43,"key":"Ancient Tea Set"}],"event_choices":[{"cards_removed":["Strike_B"],"damage_healed":0,"gold_gain":0,"player_choice":"Card Removal","damage_taken":0,"max_hp_gain":0,"max_hp_loss":0,"event_name":"The Cleric","floor":4,"gold_loss":50},{"damage_healed":0,"gold_gain":0,"player_choice":"Success","damage_taken":25,"relics_obtained":["Unceasing Top"],"max_hp_gain":0,"max_hp_loss":0,"event_name":"Scrap Ooze","floor":5,"gold_loss":0},{"damage_healed":0,"gold_gain":0,"player_choice":"Lose Max HP","damage_taken":0,"relics_obtained":["Golden Idol"],"max_hp_gain":0,"max_hp_loss":7,"event_name":"Golden Idol","floor":14,"gold_loss":0},{"cards_removed":["Strike_B"],"damage_healed":0,"gold_gain":0,"player_choice":"Gave Gold","damage_taken":0,"max_hp_gain":0,"max_hp_loss":0,"event_name":"Beggar","floor":19,"gold_loss":75},{"damage_healed":0,"gold_gain":0,"player_choice":"Gave Idol","damage_taken":0,"relics_obtained":["Bloody Idol"],"max_hp_gain":0,"max_hp_loss":0,"event_name":"Forgotten Altar","floor":22,"relics_lost":["Golden Idol"],"gold_loss":0},{"damage_healed":0,"gold_gain":0,"player_choice":"Paid Fearfully","damage_taken":0,"max_hp_gain":0,"max_hp_loss":0,"event_name":"Masked Bandits","floor":25,"gold_loss":81},{"damage_healed":0,"gold_gain":0,"cards_transformed":["Strike_B","Strike_B"],"player_choice":"Became Test Subject","damage_taken":0,"max_hp_gain":0,"max_hp_loss":0,"event_name":"Drug Dealer","floor":28,"gold_loss":0,"cards_obtained":["Sweeping Beam","Rainbow"]},{"damage_healed":0,"gold_gain":0,"player_choice":"Read","damage_taken":0,"max_hp_gain":0,"max_hp_loss":0,"event_name":"The Library","floor":31,"gold_loss":0,"cards_obtained":["Storm"]},{"damage_healed":0,"gold_gain":0,"player_choice":"Fight","damage_taken":0,"max_hp_gain":0,"max_hp_loss":0,"event_name":"MindBloom","floor":37,"gold_loss":0},{"damage_healed":0,"gold_gain":0,"player_choice":"Ignored","damage_taken":0,"max_hp_gain":0,"max_hp_loss":0,"event_name":"Mysterious Sphere","floor":38,"gold_loss":0},{"damage_healed":0,"gold_gain":0,"player_choice":"Ignored","damage_taken":0,"max_hp_gain":0,"max_hp_loss":0,"event_name":"Tomb of Lord Red Mask","floor":44,"gold_loss":0}],"is_beta":false,"boss_relics":[{"not_picked":["Sozu","Velvet Choker"],"picked":"Orrery"},{"not_picked":["Philosopher\u0027s Stone","Lizard Tail"],"picked":"FrozenCore"}],"items_purged_floors":[],"is_endless":false,"potions_floor_spawned":[1,8,13,18,27,36,37,39,41],"killed_by":"Time Eater","ascension_level":1}