{"gold_per_floor":[112,287,306,333,351,351,366,366,366,378,296,306,317,2,2,103,103,117,117,130,0,0,0,14,14,63,63,63,80,80,5,5,104,104,116,216,10,30,0,0,0,20,20,34,34,34,34,34,34,34],"floor_reached":51,"playtime":6127,"items_purged":[],"score":635,"play_id":"590aa544-207e-444f-a6fc-e08d5397bf29","local_time":"20190225224055","is_ascension_mode":false,"campfire_choices":[{"data":"Zap","floor":6.0,"key":"SMITH"},{"data":"Glacier","floor":8.0,"key":"SMITH"},{"data":"White Noise","floor":15.0,"key":"SMITH"},{"data":"Seek","floor":23.0,"key":"SMITH"},{"data":"Dualcast","floor":25,"key":"SMITH"},{"data":"Electrodynamics","floor":27,"key":"SMITH"},{"data":"Hologram","floor":30,"key":"SMITH"},{"data":"Hologram","floor":32,"key":"SMITH"},{"data":"Turbo","floor":40,"key":"SMITH"},{"data":"All For One","floor":41,"key":"SMITH"},{"data":"BootSequence","floor":45,"key":"SMITH"},{"data":"Rebound","floor":47,"key":"SMITH"},{"floor":49,"key":"REST"}],"neow_cost":"NONE","seed_source_timestamp":0,"circlet_count":0,"master_deck":["Strike_B+1","Defend_B+1","Defend_B+1","Defend_B+1","Defend_B+1","Zap+1","Dualcast+1","Hologram+1","Doubt","Sweeping Beam+1","Hologram+1","Glacier+1","Cold Snap","Electrodynamics+1","BootSequence+1","White Noise+1","Seek+1","Multi-Cast+1","Thunder Strike+1","Heatsinks+1","Go for the Eyes+1","Coolheaded","Redo+1","Self Repair","All For One+1","Leap+1","Beam Cell+1","Rebound+1","Turbo+1","Streamline+1","Beam Cell","Steam+1","Madness","Madness"],"special_seed":0,"relics":["Cracked Core","PreservedInsect","Boot","Ice Cream","Pantograph","Astrolabe","Omamori","Happy Flower","Necronomicon","Orrery","WingedGreaves","Cauldron","Red Mask","Whetstone"],"potions_floor_usage":[24,29,29,33,36,37,50,50],"damage_taken":[{"damage":0.0,"enemies":"Small Slimes","floor":1.0,"turns":3.0},{"damage":5.0,"enemies":"Jaw Worm","floor":3.0,"turns":4.0},{"damage":1.0,"enemies":"2 Louse","floor":5.0,"turns":2.0},{"damage":1.0,"enemies":"Large Slime","floor":7.0,"turns":4.0},{"damage":0.0,"enemies":"Blue Slaver","floor":10.0,"turns":5.0},{"damage":1.0,"enemies":"3 Louse","floor":12.0,"turns":2.0},{"damage":0.0,"enemies":"2 Fungi Beasts","floor":13.0,"turns":3.0},{"damage":50.0,"enemies":"The Guardian","floor":16.0,"turns":12.0},{"damage":3.0,"enemies":"Shell Parasite","floor":18.0,"turns":9.0},{"damage":5.0,"enemies":"3 Byrds","floor":20.0,"turns":5.0},{"damage":16,"enemies":"3 Cultists","floor":24,"turns":6},{"damage":0,"enemies":"Centurion and Healer","floor":29,"turns":7},{"damage":0,"enemies":"Collector","floor":33,"turns":6},{"damage":9,"enemies":"3 Darklings","floor":35,"turns":3},{"damage":18,"enemies":"Mind Bloom Boss Battle","floor":36,"turns":4},{"damage":6,"enemies":"3 Shapes","floor":38,"turns":5},{"damage":0,"enemies":"Transient","floor":42,"turns":5},{"damage":3,"enemies":"Spire Growth","floor":44,"turns":4},{"damage":70,"enemies":"Time Eater","floor":50,"turns":8}],"seed_played":"-3837479807938027767","potions_obtained":[{"floor":5.0,"key":"Block Potion"},{"floor":13.0,"key":"Regen Potion"},{"floor":16.0,"key":"FearPotion"},{"floor":24,"key":"GamblersBrew"},{"floor":29,"key":"FocusPotion"},{"floor":35,"key":"SkillPotion"},{"floor":37,"key":"SkillPotion"},{"floor":37,"key":"Fruit Juice"},{"floor":37,"key":"GamblersBrew"}],"is_trial":false,"path_per_floor":["M","?","M","T","M","R","M","R","T","M","$","M","M","$","R","B",null,"M","?","M","?","?","R","M","R","T","R","?","M","R","?","R","B",null,"M","?","$","M","?","R","R","M","T","M","R","$","R","?","R","B",null],"character_chosen":"DEFECT","items_purchased":["Electrodynamics","Pantograph","Regen Potion","Cauldron"],"campfire_rested":1,"item_purchase_floors":[11,14,14,37],"current_hp_per_floor":[75,75,70,70,69,69,68,68,68,68,68,67,67,67,67,25,75,72,72,67,67,67,67,51,51,51,51,35,75,75,75,75,75,75,66,64,69,63,63,63,63,70,70,74,74,74,74,64,80,10],"gold":34,"neow_bonus":"RANDOM_COMMON_RELIC","is_prod":false,"is_daily":false,"chose_seed":false,"campfire_upgraded":12,"win_rate":0,"timestamp":1551152455,"path_taken":["M","?","M","?","M","R","M","R","T","?","$","M","M","$","R","BOSS","M","?","M","?","?","R","M","R","T","R","?","?","R","?","R","BOSS","M","?","$","M","?","R","R","M","T","M","R","?","R","?","R","BOSS"],"build_version":"2019-01-23","purchased_purges":0,"victory":true,"max_hp_per_floor":[75,75,75,75,75,75,75,75,75,75,75,75,75,75,75,75,75,75,75,75,75,75,75,75,75,75,75,75,75,75,75,75,75,75,75,75,80,80,80,80,80,80,80,80,80,80,80,80,80,80],"card_choices":[{"not_picked":["Conserve Battery","Undo"],"picked":"Hologram","floor":1.0},{"not_picked":["Coolheaded","Chill"],"picked":"Sweeping Beam","floor":3.0},{"not_picked":["Storm","Streamline"],"picked":"Hologram","floor":5.0},{"not_picked":["Leap","Force Field"],"picked":"Glacier","floor":7.0},{"not_picked":["Fusion","Redo"],"picked":"Cold Snap","floor":10.0},{"not_picked":["Loop","Steam"],"picked":"BootSequence","floor":12.0},{"not_picked":["Barrage","Hologram"],"picked":"White Noise","floor":13.0},{"not_picked":["Hyperbeam","Core Surge"],"picked":"Seek","floor":16.0},{"not_picked":["Turbo","Leap+1"],"picked":"Go for the Eyes+1","floor":18.0},{"not_picked":["Static Discharge","Glacier"],"picked":"Coolheaded","floor":20.0},{"not_picked":["Reprogram","Force Field"],"picked":"Redo+1","floor":24},{"not_picked":["Hologram","Consume"],"picked":"Self Repair","floor":29},{"not_picked":["Reboot","Seek"],"picked":"All For One","floor":33},{"not_picked":["Hologram","Stack"],"picked":"Leap+1","floor":34},{"not_picked":["Barrage","Hologram"],"picked":"Beam Cell","floor":34},{"not_picked":["Hologram","Force Field"],"picked":"Rebound","floor":34},{"not_picked":["BootSequence+1","Tempest"],"picked":"Turbo","floor":34},{"not_picked":["Core Surge","Double Energy"],"picked":"Streamline+1","floor":35},{"not_picked":["Skim","Streamline"],"picked":"Beam Cell","floor":36},{"not_picked":["Force Field","Undo","Go for the Eyes"],"picked":"SKIP","floor":38},{"not_picked":["Leap","Compile Driver"],"picked":"Steam+1","floor":42},{"not_picked":["Rebound","Chaos+1","Undo+1"],"picked":"SKIP","floor":44}],"player_experience":171710,"relics_obtained":[{"floor":4.0,"key":"Boot"},{"floor":9.0,"key":"Ice Cream"},{"floor":26,"key":"Happy Flower"},{"floor":28,"key":"Necronomicon"},{"floor":36,"key":"WingedGreaves"},{"floor":43,"key":"Whetstone"}],"event_choices":[{"damage_healed":0.0,"max_hp_gain":0.0,"max_hp_loss":0.0,"gold_gain":175.0,"event_name":"Liars Game","player_choice":"AGREE","floor":2.0,"gold_loss":0.0,"damage_taken":0.0,"cards_obtained":["Doubt"]},{"damage_healed":0.0,"max_hp_gain":0.0,"max_hp_loss":0.0,"gold_gain":0.0,"event_name":"Back to Basics","player_choice":"Simplicity","floor":19.0,"gold_loss":0.0,"damage_taken":0.0,"cards_upgraded":["Strike_B","Defend_B","Defend_B","Defend_B","Defend_B"]},{"damage_healed":0.0,"max_hp_gain":0.0,"max_hp_loss":0.0,"gold_gain":0.0,"event_name":"Masked Bandits","player_choice":"Paid Fearfully","floor":21.0,"gold_loss":130.0,"damage_taken":0.0},{"damage_healed":0.0,"max_hp_gain":0.0,"max_hp_loss":0.0,"gold_gain":0.0,"event_name":"Addict","player_choice":"Stole Relic","floor":22.0,"gold_loss":0.0,"damage_taken":0.0,"relics_obtained":["Omamori"],"cards_obtained":["Shame"]},{"damage_healed":0,"gold_gain":0,"player_choice":"Obtained Book","damage_taken":16,"max_hp_gain":0,"max_hp_loss":0,"event_name":"Cursed Tome","floor":28,"gold_loss":0},{"cards_removed":["Shame"],"damage_healed":0,"gold_gain":0,"player_choice":"Gave Gold","damage_taken":0,"max_hp_gain":0,"max_hp_loss":0,"event_name":"Beggar","floor":31,"gold_loss":75},{"damage_healed":0,"gold_gain":0,"player_choice":"Fight","damage_taken":0,"max_hp_gain":0,"max_hp_loss":0,"event_name":"MindBloom","floor":36,"gold_loss":0},{"damage_healed":0,"gold_gain":0,"player_choice":"Paid","damage_taken":0,"relics_obtained":["Red Mask"],"max_hp_gain":0,"max_hp_loss":0,"event_name":"Tomb of Lord Red Mask","floor":39,"gold_loss":30},{"damage_healed":0,"gold_gain":0,"player_choice":"Embrace Madness","damage_taken":10,"max_hp_gain":0,"max_hp_loss":0,"event_name":"Winding Halls","floor":48,"gold_loss":0,"cards_obtained":["Madness","Madness"]}],"is_beta":false,"boss_relics":[{"not_picked":["Runic Pyramid","Nuclear Battery"],"picked":"Astrolabe"},{"not_picked":["Calling Bell","Runic Dome"],"picked":"Orrery"}],"items_purged_floors":[],"is_endless":false,"potions_floor_spawned":[5,13,16,20,24,29,35],"ascension_level":0}