{"gold_per_floor":[109,109,184,184,184,203,238,254,254,254],"floor_reached":10,"playtime":384,"items_purged":[],"score":89,"play_id":"11e057c9-beba-46ee-9896-657474996a5a","local_time":"20190210015144","is_ascension_mode":true,"campfire_choices":[],"neow_cost":"NONE","seed_source_timestamp":2468642925833741,"circlet_count":0,"master_deck":["Strike_B","Strike_B+1","Strike_B","Strike_B+1","Defend_B","Defend_B","Defend_B","Zap","Dualcast","BootSequence","Self Repair","Conserve Battery"],"relics":["Cracked Core","Bronze Scales","Pantograph","Pear"],"potions_floor_usage":[7],"damage_taken":[{"damage":7,"enemies":"Small Slimes","floor":1,"turns":3},{"damage":0,"enemies":"Jaw Worm","floor":6,"turns":2},{"damage":21,"enemies":"Lagavulin","floor":7,"turns":7},{"damage":0,"enemies":"2 Louse","floor":8,"turns":3},{"damage":43,"enemies":"Gremlin Gang","floor":10,"turns":3}],"seed_played":"3417728086358998021","potions_obtained":[{"floor":1,"key":"EssenceOfSteel"}],"is_trial":false,"path_per_floor":["M","?","?","$","?","M","E","M","T","M"],"character_chosen":"DEFECT","items_purchased":[],"campfire_rested":0,"item_purchase_floors":[],"current_hp_per_floor":[61,54,43,43,28,28,14,21,31,0],"gold":254,"neow_bonus":"RANDOM_COMMON_RELIC","is_prod":false,"is_daily":false,"chose_seed":false,"campfire_upgraded":0,"win_rate":0,"timestamp":1549792304,"path_taken":["M","?","?","$","?","M","E","M","T","?"],"build_version":"2019-01-23","purchased_purges":0,"victory":false,"max_hp_per_floor":[75,75,75,75,75,75,75,75,85,85],"card_choices":[{"not_picked":["Steam Power","Beam Cell"],"picked":"BootSequence","floor":1},{"not_picked":["Capacitor","Redo"],"picked":"Self Repair","floor":6},{"not_picked":["Coolheaded","Barrage"],"picked":"Conserve Battery","floor":7},{"not_picked":["Blizzard","Turbo","Streamline"],"picked":"SKIP","floor":8}],"player_experience":320986,"relics_obtained":[{"floor":7,"key":"Pantograph"},{"floor":9,"key":"Pear"}],"event_choices":[{"cards_removed":["Defend_B"],"damage_healed":0,"gold_gain":0,"player_choice":"Card Removal","damage_taken":7,"max_hp_gain":0,"max_hp_loss":0,"event_name":"Golden Wing","floor":2,"gold_loss":0},{"damage_healed":0,"gold_gain":75,"player_choice":"Gather Gold","damage_taken":11,"max_hp_gain":0,"max_hp_loss":0,"event_name":"World of Goop","floor":3,"gold_loss":0},{"damage_healed":0,"gold_gain":0,"player_choice":"Entered Light","damage_taken":15,"max_hp_gain":0,"max_hp_loss":0,"event_name":"Shining Light","floor":5,"gold_loss":0,"cards_upgraded":["Strike_B","Strike_B"]}],"is_beta":false,"boss_relics":[],"items_purged_floors":[],"is_endless":false,"potions_floor_spawned":[1],"killed_by":"Gremlin Gang","ascension_level":7}