{"gold_per_floor":[14,14,14,32,64,98,98,120,152,165,197,317,317,330,330,512,512,534,534,551,570,582,622,644,664,664,135,175,188,220,234,234,413,413,429,160,177,189,222,274,288,302,316,368,382,437,465,256,256,256,256,256,53,91,91],"floor_reached":56,"playtime":1766,"items_purged":["Regret","Hologram"],"score":425,"play_id":"215e0f40-f7b8-4d0d-a185-0ed9425110c7","local_time":"20190220153323","is_ascension_mode":true,"campfire_choices":[{"data":"Creative AI","floor":7,"key":"SMITH"},{"floor":13,"key":"RECALL"},{"data":"Hologram","floor":15,"key":"SMITH"},{"data":"Buffer","floor":32,"key":"SMITH"},{"data":"Buffer","floor":42,"key":"SMITH"},{"data":"Coolheaded","floor":49,"key":"SMITH"},{"data":"Panache","floor":52,"key":"SMITH"}],"neow_cost":"NO_GOLD","seed_source_timestamp":171182606470725,"circlet_count":0,"master_deck":["Strike_B+1","Strike_B+1","Strike_B+1","Strike_B+1","Defend_B+1","Defend_B+1","Defend_B+1","Defend_B+1","Zap+1","Dualcast+1","Creative AI+1","Auto Shields+1","Coolheaded+1","Cold Snap","Rainbow+1","Ball Lightning+1","Hologram+1","Biased Cognition","Conserve Battery","Buffer+1","Coolheaded+1","Panache+1","Panache","Biased Cognition","Biased Cognition","Core Surge","Defragment","Buffer+1","Glacier","Hologram+1"],"relics":["Cracked Core","Dead Branch","PreservedInsect","Oddly Smooth Stone","DataDisk","Ancient Tea Set","Bag of Preparation","Ornamental Fan","Bird Faced Urn","Coffee Dripper","War Paint","Regal Pillow","Vajra","Anchor","Tiny Chest","Bag of Marbles","DollysMirror","Red Mask","Darkstone Periapt","Strawberry","Emotion Chip","Philosopher\u0027s Stone","Membership Card","Dodecahedron","MawBank","Art of War","Boot","Singing Bowl","Bronze Scales","Pen Nib","Gremlin Horn","Shuriken","Happy Flower","Runic Capacitor","Pear","Pantograph"],"potions_floor_usage":[6,11,23,23,33,33,33,50,55,55,55],"damage_taken":[{"damage":0,"enemies":"2 Louse","floor":1,"turns":1},{"damage":0,"enemies":"Jaw Worm","floor":4,"turns":2},{"damage":3,"enemies":"Gremlin Nob","floor":6,"turns":2},{"damage":1,"enemies":"Cultist","floor":8,"turns":2},{"damage":3,"enemies":"2 Fungi Beasts","floor":10,"turns":2},{"damage":5,"enemies":"Lagavulin","floor":11,"turns":2},{"damage":3,"enemies":"Gremlin Gang","floor":14,"turns":2},{"damage":4,"enemies":"Slime Boss","floor":16,"turns":4},{"damage":0,"enemies":"Chosen","floor":18,"turns":2},{"damage":0,"enemies":"3 Byrds","floor":20,"turns":3},{"damage":4,"enemies":"Sentry and Sphere","floor":21,"turns":4},{"damage":5,"enemies":"Snake Plant","floor":22,"turns":2},{"damage":3,"enemies":"Slavers","floor":23,"turns":3},{"damage":0,"enemies":"Centurion and Healer","floor":24,"turns":3},{"damage":0,"enemies":"3 Cultists","floor":25,"turns":4},{"damage":0,"enemies":"Masked Bandits","floor":28,"turns":2},{"damage":0,"enemies":"Snecko","floor":29,"turns":4},{"damage":0,"enemies":"Book of Stabbing","floor":30,"turns":2},{"damage":0,"enemies":"Centurion and Healer","floor":31,"turns":4},{"damage":0,"enemies":"Champ","floor":33,"turns":5},{"damage":0,"enemies":"3 Shapes","floor":35,"turns":2},{"damage":0,"enemies":"3 Darklings","floor":37,"turns":2},{"damage":0,"enemies":"Maw","floor":38,"turns":4},{"damage":0,"enemies":"Jaw Worm Horde","floor":39,"turns":3},{"damage":0,"enemies":"Reptomancer","floor":40,"turns":2},{"damage":0,"enemies":"Nemesis","floor":44,"turns":3},{"damage":0,"enemies":"Reptomancer","floor":46,"turns":3},{"damage":0,"enemies":"Spire Growth","floor":47,"turns":2},{"damage":0,"enemies":"Awakened One","floor":50,"turns":11},{"damage":0,"enemies":"Shield and Spear","floor":54,"turns":3},{"damage":0,"enemies":"The Heart","floor":55,"turns":7}],"seed_played":"9190378367257803062","potions_obtained":[{"floor":1,"key":"Explosive Potion"},{"floor":1,"key":"GamblersBrew"},{"floor":4,"key":"Energy Potion"},{"floor":6,"key":"Energy Potion"},{"floor":8,"key":"SteroidPotion"},{"floor":8,"key":"Poison Potion"},{"floor":10,"key":"PowerPotion"},{"floor":11,"key":"SpeedPotion"},{"floor":14,"key":"SpeedPotion"},{"floor":16,"key":"Energy Potion"},{"floor":23,"key":"SteroidPotion"},{"floor":24,"key":"SpeedPotion"},{"floor":25,"key":"Explosive Potion"},{"floor":28,"key":"Explosive Potion"},{"floor":28,"key":"Strength Potion"},{"floor":29,"key":"FocusPotion"},{"floor":33,"key":"SpeedPotion"},{"floor":33,"key":"GamblersBrew"},{"floor":35,"key":"Dexterity Potion"},{"floor":44,"key":"Fire Potion"},{"floor":45,"key":"Swift Potion"}],"is_trial":false,"path_per_floor":["M","?","?","M","T","E","R","M","T","M","E","?","R","M","R","B",null,"M","?","M","M","M","E","M","M","T","$","?","M","E","M","R","B",null,"M","$","M","M","M","E","?","R","T","E","?","E","M","$","R","B",null,"R","$","E","B",null],"character_chosen":"DEFECT","items_purchased":["Tiny Chest","Bag of Marbles","Panache","DollysMirror","Membership Card","Dodecahedron","Defragment","Shuriken","Happy Flower","Runic Capacitor","Pear","FocusPotion"],"campfire_rested":0,"item_purchase_floors":[27,27,27,27,36,36,36,48,48,53,53,53],"current_hp_per_floor":[79,79,79,79,79,76,76,75,75,72,67,67,67,64,64,66,83,83,83,83,83,81,83,83,83,83,83,83,83,83,90,90,94,94,94,94,94,94,94,94,89,89,89,91,91,93,95,95,95,99,99,99,109,113,117],"gold":91,"neow_bonus":"THREE_RARE_CARDS","is_prod":false,"is_daily":false,"chose_seed":false,"campfire_upgraded":6,"win_rate":0,"timestamp":1550669603,"path_taken":["M","?","?","M","?","E","R","?","T","M","E","?","R","?","R","BOSS","M","?","?","M","M","E","M","M","T","$","?","M","E","M","R","BOSS","M","$","M","M","M","E","?","R","T","E","?","E","?","$","R","BOSS","R","$","E","BOSS"],"build_version":"2019-01-23","purchased_purges":2,"victory":true,"max_hp_per_floor":[79,79,79,79,79,79,79,79,79,79,79,79,79,79,79,83,83,83,83,83,83,83,83,83,83,83,83,83,83,83,90,90,94,94,94,94,94,94,94,94,89,89,89,91,91,93,95,95,95,99,99,99,109,113,117],"card_choices":[{"not_picked":["Meteor Strike","Fission"],"picked":"Creative AI","floor":0},{"not_picked":["Aggregate+1","Steam Power"],"picked":"Auto Shields","floor":1},{"not_picked":["Aggregate+1","White Noise","Fusion+1"],"picked":"SKIP","floor":4},{"not_picked":["White Noise+1","Stack"],"picked":"Coolheaded+1","floor":6},{"not_picked":["Hyperbeam","Creative AI","Gash"],"picked":"SKIP","floor":6},{"not_picked":["Fusion","Stack"],"picked":"Cold Snap","floor":8},{"not_picked":["Gash","Turbo"],"picked":"Rainbow","floor":10},{"not_picked":["Gash","Leap"],"picked":"Ball Lightning+1","floor":11},{"not_picked":["FTL","Streamline","Cold Snap"],"picked":"SKIP","floor":11},{"not_picked":["Streamline","Leap"],"picked":"Hologram","floor":14},{"not_picked":["Multi-Cast","All For One"],"picked":"Biased Cognition","floor":16},{"not_picked":["Steam","Ball Lightning+1"],"picked":"Hologram","floor":18},{"not_picked":["Ball Lightning+1","Fusion"],"picked":"Conserve Battery","floor":20},{"not_picked":["Conserve Battery","Melter","Turbo+1"],"picked":"SKIP","floor":21},{"not_picked":["Chill","Turbo","Sweeping Beam"],"picked":"SKIP","floor":22},{"not_picked":["Undo+1","Coolheaded"],"picked":"Buffer","floor":23},{"not_picked":["Double Energy","Hyperbeam"],"picked":"Coolheaded","floor":23},{"not_picked":["Steam","Double Energy","Rebound"],"picked":"SKIP","floor":24},{"not_picked":["FTL+1","Sunder+1","Force Field+1"],"picked":"SKIP","floor":25},{"not_picked":["Undo+1","Auto Shields+1","Beam Cell"],"picked":"SKIP","floor":29},{"not_picked":["Gash","Beam Cell+1"],"picked":"Biased Cognition","floor":30},{"not_picked":["Loop","Hologram+1"],"picked":"Biased Cognition","floor":30},{"not_picked":["Undo+1","Recycle","Barrage+1"],"picked":"SKIP","floor":31},{"not_picked":["Fission","Creative AI"],"picked":"Core Surge","floor":33},{"not_picked":["Redo+1","Coolheaded","Compile Driver"],"picked":"SKIP","floor":35},{"not_picked":["Rebound","Sunder+1","Rip and Tear+1"],"picked":"SKIP","floor":37},{"not_picked":["FTL+1","Beam Cell+1","Gash+1"],"picked":"SKIP","floor":38},{"not_picked":["Compile Driver+1","Aggregate+1"],"picked":"Buffer","floor":39},{"not_picked":["Redo+1","Leap+1","Conserve Battery+1"],"picked":"SKIP","floor":40},{"not_picked":["Sunder+1","Ball Lightning+1","Gash"],"picked":"SKIP","floor":40},{"not_picked":["Ball Lightning+1","Tempest+1","Hyperbeam"],"picked":"Singing Bowl","floor":44},{"not_picked":["Hello World+1","Steam"],"picked":"Glacier","floor":44},{"not_picked":["Sweeping Beam+1","Heatsinks","Doom and Gloom"],"picked":"Singing Bowl","floor":46},{"not_picked":["Hello World","Reprogram"],"picked":"Hologram+1","floor":46},{"not_picked":["Rebound+1","White Noise+1","Streamline"],"picked":"Singing Bowl","floor":47},{"not_picked":["Stack","Go for the Eyes","Streamline"],"picked":"Singing Bowl","floor":54},{"not_picked":["Barrage","Doom and Gloom+1","FTL"],"picked":"Singing Bowl","floor":54}],"player_experience":209613,"relics_obtained":[{"floor":1,"key":"Dead Branch"},{"floor":5,"key":"Oddly Smooth Stone"},{"floor":5,"key":"DataDisk"},{"floor":6,"key":"Ancient Tea Set"},{"floor":9,"key":"Bag of Preparation"},{"floor":11,"key":"Ornamental Fan"},{"floor":16,"key":"Bird Faced Urn"},{"floor":23,"key":"War Paint"},{"floor":24,"key":"Regal Pillow"},{"floor":26,"key":"Vajra"},{"floor":26,"key":"Anchor"},{"floor":28,"key":"Red Mask"},{"floor":30,"key":"Darkstone Periapt"},{"floor":31,"key":"Strawberry"},{"floor":33,"key":"Emotion Chip"},{"floor":38,"key":"MawBank"},{"floor":40,"key":"Art of War"},{"floor":43,"key":"Boot"},{"floor":43,"key":"Singing Bowl"},{"floor":44,"key":"Bronze Scales"},{"floor":46,"key":"Pen Nib"},{"floor":47,"key":"Gremlin Horn"},{"floor":54,"key":"Pantograph"}],"event_choices":[{"damage_healed":0,"gold_gain":0,"player_choice":"Ignored","damage_taken":0,"max_hp_gain":0,"max_hp_loss":0,"event_name":"Shining Light","floor":2,"gold_loss":0},{"damage_healed":0,"gold_gain":0,"player_choice":"Box","damage_taken":0,"relics_obtained":["PreservedInsect"],"max_hp_gain":0,"max_hp_loss":0,"event_name":"Big Fish","floor":3,"gold_loss":0,"cards_obtained":["Regret"]},{"damage_healed":0,"gold_gain":100,"player_choice":"Gold","damage_taken":0,"max_hp_gain":0,"max_hp_loss":0,"event_name":"Wheel of Change","floor":12,"gold_loss":0},{"damage_healed":0,"gold_gain":0,"player_choice":"Bought 0 Potions","damage_taken":0,"max_hp_gain":0,"max_hp_loss":0,"event_name":"The Woman in Blue","floor":19,"gold_loss":0},{"damage_healed":0,"gold_gain":0,"player_choice":"Fought Bandits","damage_taken":0,"max_hp_gain":0,"max_hp_loss":0,"event_name":"Masked Bandits","floor":28,"gold_loss":0},{"damage_healed":0,"gold_gain":0,"player_choice":"Max HP","damage_taken":0,"max_hp_gain":0,"max_hp_loss":5,"event_name":"Winding Halls","floor":41,"gold_loss":0},{"damage_healed":0,"gold_gain":0,"player_choice":"Got Potions","damage_taken":0,"max_hp_gain":0,"max_hp_loss":0,"event_name":"Lab","floor":45,"gold_loss":0}],"is_beta":false,"boss_relics":[{"not_picked":["Busted Crown","Fusion Hammer"],"picked":"Coffee Dripper"},{"not_picked":["Empty Cage","Runic Dome"],"picked":"Philosopher\u0027s Stone"}],"items_purged_floors":[27,48],"is_endless":false,"potions_floor_spawned":[1,8,20,21,28,29,31,33,47],"ascension_level":-20}