{"gold_per_floor":[361,377,393,393,468,468,71,85,134,134,134,152,152,207,207,311,311,325,19,36,55,55,55,68,87,87,98,98],"floor_reached":28,"playtime":1705,"items_purged":["Writhe"],"score":222,"play_id":"93889329-05db-4103-ab9f-4ec9a9253488","local_time":"20180805012123","is_ascension_mode":false,"campfire_choices":[{"data":"Zap","floor":6,"key":"SMITH"},{"data":"Strike_B","floor":11,"key":"PURGE"},{"data":"Strike_B","floor":13,"key":"PURGE"},{"floor":15,"key":"REST"},{"floor":23,"key":"REST"}],"neow_cost":"CURSE","seed_source_timestamp":3258515935939307,"circlet_count":0,"master_deck":["Strike_B","Strike_B","Defend_B","Defend_B","Defend_B","Defend_B+1","Zap+1","Dualcast","Gash","Hologram+1","Capacitor+1","Rebound","Stack+1","Parasite","Auto Shields","Electrodynamics","Rainbow","Compile Driver","Chill","Sweeping Beam","Go for the Eyes","Stack","Chaos","Creative AI","Compile Driver+1","Hologram+1"],"relics":["Cracked Core","Peace Pipe","Ancient Tea Set","Tiny Chest","Black Star","War Paint","Thread and Needle","Pantograph"],"potions_floor_usage":[16,16,28],"damage_taken":[{"damage":1,"enemies":"Cultist","floor":1,"turns":4},{"damage":5,"enemies":"2 Louse","floor":2,"turns":3},{"damage":6,"enemies":"Jaw Worm","floor":3,"turns":3},{"damage":6,"enemies":"Blue Slaver","floor":8,"turns":3},{"damage":0,"enemies":"Looter","floor":12,"turns":3},{"damage":16,"enemies":"Gremlin Nob","floor":14,"turns":4},{"damage":27,"enemies":"Slime Boss","floor":16,"turns":10},{"damage":19,"enemies":"2 Thieves","floor":18,"turns":4},{"damage":20,"enemies":"Spheric Guardian","floor":20,"turns":6},{"damage":20,"enemies":"3 Cultists","floor":21,"turns":5},{"damage":24,"enemies":"Snake Plant","floor":24,"turns":6},{"damage":3,"enemies":"Centurion and Healer","floor":25,"turns":11},{"damage":10,"enemies":"Sentry and Sphere","floor":27,"turns":9},{"damage":19,"enemies":"Cultist and Chosen","floor":28,"turns":6}],"seed_played":"-4675268520306764158","potions_obtained":[{"floor":1,"key":"FearPotion"},{"floor":8,"key":"Regen Potion"},{"floor":12,"key":"Explosive Potion"},{"floor":16,"key":"Strength Potion"},{"floor":18,"key":"FairyPotion"},{"floor":24,"key":"Dexterity Potion"},{"floor":27,"key":"Regen Potion"}],"is_trial":false,"path_per_floor":["M","M","M","?","?","R","$","M","T","?","R","M","R","E","R","B",null,"M","$","M","M","T","R","M","M","T","M"],"character_chosen":"DEFECT","items_purchased":["Rebound","Peace Pipe","Chill","War Paint","Sweeping Beam","Go for the Eyes"],"campfire_rested":2,"item_purchase_floors":[7,7,19,19,19,19],"current_hp_per_floor":[74,69,63,48,37,37,37,31,31,49,49,49,49,33,55,43,75,56,56,36,16,16,38,14,11,11,1,0],"gold":98,"neow_bonus":"TWO_FIFTY_GOLD","is_prod":false,"is_daily":false,"chose_seed":false,"campfire_upgraded":1,"win_rate":0,"timestamp":1533428483,"path_taken":["M","?","?","?","?","R","$","M","T","?","R","?","R","E","R","BOSS","M","$","?","?","?","R","M","M","T","M","M"],"build_version":"2018-08-02","purchased_purges":1,"victory":false,"max_hp_per_floor":[75,75,75,75,75,75,75,75,75,75,75,75,75,75,75,75,75,75,75,75,75,75,75,75,75,75,75,75],"card_choices":[{"not_picked":["Conserve Battery","Go for the Eyes"],"picked":"Gash","floor":1},{"not_picked":["Rebound","Streamline"],"picked":"Hologram","floor":2},{"not_picked":["Go for the Eyes","Defragment"],"picked":"Capacitor","floor":3},{"not_picked":["Storm","Scrape"],"picked":"Stack","floor":8},{"not_picked":["Undo","Conserve Battery"],"picked":"Auto Shields","floor":12},{"not_picked":["Capacitor","Compile Driver"],"picked":"Electrodynamics","floor":14},{"not_picked":["Machine Learning","Buffer"],"picked":"Rainbow","floor":16},{"not_picked":["Rip and Tear","Static Discharge"],"picked":"Compile Driver","floor":18},{"not_picked":["Leap","Rebound"],"picked":"Stack","floor":20},{"not_picked":["Conserve Battery","Force Field+1"],"picked":"Chaos","floor":21},{"not_picked":["Auto Shields","Cold Snap"],"picked":"Creative AI","floor":24},{"not_picked":["Steam","Go for the Eyes"],"picked":"Compile Driver+1","floor":25},{"not_picked":["Stack","Static Discharge+1"],"picked":"Hologram+1","floor":27}],"player_experience":49230,"relics_obtained":[{"floor":9,"key":"Ancient Tea Set"},{"floor":14,"key":"Tiny Chest"},{"floor":22,"key":"Thread and Needle"},{"floor":26,"key":"Pantograph"}],"event_choices":[{"event_name":"Shining Light","player_choice":"Entered Light","floor":4,"damage_taken":0},{"event_name":"World of Goop","player_choice":"Gather Gold","floor":5,"damage_taken":0},{"event_name":"Mushrooms","player_choice":"Healed and dodged fight","floor":10,"damage_taken":0}],"is_beta":false,"boss_relics":[{"not_picked":["White Beast Statue","Busted Crown"],"picked":"Black Star"}],"items_purged_floors":[7],"is_endless":false,"potions_floor_spawned":[1,8,12,16,18,24,27],"killed_by":"Cultist and Chosen","ascension_level":0}