{"gold_per_floor":[115,134,148,148,323,323,68,83,110,125,154,167,220,236,236,236],"floor_reached":16,"playtime":2557,"items_purged":[],"score":104,"play_id":"2827e7ba-17b8-4de4-8d5d-130ceebb1e68","local_time":"20180625234752","is_ascension_mode":false,"campfire_choices":[{"floor":6,"key":"REST"},{"floor":15,"key":"REST"}],"neow_cost":"NONE","seed_source_timestamp":83033882624577,"circlet_count":0,"master_deck":["Defend_G","Defend_G","Defend_G","Defend_G","Defend_G","Strike_G","Strike_G","Strike_G","Strike_G","Strike_G","Survivor","Neutralize","Flying Knee","Distraction","Quick Slash+1","Doubt","Backstab","Underhanded Strike","Calculated Gamble","Blade Dance","Dagger Spray"],"relics":["Ring of the Snake","Bottled Lightning","Strawberry","Ancient Tea Set"],"potions_floor_usage":[12,16,16,16],"damage_taken":[{"damage":9,"enemies":"2 Louse","floor":1,"turns":4},{"damage":0,"enemies":"Cultist","floor":2,"turns":3},{"damage":8,"enemies":"Small Slimes","floor":3,"turns":6},{"damage":2,"enemies":"Looter","floor":8,"turns":3},{"damage":4,"enemies":"2 Fungi Beasts","floor":10,"turns":3},{"damage":20,"enemies":"3 Sentries","floor":11,"turns":9},{"damage":0,"enemies":"Gremlin Gang","floor":12,"turns":6},{"damage":5,"enemies":"3 Louse","floor":14,"turns":2},{"damage":69,"enemies":"Hexaghost","floor":16,"turns":14}],"seed_played":"-8478153587858167904","potions_obtained":[{"floor":1,"key":"GhostInAJar"},{"floor":14,"key":"Weak Potion"}],"is_trial":false,"path_per_floor":["M","M","M","?","?","R","$","M","T","M","E","M","?","M","R"],"character_chosen":"THE_SILENT","items_purchased":["Bottled Lightning"],"campfire_rested":2,"item_purchase_floors":[7],"current_hp_per_floor":[61,61,53,53,53,70,70,68,75,71,51,51,51,46,69,0],"gold":236,"neow_bonus":"THREE_SMALL_POTIONS","is_prod":false,"is_daily":false,"chose_seed":false,"campfire_upgraded":0,"win_rate":0.0,"timestamp":1529984872,"path_taken":["M","M","M","?","?","R","$","M","T","M","E","M","?","M","R","BOSS"],"build_version":"2018-06-21v2","purchased_purges":0,"victory":false,"max_hp_per_floor":[70,70,70,70,70,70,70,70,77,77,77,77,77,77,77,77],"card_choices":[{"not_picked":["Heel Hook","Quick Slash"],"picked":"Flying Knee","floor":1},{"not_picked":["Reflex","Deflect"],"picked":"Distraction","floor":2},{"not_picked":["Infinite Blades","Dagger Spray"],"picked":"Quick Slash","floor":3},{"not_picked":["Sucker Punch","Quick Slash"],"picked":"Backstab","floor":8},{"not_picked":["Acrobatics","Sucker Punch"],"picked":"Underhanded Strike","floor":10},{"not_picked":["Eviscerate","Footwork"],"picked":"Calculated Gamble","floor":11},{"not_picked":["Calculated Gamble","Footwork"],"picked":"Blade Dance","floor":12},{"not_picked":["Glass Knife","PiercingWail"],"picked":"Dagger Spray","floor":14}],"player_experience":1963,"relics_obtained":[{"floor":9,"key":"Strawberry"},{"floor":11,"key":"Ancient Tea Set"}],"event_choices":[{"event_name":"Upgrade Shrine","player_choice":"Upgraded","floor":4,"damage_taken":0},{"event_name":"Liars Game","player_choice":"agreed","floor":5,"damage_taken":0},{"event_name":"Golden Wing","player_choice":"Gained Gold","floor":13,"damage_taken":0}],"boss_relics":[],"items_purged_floors":[],"is_endless":false,"potions_floor_spawned":[1,3,11,12,14],"killed_by":"Hexaghost","ascension_level":0}