{"gold_per_floor":[16,16,16,27,27,59,34,52,121,148,148,148,180,195,195,300,300,312,325,2,2,16,45,45,45,45,45,45,70,70,70,70,165,165,179,0,355,367,379,406,424,424,495,495,524,524,524,535,535,535],"floor_reached":50,"playtime":2416,"items_purged":[],"score":799,"play_id":"6387817c-9cde-4e80-ac26-fdfcc3130024","local_time":"20181229165732","is_ascension_mode":true,"campfire_choices":[{"data":"Armaments","floor":12.0,"key":"SMITH"},{"data":"Flex","floor":15.0,"key":"SMITH"},{"floor":24.0,"key":"REST"},{"floor":28.0,"key":"REST"},{"data":"Demon Form","floor":30.0,"key":"SMITH"},{"floor":32,"key":"REST"},{"floor":42,"key":"REST"},{"floor":44,"key":"REST"},{"floor":47,"key":"REST"},{"floor":49,"key":"REST"}],"neow_cost":"NO_GOLD","seed_source_timestamp":682532779655682,"circlet_count":0,"master_deck":["Strike_R","Strike_R","Strike_R+1","Strike_R+1","Strike_R","Defend_R","Defend_R","Defend_R+1","Defend_R","Bash","Flex+1","Pommel Strike+1","Power Through","Armaments+1","Cleave","Heavy Blade","Sword Boomerang","Body Slam","Demon Form+1","Sword Boomerang","Thunderclap","Limit Break","Shrug It Off","RitualDagger","Cleave+1","True Grit+1","Feed+1","Rage+1","Entrench+1","Juggernaut","Cleave+1","Uppercut+1","Sword Boomerang+1","Inflame+1","Apotheosis","Parasite","Thunderclap+1"],"special_seed":0,"relics":["Burning Blood","Torii","Centennial Puzzle","Mummified Hand","Sundial","Ornamental Fan","Whetstone","Sozu","Happy Flower","Question Card","Paper Frog","Molten Egg 2","Fusion Hammer","Red Mask","Old Coin","Blue Candle","Bottled Lightning","Boot"],"potions_floor_usage":[39,50],"damage_taken":[{"damage":1.0,"enemies":"Cultist","floor":1.0,"turns":4.0},{"damage":0.0,"enemies":"2 Louse","floor":4.0,"turns":2.0},{"damage":15.0,"enemies":"3 Sentries","floor":6.0,"turns":10.0},{"damage":8.0,"enemies":"Jaw Worm","floor":8.0,"turns":3.0},{"damage":32.0,"enemies":"Gremlin Nob","floor":10.0,"turns":4.0},{"damage":15.0,"enemies":"Lagavulin","floor":13.0,"turns":6.0},{"damage":1.0,"enemies":"Large Slime","floor":14.0,"turns":5.0},{"damage":21.0,"enemies":"Hexaghost","floor":16.0,"turns":10.0},{"damage":10.0,"enemies":"2 Thieves","floor":18.0,"turns":3.0},{"damage":0.0,"enemies":"Chosen","floor":19.0,"turns":3.0},{"damage":14.0,"enemies":"Shelled Parasite and Fungi","floor":22.0,"turns":3.0},{"damage":50.0,"enemies":"Book of Stabbing","floor":23.0,"turns":6.0},{"damage":14.0,"enemies":"Gremlin Leader","floor":29.0,"turns":4.0},{"damage":40,"enemies":"Champ","floor":33,"turns":7},{"damage":12,"enemies":"Orb Walker","floor":35,"turns":2},{"damage":8,"enemies":"2 Orb Walkers","floor":37,"turns":4},{"damage":16,"enemies":"3 Darklings","floor":38,"turns":3},{"damage":9,"enemies":"Transient","floor":39,"turns":5},{"damage":30,"enemies":"Nemesis","floor":40,"turns":5},{"damage":31,"enemies":"Spire Growth","floor":41,"turns":4},{"damage":48,"enemies":"Reptomancer","floor":45,"turns":5},{"damage":36,"enemies":"Writhing Mass","floor":48,"turns":5},{"damage":52,"enemies":"Donu and Deca","floor":50,"turns":5}],"seed_played":"454784007069884368","potions_obtained":[{"floor":1.0,"key":"SkillPotion"},{"floor":6.0,"key":"SneckoOil"},{"floor":8.0,"key":"Regen Potion"},{"floor":14.0,"key":"Regen Potion"},{"floor":16.0,"key":"FearPotion"}],"is_trial":false,"path_per_floor":["M","?","?","M","?","E","$","M","T","E","T","R","E","M","R","B",null,"M","M","$","?","M","E","R","?","T","?","R","E","R","?","R","B",null,"M","?","?","M","M","E","M","R","T","R","E","?","R","M","R","B"],"character_chosen":"IRONCLAD","items_purchased":["Armaments","Limit Break","Shrug It Off","Happy Flower"],"campfire_rested":7,"item_purchase_floors":[7,20,20,20],"current_hp_per_floor":[80,85,68,74,74,65,65,63,63,37,37,37,43,48,48,48,76,72,78,78,72,64,20,45,45,45,29,56,48,48,48,75,41,78,76,76,74,64,61,37,12,40,40,68,26,26,54,24,52,0],"gold":535,"neow_bonus":"ONE_RARE_RELIC","is_prod":false,"is_daily":false,"chose_seed":false,"campfire_upgraded":3,"win_rate":0,"timestamp":1546120652,"path_taken":["M","?","?","M","?","E","?","M","T","E","?","R","E","?","R","BOSS","M","M","?","?","M","E","R","?","T","?","R","E","R","?","R","BOSS","M","?","?","M","?","E","M","R","T","R","E","?","R","M","R","BOSS"],"build_version":"2018-12-20","purchased_purges":0,"victory":false,"max_hp_per_floor":[80,85,85,85,85,85,85,85,85,85,85,85,85,85,85,85,85,85,85,85,85,85,85,85,85,85,90,90,90,90,90,90,90,90,94,94,94,94,94,94,94,94,94,94,94,94,94,94,94,94],"card_choices":[{"not_picked":["Rupture","Perfected Strike"],"picked":"Flex","floor":1.0},{"not_picked":["Perfected Strike","Second Wind"],"picked":"Pommel Strike","floor":4.0},{"not_picked":["Perfected Strike","Second Wind"],"picked":"Power Through","floor":6.0},{"not_picked":["Entrench","Havoc"],"picked":"Cleave","floor":8.0},{"not_picked":["Sword Boomerang","Rupture"],"picked":"Heavy Blade","floor":10.0},{"not_picked":["Fire Breathing","Perfected Strike"],"picked":"Sword Boomerang","floor":13.0},{"not_picked":["Fiend Fire","Rampage"],"picked":"Body Slam","floor":14.0},{"not_picked":["Bludgeon","Offering"],"picked":"Demon Form","floor":16.0},{"not_picked":["Disarm","Warcry"],"picked":"Sword Boomerang","floor":18.0},{"not_picked":["Pommel Strike+1","Clothesline"],"picked":"Thunderclap","floor":19.0},{"not_picked":["Havoc+1","Feel No Pain+1"],"picked":"Cleave+1","floor":22.0},{"not_picked":["Pommel Strike","Combust","Sever Soul"],"picked":"SKIP","floor":23.0},{"not_picked":["Berserk","Combust","Clash"],"picked":"True Grit+1","floor":29.0},{"not_picked":["Offering","Berserk","Dark Embrace"],"picked":"Feed+1","floor":33},{"not_picked":["Sentinel","Infernal Blade","Sword Boomerang+1"],"picked":"Rage+1","floor":35},{"not_picked":["Havoc","Bloodletting+1","Clothesline+1"],"picked":"Entrench+1","floor":37},{"not_picked":["Twin Strike+1","Shrug It Off+1","Warcry"],"picked":"Juggernaut","floor":38},{"not_picked":["True Grit+1","Havoc","Headbutt+1"],"picked":"Cleave+1","floor":39},{"not_picked":["Seeing Red+1","Sentinel","Carnage+1"],"picked":"Uppercut+1","floor":40},{"not_picked":["Headbutt+1","Sever Soul+1","Iron Wave+1"],"picked":"Sword Boomerang+1","floor":41},{"not_picked":["Entrench+1","Headbutt+1","Shockwave"],"picked":"Inflame+1","floor":45},{"not_picked":["Panache","Secret Weapon","Bandage Up"],"picked":"Apotheosis","floor":46},{"not_picked":["Rupture","Evolve","Shrug It Off"],"picked":"Thunderclap+1","floor":48}],"player_experience":323325,"relics_obtained":[{"floor":6.0,"key":"Centennial Puzzle"},{"floor":9.0,"key":"Mummified Hand"},{"floor":10.0,"key":"Sundial"},{"floor":11.0,"key":"Ornamental Fan"},{"floor":13.0,"key":"Whetstone"},{"floor":23.0,"key":"Question Card"},{"floor":26.0,"key":"Paper Frog"},{"floor":29.0,"key":"Molten Egg 2"},{"floor":37,"key":"Old Coin"},{"floor":40,"key":"Blue Candle"},{"floor":43,"key":"Bottled Lightning"},{"floor":45,"key":"Boot"}],"event_choices":[{"damage_healed":0.0,"max_hp_gain":5.0,"max_hp_loss":0.0,"gold_gain":0.0,"event_name":"Big Fish","player_choice":"Donut","floor":2.0,"gold_loss":0.0,"damage_taken":0.0},{"damage_healed":0.0,"max_hp_gain":0.0,"max_hp_loss":0.0,"gold_gain":0.0,"event_name":"Shining Light","player_choice":"Entered Light","floor":3.0,"gold_loss":0.0,"damage_taken":17.0,"cards_upgraded":["Defend_R","Strike_R"]},{"damage_healed":0.0,"max_hp_gain":0.0,"max_hp_loss":0.0,"gold_gain":0.0,"event_name":"The Cleric","player_choice":"Leave","floor":5.0,"gold_loss":0.0,"damage_taken":0.0},{"damage_healed":0.0,"max_hp_gain":0.0,"max_hp_loss":0.0,"gold_gain":0.0,"event_name":"Nest","player_choice":"Joined the Cult","floor":21.0,"gold_loss":0.0,"damage_taken":6.0,"cards_obtained":["RitualDagger"]},{"damage_healed":0.0,"max_hp_gain":0.0,"max_hp_loss":0.0,"gold_gain":0.0,"event_name":"Beggar","player_choice":"Ignored","floor":25.0,"gold_loss":0.0,"damage_taken":0.0},{"damage_healed":0.0,"max_hp_gain":5.0,"max_hp_loss":0.0,"gold_gain":0.0,"event_name":"Forgotten Altar","player_choice":"Shed Blood","floor":27.0,"gold_loss":0.0,"damage_taken":21.0},{"damage_healed":0,"gold_gain":0,"player_choice":"Ignored","damage_taken":0,"max_hp_gain":0,"max_hp_loss":0,"event_name":"The Mausoleum","floor":31,"gold_loss":0},{"damage_healed":0,"gold_gain":0,"player_choice":"Paid","damage_taken":0,"relics_obtained":["Red Mask"],"max_hp_gain":0,"max_hp_loss":0,"event_name":"Tomb of Lord Red Mask","floor":36,"gold_loss":179},{"damage_healed":0,"gold_gain":0,"player_choice":"Fight","damage_taken":0,"max_hp_gain":0,"max_hp_loss":0,"event_name":"Mysterious Sphere","floor":37,"gold_loss":0},{"damage_healed":0,"gold_gain":0,"player_choice":"Memory 1","damage_taken":0,"max_hp_gain":0,"max_hp_loss":0,"event_name":"SensoryStone","floor":46,"gold_loss":0}],"is_beta":false,"boss_relics":[{"not_picked":["Pandora\u0027s Box","Cursed Key"],"picked":"Sozu"},{"not_picked":["Runic Cube","Snecko Eye"],"picked":"Fusion Hammer"}],"items_purged_floors":[],"is_endless":false,"potions_floor_spawned":[1,6,8,14,16,19,22,23,38,41,45,48],"killed_by":"Donu and Deca","ascension_level":5}