{"gold_per_floor":[215,229,379,379,397,397,424,5,5,35,110,55,55,55,55,154,154,178,178,18,18,43,43,59,74,74,74,74,74,99,115,115,211,211,225,225,248,248,272,272,311,311,338,352,352,24,24,49,49,49],"floor_reached":51,"playtime":1964,"items_purged":["Doubt"],"score":1353,"play_id":"a6a43ab1-9fc2-4b24-aa2e-9b80edec7b5d","local_time":"20190204151151","is_ascension_mode":true,"campfire_choices":[{"data":"Zap","floor":6.0,"key":"SMITH"},{"data":"Apotheosis","floor":13.0,"key":"SMITH"},{"floor":15.0,"key":"REST"},{"floor":23.0,"key":"REST"},{"floor":29.0,"key":"REST"},{"floor":32.0,"key":"REST"},{"floor":40,"key":"REST"},{"floor":42,"key":"REST"},{"floor":47,"key":"REST"},{"floor":49,"key":"REST"}],"neow_cost":"NONE","seed_source_timestamp":1219292917244718,"circlet_count":0,"master_deck":["AscendersBane","Strike_B","Strike_B","Strike_B","Defend_B","Defend_B","Defend_B","Defend_B","Zap+1","Dualcast","Hello World","Go for the Eyes","Heatsinks","Cold Snap","Creative AI","Apotheosis+1","Conserve Battery","Echo Form","Ball Lightning+1","Defragment","Biased Cognition","Electrodynamics","Leap+1","Writhe"],"special_seed":0,"relics":["FrozenCore","Dead Branch","Lantern","Cables","Centennial Puzzle","Golden Idol","MutagenicStrength","PreservedInsect","Pantograph","Pocketwatch","Inserter","DataDisk","Oddly Smooth Stone","Emotion Chip"],"potions_floor_usage":[41,50],"damage_taken":[{"damage":0.0,"enemies":"Cultist","floor":1.0,"turns":3.0},{"damage":2.0,"enemies":"Jaw Worm","floor":2.0,"turns":3.0},{"damage":7.0,"enemies":"Small Slimes","floor":5.0,"turns":4.0},{"damage":27.0,"enemies":"3 Sentries","floor":7.0,"turns":9.0},{"damage":4.0,"enemies":"Lagavulin","floor":10.0,"turns":7.0},{"damage":12.0,"enemies":"Hexaghost","floor":16.0,"turns":10.0},{"damage":7.0,"enemies":"Chosen","floor":18.0,"turns":8.0},{"damage":24.0,"enemies":"3 Byrds","floor":22.0,"turns":3.0},{"damage":18.0,"enemies":"Cultist and Chosen","floor":24.0,"turns":7.0},{"damage":8.0,"enemies":"Snecko","floor":25.0,"turns":7.0},{"damage":17.0,"enemies":"Centurion and Healer","floor":30.0,"turns":5.0},{"damage":23.0,"enemies":"Shelled Parasite and Fungi","floor":31.0,"turns":6.0},{"damage":9.0,"enemies":"Collector","floor":33.0,"turns":9.0},{"damage":8.0,"enemies":"3 Darklings","floor":35.0,"turns":3.0},{"damage":4.0,"enemies":"Orb Walker","floor":37.0,"turns":5.0},{"damage":11,"enemies":"4 Shapes","floor":39,"turns":6},{"damage":47,"enemies":"Giant Head","floor":41,"turns":9},{"damage":3,"enemies":"Spire Growth","floor":44,"turns":7},{"damage":54,"enemies":"Jaw Worm Horde","floor":48,"turns":3},{"damage":8,"enemies":"Time Eater","floor":50,"turns":10}],"seed_played":"5521790734323610591","potions_obtained":[{"floor":1.0,"key":"FairyPotion"},{"floor":2.0,"key":"Swift Potion"},{"floor":18.0,"key":"Weak Potion"},{"floor":22.0,"key":"Block Potion"},{"floor":24.0,"key":"Dexterity Potion"},{"floor":35.0,"key":"Ancient Potion"}],"is_trial":false,"path_per_floor":["M","M","?","?","M","R","E","$","T","E","?","$","R","?","R","B",null,"M","?","$","?","M","R","M","M","T","$","T","R","M","M","R","B",null,"M","$","M","?","M","R","E","R","T","M","?","$","R","M","R","B",null],"character_chosen":"DEFECT","items_purchased":["Apotheosis","Lantern","Conserve Battery","PreservedInsect","Emotion Chip"],"campfire_rested":8,"item_purchase_floors":[8,8,12,20,46],"current_hp_per_floor":[64,62,62,62,55,55,28,28,28,24,13,13,13,13,32,20,53,46,46,46,46,22,41,23,15,15,15,15,34,17,6,25,41,58,50,50,46,46,35,54,7,26,26,23,36,36,55,1,20,37],"gold":49,"neow_bonus":"HUNDRED_GOLD","is_prod":false,"is_daily":false,"chose_seed":false,"campfire_upgraded":2,"win_rate":0,"timestamp":1549285911,"path_taken":["M","M","?","?","M","R","E","$","T","E","?","$","R","?","R","BOSS","M","?","$","?","?","R","M","M","T","?","?","R","M","M","R","BOSS","M","$","M","?","M","R","E","R","T","M","?","$","R","M","R","BOSS"],"build_version":"2019-01-23","purchased_purges":1,"victory":true,"max_hp_per_floor":[71,71,71,71,71,71,71,71,71,71,71,71,71,64,64,64,64,64,64,64,64,64,64,64,64,64,64,64,64,64,64,64,64,64,64,64,64,64,64,64,64,64,64,64,64,64,64,64,64,64],"card_choices":[{"not_picked":["Scrape","Barrage"],"picked":"Hello World","floor":1.0},{"not_picked":["Skim","Barrage"],"picked":"Go for the Eyes","floor":2.0},{"not_picked":["Stack","Turbo"],"picked":"Cold Snap","floor":5.0},{"not_picked":["Coolheaded","Compile Driver"],"picked":"Creative AI","floor":7.0},{"not_picked":["Amplify","Compile Driver","Turbo"],"picked":"SKIP","floor":10.0},{"not_picked":["Rainbow","Thunder Strike"],"picked":"Echo Form","floor":16.0},{"not_picked":["Leap","Steam Power"],"picked":"Ball Lightning+1","floor":18.0},{"not_picked":["Cold Snap","Darkness"],"picked":"Defragment","floor":22.0},{"not_picked":["Beam Cell","Aggregate"],"picked":"Biased Cognition","floor":24.0},{"not_picked":["Compile Driver","Steam Power","Ball Lightning"],"picked":"SKIP","floor":25.0},{"not_picked":["Gash","Rip and Tear","Tempest"],"picked":"SKIP","floor":30.0},{"not_picked":["Compile Driver","Streamline","Turbo"],"picked":"SKIP","floor":31.0},{"not_picked":["Meteor Strike","Reboot"],"picked":"Electrodynamics","floor":33.0},{"not_picked":["FTL+1","Barrage","Sunder+1"],"picked":"SKIP","floor":35.0},{"not_picked":["Beam Cell","Hologram"],"picked":"Leap+1","floor":37.0},{"not_picked":["Rebound+1","Conserve Battery","Beam Cell"],"picked":"SKIP","floor":39},{"not_picked":["Reboot","Cold Snap","Machine Learning"],"picked":"SKIP","floor":41},{"not_picked":["Cold Snap","Go for the Eyes","Streamline"],"picked":"SKIP","floor":44},{"not_picked":["Blizzard","Streamline","Capacitor"],"picked":"SKIP","floor":48}],"player_experience":182690,"relics_obtained":[{"floor":7.0,"key":"Dead Branch"},{"floor":9.0,"key":"Cables"},{"floor":10.0,"key":"Centennial Puzzle"},{"floor":26.0,"key":"Pantograph"},{"floor":28.0,"key":"Pocketwatch"},{"floor":41,"key":"DataDisk"},{"floor":43,"key":"Oddly Smooth Stone"}],"event_choices":[{"damage_healed":0.0,"max_hp_gain":0.0,"max_hp_loss":0.0,"gold_gain":150.0,"event_name":"Liars Game","player_choice":"AGREE","floor":3.0,"gold_loss":0.0,"damage_taken":0.0,"cards_obtained":["Doubt"]},{"damage_healed":0.0,"max_hp_gain":0.0,"max_hp_loss":0.0,"gold_gain":0.0,"cards_transformed":["Strike_B"],"event_name":"Living Wall","player_choice":"Change","floor":4.0,"gold_loss":0.0,"damage_taken":0.0,"cards_obtained":["Heatsinks"]},{"damage_healed":0.0,"max_hp_gain":0.0,"max_hp_loss":0.0,"gold_gain":75.0,"event_name":"World of Goop","player_choice":"Gather Gold","floor":11.0,"gold_loss":0.0,"damage_taken":11.0},{"damage_healed":0.0,"max_hp_gain":0.0,"max_hp_loss":7.0,"gold_gain":0.0,"event_name":"Golden Idol","player_choice":"Lose Max HP","floor":14.0,"gold_loss":0.0,"damage_taken":0.0,"relics_obtained":["Golden Idol"]},{"damage_healed":0.0,"max_hp_gain":0.0,"max_hp_loss":0.0,"gold_gain":0.0,"event_name":"Drug Dealer","player_choice":"Inject Mutagens","floor":19.0,"gold_loss":0.0,"damage_taken":0.0,"relics_obtained":["MutagenicStrength"]},{"damage_healed":0.0,"max_hp_gain":0.0,"max_hp_loss":0.0,"gold_gain":0.0,"event_name":"N\u0027loth","player_choice":"Ignored","floor":21.0,"gold_loss":0.0,"damage_taken":0.0},{"damage_healed":0.0,"max_hp_gain":0.0,"max_hp_loss":0.0,"gold_gain":0.0,"event_name":"Mysterious Sphere","player_choice":"Ignored","floor":38.0,"gold_loss":0.0,"damage_taken":0.0},{"damage_healed":13,"gold_gain":0,"player_choice":"Writhe","damage_taken":0,"max_hp_gain":0,"max_hp_loss":0,"event_name":"Winding Halls","floor":45,"gold_loss":0,"cards_obtained":["Writhe"]}],"is_beta":false,"boss_relics":[{"not_picked":["Coffee Dripper","Runic Dome"],"picked":"FrozenCore"},{"not_picked":["Black Star","Lizard Tail"],"picked":"Inserter"}],"items_purged_floors":[8],"is_endless":false,"potions_floor_spawned":[1,2,18,22,24,30,35,37],"ascension_level":18}