{"gold_per_floor":[114,64,64,81,100,126,146,146,146,146,156,185,61,79,79,183,183,201,215,140,150,161,161,188,188,212,212,75,87,87,87,87,87],"floor_reached":33,"playtime":3827,"items_purged":["Strike_R","Clumsy"],"score":371,"play_id":"aca336bb-722f-4948-be71-003e664ef65a","local_time":"20190222014700","is_ascension_mode":true,"campfire_choices":[{"data":"Rage","floor":8,"key":"SMITH"},{"data":"Hemokinesis","floor":10,"key":"SMITH"},{"data":"Bloodletting","floor":15,"key":"SMITH"},{"data":"True Grit","floor":23,"key":"SMITH"},{"floor":25,"key":"REST"},{"data":"Rampage","floor":30,"key":"SMITH"},{"floor":32,"key":"REST"}],"neow_cost":"NONE","seed_source_timestamp":377683495645766,"circlet_count":0,"master_deck":["Defend_R","Defend_R","Defend_R","Defend_R","Bash","Wild Strike","Twin Strike","Thunderclap","Hemokinesis+1","Warcry","Rage+1","Bloodletting+1","Uppercut","Shrug It Off","Flame Barrier","Rupture","Impervious","True Grit+1","Infernal Blade","Sentinel+1","Shrug It Off","Rampage+1","Inflame","Bite","Bite","Bite","Bite","Bite"],"relics":["Burning Blood","Ginger","Incense Burner","FossilizedHelix","Cursed Key","Orichalcum","Oddly Smooth Stone"],"potions_floor_usage":[6,12,12,21,22,24],"damage_taken":[{"damage":9,"enemies":"Jaw Worm","floor":1,"turns":3},{"damage":7,"enemies":"Small Slimes","floor":4,"turns":3},{"damage":1,"enemies":"Cultist","floor":5,"turns":3},{"damage":14,"enemies":"Gremlin Nob","floor":6,"turns":4},{"damage":5,"enemies":"3 Louse","floor":7,"turns":3},{"damage":8,"enemies":"Looter","floor":11,"turns":3},{"damage":20,"enemies":"Lagavulin","floor":12,"turns":6},{"damage":0,"enemies":"2 Fungi Beasts","floor":14,"turns":3},{"damage":28,"enemies":"Slime Boss","floor":16,"turns":8},{"damage":25,"enemies":"Shell Parasite","floor":18,"turns":6},{"damage":12,"enemies":"3 Byrds","floor":19,"turns":9},{"damage":2,"enemies":"Cultist and Chosen","floor":21,"turns":6},{"damage":12,"enemies":"Snake Plant","floor":22,"turns":4},{"damage":50,"enemies":"Book of Stabbing","floor":24,"turns":8},{"damage":9,"enemies":"Centurion and Healer","floor":29,"turns":8},{"damage":85,"enemies":"Champ","floor":33,"turns":13}],"seed_played":"3504332823235933329","potions_obtained":[{"floor":4,"key":"SpeedPotion"},{"floor":7,"key":"EssenceOfSteel"},{"floor":11,"key":"Fire Potion"},{"floor":16,"key":"Poison Potion"},{"floor":19,"key":"Regen Potion"},{"floor":21,"key":"Fruit Juice"}],"is_trial":false,"path_per_floor":["M","?","?","M","M","E","M","R","T","R","M","E","$","M","R","B",null,"M","M","$","M","M","R","E","R","T","?","$","M","R","?","R","B"],"character_chosen":"IRONCLAD","items_purchased":["Shrug It Off","Flame Barrier","Rampage"],"campfire_rested":2,"item_purchase_floors":[13,13,28],"current_hp_per_floor":[77,77,77,76,80,72,73,73,73,73,71,57,57,63,63,41,70,51,45,45,54,60,60,16,41,41,41,41,38,38,38,55,0],"gold":87,"neow_bonus":"THREE_CARDS","is_prod":false,"is_daily":false,"chose_seed":false,"campfire_upgraded":5,"win_rate":0,"timestamp":1550818020,"path_taken":["M","?","?","M","M","E","M","R","T","R","?","E","$","M","R","BOSS","M","M","$","M","M","R","E","R","T","?","$","M","R","?","R","BOSS"],"build_version":"2019-01-23","purchased_purges":2,"victory":false,"max_hp_per_floor":[80,80,80,80,80,80,80,80,80,80,80,80,80,80,80,80,80,80,80,80,85,85,85,85,85,85,85,85,85,85,59,59,59],"card_choices":[{"not_picked":["Flex","Metallicize"],"picked":"Wild Strike","floor":0},{"not_picked":["Clash","Blood for Blood"],"picked":"Twin Strike","floor":1},{"not_picked":["Metallicize","Armaments"],"picked":"Thunderclap","floor":4},{"not_picked":["Wild Strike","Thunderclap"],"picked":"Hemokinesis","floor":5},{"not_picked":["Whirlwind","Twin Strike"],"picked":"Warcry","floor":6},{"not_picked":["Sword Boomerang","Havoc"],"picked":"Rage","floor":7},{"not_picked":["Dark Embrace","Flex"],"picked":"Bloodletting","floor":11},{"not_picked":["Clothesline","Heavy Blade"],"picked":"Uppercut","floor":12},{"not_picked":["Heavy Blade","Iron Wave"],"picked":"Rupture","floor":14},{"not_picked":["Bludgeon","Exhume"],"picked":"Impervious","floor":16},{"not_picked":["Armaments","Headbutt"],"picked":"True Grit","floor":18},{"not_picked":["Body Slam+1","Sever Soul"],"picked":"Infernal Blade","floor":19},{"not_picked":["True Grit","Corruption","Sever Soul"],"picked":"SKIP","floor":21},{"not_picked":["Body Slam","True Grit"],"picked":"Sentinel+1","floor":22},{"not_picked":["Heavy Blade","Havoc+1"],"picked":"Shrug It Off","floor":24},{"not_picked":["Searing Blow","Reckless Charge"],"picked":"Inflame","floor":29}],"player_experience":273226,"relics_obtained":[{"floor":6,"key":"Ginger"},{"floor":9,"key":"Incense Burner"},{"floor":12,"key":"FossilizedHelix"},{"floor":24,"key":"Orichalcum"},{"floor":26,"key":"Oddly Smooth Stone"}],"event_choices":[{"cards_removed":["Strike_R"],"damage_healed":0,"gold_gain":0,"player_choice":"Card Removal","damage_taken":0,"max_hp_gain":0,"max_hp_loss":0,"event_name":"The Cleric","floor":2,"gold_loss":50},{"cards_removed":["Strike_R"],"damage_healed":0,"gold_gain":0,"player_choice":"Purged","damage_taken":0,"max_hp_gain":0,"max_hp_loss":0,"event_name":"Purifier","floor":3,"gold_loss":0},{"damage_healed":0,"gold_gain":0,"player_choice":"Ignored","damage_taken":0,"max_hp_gain":0,"max_hp_loss":0,"event_name":"Ghosts","floor":27,"gold_loss":0},{"damage_healed":0,"gold_gain":0,"player_choice":"Became a vampire","damage_taken":0,"max_hp_gain":0,"max_hp_loss":26,"event_name":"Vampires","floor":31,"gold_loss":0,"cards_obtained":["Bite","Bite","Bite","Bite","Bite"]}],"is_beta":false,"boss_relics":[{"not_picked":["Velvet Choker","Busted Crown"],"picked":"Cursed Key"}],"items_purged_floors":[20,28],"is_endless":false,"potions_floor_spawned":[4,7,11,16,19,21],"killed_by":"Champ","ascension_level":5}