{"gold_per_floor":[113,126,91,108,125,125,150,212,212,246,328,328,343,359,359,459,509,525,9,22,33,51,51],"floor_reached":23,"playtime":3235,"items_purged":[],"score":205,"play_id":"293ae46a-1edc-4a73-9d62-db05fe99df3e","local_time":"20190216185918","is_ascension_mode":false,"campfire_choices":[{"data":"Zap","floor":6.0,"key":"SMITH"},{"floor":12.0,"key":"REST"},{"data":"Double Energy","floor":15.0,"key":"SMITH"}],"neow_cost":"PERCENT_DAMAGE","seed_source_timestamp":2158964768661448,"circlet_count":0,"master_deck":["Strike_B","Strike_B","Strike_B","Strike_B","Defend_B","Defend_B","Defend_B","Defend_B","Zap+1","Dualcast","Sunder","Fusion+1","Leap","Redo","Self Repair","Conserve Battery","Double Energy+1","Echo Form","Rebound","Hologram","Zap+1","Melter+1","Beam Cell+1"],"special_seed":0,"relics":["Cracked Core","StoneCalendar","Smiling Mask","Anchor","Symbiotic Virus","Pantograph","Tiny House","Omamori","DollysMirror","Regal Pillow"],"potions_floor_usage":[21],"damage_taken":[{"damage":0.0,"enemies":"Cultist","floor":1.0,"turns":4.0},{"damage":5.0,"enemies":"Small Slimes","floor":2.0,"turns":3.0},{"damage":6.0,"enemies":"Jaw Worm","floor":4.0,"turns":4.0},{"damage":5.0,"enemies":"Lots of Slimes","floor":5.0,"turns":3.0},{"damage":10.0,"enemies":"Gremlin Nob","floor":7.0,"turns":4.0},{"damage":35.0,"enemies":"Lagavulin","floor":10.0,"turns":7.0},{"damage":0.0,"enemies":"Large Slime","floor":13.0,"turns":3.0},{"damage":2.0,"enemies":"2 Fungi Beasts","floor":14.0,"turns":4.0},{"damage":20.0,"enemies":"The Guardian","floor":16.0,"turns":9.0},{"damage":32,"enemies":"Chosen","floor":18,"turns":5},{"damage":10,"enemies":"2 Thieves","floor":20,"turns":3},{"damage":22,"enemies":"Shelled Parasite and Fungi","floor":21,"turns":5},{"damage":26,"enemies":"Centurion and Healer","floor":22,"turns":6},{"damage":22,"enemies":"Slavers","floor":23,"turns":2}],"seed_played":"2097045948519708528","potions_obtained":[{"floor":2.0,"key":"Weak Potion"},{"floor":4.0,"key":"Block Potion"},{"floor":13.0,"key":"FearPotion"},{"floor":14.0,"key":"Weak Potion"},{"floor":17,"key":"SpeedPotion"}],"is_trial":false,"path_per_floor":["M","M","?","M","M","R","E","?","T","E","T","R","M","M","R","B",null,"M","$","M","M","M","E"],"character_chosen":"DEFECT","items_purchased":["Hologram","Omamori","DollysMirror","Regal Pillow"],"campfire_rested":1,"item_purchase_floors":[19,19,19,19],"current_hp_per_floor":[54,49,67,61,56,56,46,46,46,11,11,33,40,45,45,57,80,55,55,52,37,18,0],"gold":51,"neow_bonus":"ONE_RARE_RELIC","is_prod":false,"is_daily":false,"chose_seed":false,"campfire_upgraded":2,"win_rate":0,"timestamp":1550361558,"path_taken":["M","M","?","M","M","R","E","?","T","E","?","R","M","M","R","BOSS","M","$","M","?","M","E"],"build_version":"2019-01-23","purchased_purges":0,"victory":false,"max_hp_per_floor":[75,75,75,75,75,75,75,75,75,75,75,75,75,75,75,75,80,80,80,80,80,80,80],"card_choices":[{"not_picked":["Barrage","Sweeping Beam"],"picked":"Sunder","floor":1.0},{"not_picked":["Streamline","Auto Shields"],"picked":"Fusion","floor":2.0},{"not_picked":["Streamline","Tempest","Sunder"],"picked":"SKIP","floor":4.0},{"not_picked":["Stack","Go for the Eyes"],"picked":"Leap","floor":5.0},{"not_picked":["Compile Driver","Biased Cognition"],"picked":"Redo","floor":7.0},{"not_picked":["Steam","Stack"],"picked":"Self Repair","floor":10.0},{"not_picked":["Steam","Sweeping Beam"],"picked":"Conserve Battery","floor":13.0},{"not_picked":["Compile Driver","Capacitor"],"picked":"Double Energy","floor":14.0},{"not_picked":["Amplify","Buffer"],"picked":"Echo Form","floor":16.0},{"not_picked":["Compile Driver+1","Steam"],"picked":"Rebound","floor":18},{"not_picked":["Reinforced Body","Sweeping Beam+1"],"picked":"Melter+1","floor":20},{"not_picked":["Rebound","Doom and Gloom"],"picked":"Beam Cell+1","floor":21},{"not_picked":["Stack","Leap","Buffer"],"picked":"SKIP","floor":22}],"player_experience":114984,"relics_obtained":[{"floor":7.0,"key":"Smiling Mask"},{"floor":9.0,"key":"Anchor"},{"floor":10.0,"key":"Symbiotic Virus"},{"floor":11.0,"key":"Pantograph"}],"event_choices":[{"damage_healed":18.0,"max_hp_gain":0.0,"max_hp_loss":0.0,"gold_gain":0.0,"event_name":"The Cleric","player_choice":"Healed","floor":3.0,"gold_loss":35.0,"damage_taken":0.0},{"damage_healed":0.0,"max_hp_gain":0.0,"max_hp_loss":0.0,"gold_gain":62.0,"event_name":"Golden Wing","player_choice":"Gained Gold","floor":8.0,"gold_loss":0.0,"damage_taken":0.0}],"is_beta":false,"boss_relics":[{"not_picked":["Runic Pyramid","Orrery"],"picked":"Tiny House"}],"items_purged_floors":[],"is_endless":false,"potions_floor_spawned":[2,4,13,14],"killed_by":"Slavers","ascension_level":0}