{"gold_per_floor":[111,121,139,139,119,144,144,172,196,229,229,254,254,266,266,361,361,378,378,74],"floor_reached":20,"playtime":1315,"items_purged":[],"score":261,"play_id":"8da47e41-e4b5-4209-bf21-37c01a87884f","local_time":"20181022015219","is_ascension_mode":true,"campfire_choices":[{"data":"Bash","floor":7,"key":"SMITH"},{"data":"Armaments","floor":15,"key":"SMITH"}],"neow_cost":"NONE","seed_source_timestamp":177964690162649,"circlet_count":0,"master_deck":["Defend_R","Defend_R","Defend_R","Bash+1","Clash","Iron Wave","Metallicize","Battle Trance","Perfected Strike","Metallicize","Armaments+1","Impatience","True Grit","Berserk","Rampage+1","Bite","Bite","Bite","Bite","Bite","Corruption","Spot Weakness"],"relics":["Burning Blood","Bird Faced Urn","Orichalcum","Potion Belt","Anchor","Dream Catcher","Smiling Mask","Philosopher\u0027s Stone","Medical Kit"],"potions_floor_usage":[6,12,12,18],"damage_taken":[{"damage":1,"enemies":"Cultist","floor":1,"turns":3},{"damage":1,"enemies":"Jaw Worm","floor":2,"turns":3},{"damage":2,"enemies":"Small Slimes","floor":3,"turns":3},{"damage":25,"enemies":"Lagavulin","floor":6,"turns":5},{"damage":12,"enemies":"Gremlin Nob","floor":8,"turns":5},{"damage":18,"enemies":"Lagavulin","floor":10,"turns":8},{"damage":0,"enemies":"3 Sentries","floor":12,"turns":5},{"damage":0,"enemies":"Red Slaver","floor":14,"turns":3},{"damage":34,"enemies":"Slime Boss","floor":16,"turns":15},{"damage":18,"enemies":"Chosen","floor":18,"turns":5}],"seed_played":"2625595544313626658","potions_obtained":[{"floor":2,"key":"Swift Potion"},{"floor":3,"key":"Explosive Potion"},{"floor":5,"key":"Poison Potion"},{"floor":6,"key":"AttackPotion"},{"floor":10,"key":"GamblersBrew"},{"floor":18,"key":"Fire Potion"}],"is_trial":false,"path_per_floor":["M","M","M","T","?","E","R","E","T","E","?","E","?","M","R","B",null,"M","?"],"character_chosen":"IRONCLAD","items_purchased":["Medical Kit","Corruption","Spot Weakness"],"campfire_rested":0,"item_purchase_floors":[20,20,20],"current_hp_per_floor":[88,88,88,88,88,69,69,65,65,55,55,65,65,75,75,51,88,76,61,61],"gold":74,"neow_bonus":"TEN_PERCENT_HP_BONUS","is_prod":false,"is_daily":false,"chose_seed":false,"campfire_upgraded":2,"win_rate":0,"timestamp":1540169539,"path_taken":["M","M","M","?","?","E","R","E","T","E","?","E","?","M","R","BOSS","M","?","?"],"build_version":"2018-10-18","purchased_purges":0,"victory":false,"max_hp_per_floor":[88,88,88,88,88,88,88,88,88,88,88,88,88,88,88,88,88,88,61,61],"card_choices":[{"not_picked":["Body Slam","Headbutt"],"picked":"Clash","floor":1},{"not_picked":["Evolve","Corruption"],"picked":"Iron Wave","floor":2},{"not_picked":["Pommel Strike","Warcry"],"picked":"Metallicize","floor":3},{"not_picked":["Rampage","Flex"],"picked":"Battle Trance","floor":6},{"not_picked":["Hemokinesis","Feel No Pain"],"picked":"Perfected Strike","floor":8},{"not_picked":["Clash","True Grit"],"picked":"Metallicize","floor":10},{"not_picked":["Iron Wave","Dark Embrace"],"picked":"Armaments","floor":12},{"not_picked":["Havoc","Reckless Charge"],"picked":"True Grit","floor":14},{"not_picked":["Double Tap","Barricade"],"picked":"Berserk","floor":16},{"not_picked":["Heavy Blade","Havoc"],"picked":"Rampage+1","floor":18}],"player_experience":92114,"relics_obtained":[{"floor":4,"key":"Bird Faced Urn"},{"floor":6,"key":"Orichalcum"},{"floor":8,"key":"Potion Belt"},{"floor":9,"key":"Anchor"},{"floor":10,"key":"Dream Catcher"},{"floor":12,"key":"Smiling Mask"}],"event_choices":[{"damage_healed":0,"gold_gain":0,"player_choice":"Bought 1 Potion","damage_taken":0,"max_hp_gain":0,"max_hp_loss":0,"event_name":"The Woman in Blue","floor":5,"gold_loss":0},{"cards_removed":["Defend_R"],"damage_healed":0,"gold_gain":0,"player_choice":"Purged","damage_taken":0,"max_hp_gain":0,"max_hp_loss":0,"event_name":"Purifier","floor":11,"gold_loss":0},{"damage_healed":0,"gold_gain":0,"player_choice":"1 cards matched","damage_taken":0,"max_hp_gain":0,"max_hp_loss":0,"event_name":"Match and Keep!","floor":13,"gold_loss":0,"cards_obtained":["Impatience"]},{"damage_healed":0,"gold_gain":0,"player_choice":"Became a vampire","damage_taken":0,"max_hp_gain":0,"max_hp_loss":27,"event_name":"Vampires","floor":19,"gold_loss":0,"cards_obtained":["Bite","Bite","Bite","Bite","Bite"]}],"is_beta":false,"boss_relics":[{"not_picked":["Snecko Eye","Lizard Tail"],"picked":"Philosopher\u0027s Stone"}],"items_purged_floors":[],"is_endless":false,"potions_floor_spawned":[2,3,6,10,18],"ascension_level":1}