{"gold_per_floor":[39,54,69,69,87,87,99,99,124,141,141,172,172,182,182,278,278,314,314,283,283,283,283,308,320,332,359,385,71,71,86,86,86],"floor_reached":33,"playtime":5745,"items_purged":["Strike_R"],"score":319,"play_id":"1b637224-d754-488c-96db-133880f9398a","local_time":"20190107030118","is_ascension_mode":false,"campfire_choices":[{"data":"Magnetism","floor":6,"key":"SMITH"},{"data":"Deep Breath","floor":11,"key":"SMITH"},{"floor":13,"key":"REST"},{"data":"Armaments","floor":15,"key":"SMITH"},{"floor":23,"key":"REST"},{"floor":25,"key":"REST"},{"floor":30,"key":"REST"},{"floor":32,"key":"REST"}],"neow_cost":"NO_GOLD","seed_source_timestamp":625583622571069,"circlet_count":0,"master_deck":["Strike_R","Strike_R","Strike_R","Defend_R","Defend_R","Defend_R","Defend_R","Bash","Magnetism+1","Deep Breath+1","Iron Wave","Sword Boomerang","Armaments+1","Feed","Rage","Armaments+1","Searing Blow","Iron Wave","Berserk+1","Warcry+1","Metallicize","Offering","Cleave","Flame Barrier","Headbutt"],"relics":["Burning Blood","Strawberry","Centennial Puzzle","Black Star","Nilry\u0027s Codex","MawBank","Bronze Scales","Dodecahedron","Bottled Tornado"],"potions_floor_usage":[10,12,16,24,28,33],"damage_taken":[{"damage":13,"enemies":"Cultist","floor":1,"turns":6},{"damage":3,"enemies":"2 Louse","floor":2,"turns":5},{"damage":3,"enemies":"Small Slimes","floor":3,"turns":3},{"damage":7,"enemies":"Exordium Thugs","floor":5,"turns":6},{"damage":10,"enemies":"Large Slime","floor":7,"turns":9},{"damage":5,"enemies":"Lots of Slimes","floor":10,"turns":6},{"damage":25,"enemies":"Gremlin Nob","floor":12,"turns":4},{"damage":3,"enemies":"2 Fungi Beasts","floor":14,"turns":7},{"damage":26,"enemies":"The Guardian","floor":16,"turns":12},{"damage":0,"enemies":"3 Byrds","floor":18,"turns":7},{"damage":30,"enemies":"2 Thieves","floor":20,"turns":5},{"damage":62,"enemies":"Slavers","floor":24,"turns":8},{"damage":19,"enemies":"Sentry and Sphere","floor":27,"turns":5},{"damage":24,"enemies":"Snake Plant","floor":28,"turns":5},{"damage":26,"enemies":"Shelled Parasite and Fungi","floor":31,"turns":7},{"damage":85,"enemies":"Collector","floor":33,"turns":16}],"seed_played":"-1941230892261839287","potions_obtained":[{"floor":3,"key":"SteroidPotion"},{"floor":5,"key":"AttackPotion"},{"floor":7,"key":"PowerPotion"},{"floor":12,"key":"Fire Potion"},{"floor":27,"key":"Weak Potion"},{"floor":28,"key":"SteroidPotion"},{"floor":31,"key":"Block Potion"}],"is_trial":false,"path_per_floor":["M","M","M","?","M","R","M","?","T","M","R","E","R","M","R","B",null,"M","?","M","?","?","R","E","R","T","M","M","$","R","M","R","B"],"character_chosen":"IRONCLAD","items_purchased":["Bottled Tornado"],"campfire_rested":5,"item_purchase_floors":[29],"current_hp_per_floor":[73,76,79,72,71,71,71,71,78,83,83,64,92,99,99,79,99,99,99,79,58,42,74,22,55,55,45,27,27,61,44,79,0],"gold":86,"neow_bonus":"RANDOM_COLORLESS_2","is_prod":false,"is_daily":false,"chose_seed":false,"campfire_upgraded":3,"win_rate":0,"timestamp":1546858878,"path_taken":["M","M","?","?","M","R","M","?","T","M","R","E","R","?","R","BOSS","M","?","?","?","?","R","E","R","T","M","M","$","R","M","R","BOSS"],"build_version":"2019-01-03v4","purchased_purges":1,"victory":false,"max_hp_per_floor":[80,80,80,80,80,80,84,84,91,95,95,95,95,99,99,99,99,99,99,103,108,108,108,112,112,112,115,115,115,115,118,118,118],"card_choices":[{"not_picked":["Rampage","Heavy Blade"],"picked":"Iron Wave","floor":1},{"not_picked":["Clothesline","Corruption"],"picked":"Sword Boomerang","floor":2},{"not_picked":["Thunderclap","Disarm"],"picked":"Armaments","floor":3},{"not_picked":["Flex","Body Slam"],"picked":"Feed","floor":5},{"not_picked":["Sword Boomerang","Thunderclap"],"picked":"Rage","floor":7},{"not_picked":["Clash","Warcry"],"picked":"Armaments","floor":10},{"not_picked":["Barricade","True Grit"],"picked":"Searing Blow","floor":12},{"not_picked":["Burning Pact","Body Slam"],"picked":"Iron Wave","floor":14},{"not_picked":["Double Tap","Fiend Fire"],"picked":"Berserk","floor":16},{"not_picked":["True Grit","Combust"],"picked":"Warcry+1","floor":18},{"not_picked":["Clothesline","Sword Boomerang"],"picked":"Metallicize","floor":20},{"not_picked":["Feel No Pain+1","Burning Pact"],"picked":"Offering","floor":24},{"not_picked":["Twin Strike+1","Body Slam"],"picked":"Cleave","floor":27},{"not_picked":["Bloodletting","Clash"],"picked":"Flame Barrier","floor":28},{"not_picked":["Impervious","Heavy Blade"],"picked":"Headbutt","floor":31}],"player_experience":18912,"relics_obtained":[{"floor":9,"key":"Strawberry"},{"floor":12,"key":"Centennial Puzzle"},{"floor":22,"key":"Nilry\u0027s Codex"},{"floor":24,"key":"MawBank"},{"floor":24,"key":"Bronze Scales"},{"floor":26,"key":"Dodecahedron"}],"event_choices":[{"cards_removed":["Strike_R"],"damage_healed":0,"gold_gain":0,"player_choice":"Card Removal","damage_taken":7,"max_hp_gain":0,"max_hp_loss":0,"event_name":"Golden Wing","floor":4,"gold_loss":0},{"damage_healed":0,"gold_gain":0,"player_choice":"Upgraded","damage_taken":0,"max_hp_gain":0,"max_hp_loss":0,"event_name":"Upgrade Shrine","floor":8,"gold_loss":0,"cards_upgraded":["Armaments"]},{"damage_healed":0,"gold_gain":0,"player_choice":"Forge","damage_taken":0,"max_hp_gain":0,"max_hp_loss":0,"event_name":"Accursed Blacksmith","floor":19,"gold_loss":0,"cards_upgraded":["Berserk"]},{"damage_healed":0,"gold_gain":0,"player_choice":"Shed Blood","damage_taken":26,"max_hp_gain":5,"max_hp_loss":0,"event_name":"Forgotten Altar","floor":21,"gold_loss":0},{"damage_healed":0,"gold_gain":0,"player_choice":"Obtained Book","damage_taken":16,"max_hp_gain":0,"max_hp_loss":0,"event_name":"Cursed Tome","floor":22,"gold_loss":0}],"is_beta":false,"boss_relics":[{"not_picked":["Coffee Dripper","Lizard Tail"],"picked":"Black Star"}],"items_purged_floors":[29],"is_endless":false,"potions_floor_spawned":[3,5,7,12,27,28,31],"killed_by":"Collector","ascension_level":0}