{"gold_per_floor":[114,128,140,153,103,134,152,165,165,165,200,200,300,318,318,419,419,402,254,281,380,380,380,392,405,405,421,421,435,451,464,464,566,566,577,799,815,829,849,849,949,859,859,873,883,883,386,386,386,386,386,386,186,216,216],"floor_reached":55,"playtime":5136,"items_purged":["Strike_G","Parasite","Strike_G"],"score":685,"play_id":"c904ff9c-b93c-46b8-9fc3-c21e244efb35","local_time":"20190216173713","is_ascension_mode":false,"campfire_choices":[{"floor":10,"key":"REST"},{"floor":12,"key":"REST"},{"floor":15,"key":"RECALL"},{"floor":23,"key":"REST"},{"data":"Caltrops","floor":28,"key":"SMITH"},{"floor":32,"key":"REST"},{"floor":40,"key":"REST"},{"floor":46,"key":"REST"},{"data":"Flechettes","floor":49,"key":"SMITH"},{"floor":52,"key":"DIG"}],"neow_cost":"NONE","seed_source_timestamp":966174838643967,"circlet_count":0,"master_deck":["Defend_G","Defend_G","Defend_G","Defend_G","Defend_G","Survivor","Neutralize","Flechettes+1","Deflect","Caltrops+1","Terror+1","Adrenaline","Malaise","Burst","Dagger Throw+1","Footwork","Die Die Die","PiercingWail+1","Escape Plan","Tools of the Trade","Heel Hook+1","Acrobatics+1","Footwork","Malaise","Prepared","Secret Weapon","Footwork+1"],"relics":["Ring of the Snake","Ice Cream","Regal Pillow","Runic Pyramid","Red Mask","Question Card","Singing Bowl","Lizard Tail","Shovel","Ornamental Fan","Membership Card","Mercury Hourglass","Pear","Sling","Sundial"],"potions_floor_usage":[11,11,16,33,41,44,54,55,55,55],"damage_taken":[{"damage":2,"enemies":"Cultist","floor":1,"turns":4},{"damage":0,"enemies":"2 Louse","floor":2,"turns":2},{"damage":1,"enemies":"Jaw Worm","floor":3,"turns":5},{"damage":6,"enemies":"Lots of Slimes","floor":4,"turns":4},{"damage":36,"enemies":"Gremlin Nob","floor":6,"turns":4},{"damage":2,"enemies":"Looter","floor":7,"turns":3},{"damage":0,"enemies":"3 Louse","floor":8,"turns":3},{"damage":22,"enemies":"Lagavulin","floor":11,"turns":8},{"damage":1,"enemies":"2 Fungi Beasts","floor":14,"turns":4},{"damage":22,"enemies":"The Guardian","floor":16,"turns":15},{"damage":18,"enemies":"2 Thieves","floor":18,"turns":4},{"damage":24,"enemies":"Masked Bandits","floor":20,"turns":6},{"damage":0,"enemies":"Chosen","floor":24,"turns":5},{"damage":4,"enemies":"3 Cultists","floor":25,"turns":5},{"damage":16,"enemies":"Sentry and Sphere","floor":27,"turns":6},{"damage":0,"enemies":"Snake Plant","floor":29,"turns":3},{"damage":12,"enemies":"Centurion and Healer","floor":30,"turns":6},{"damage":6,"enemies":"Sentry and Sphere","floor":31,"turns":6},{"damage":24,"enemies":"Collector","floor":33,"turns":14},{"damage":8,"enemies":"Orb Walker","floor":35,"turns":5},{"damage":6,"enemies":"3 Shapes","floor":37,"turns":9},{"damage":11,"enemies":"Maw","floor":38,"turns":9},{"damage":39,"enemies":"4 Shapes","floor":39,"turns":11},{"damage":0,"enemies":"Mind Bloom Boss Battle","floor":41,"turns":9},{"damage":0,"enemies":"Writhing Mass","floor":44,"turns":10},{"damage":40,"enemies":"Sphere and 2 Shapes","floor":45,"turns":10},{"damage":22,"enemies":"Time Eater","floor":50,"turns":18},{"damage":39,"enemies":"Shield and Spear","floor":54,"turns":14},{"damage":118,"enemies":"The Heart","floor":55,"turns":15}],"seed_played":"944186868735443219","potions_obtained":[{"floor":1,"key":"EssenceOfSteel"},{"floor":3,"key":"Regen Potion"},{"floor":11,"key":"SteroidPotion"},{"floor":14,"key":"Energy Potion"},{"floor":20,"key":"Strength Potion"},{"floor":25,"key":"Strength Potion"},{"floor":30,"key":"FearPotion"},{"floor":31,"key":"Weak Potion"},{"floor":38,"key":"Ancient Potion"},{"floor":41,"key":"GhostInAJar"},{"floor":54,"key":"SteroidPotion"}],"is_trial":false,"path_per_floor":["M","M","M","M","?","E","M","M","T","R","E","R","?","M","R","B",null,"M","$","?","?","T","R","M","M","T","M","R","M","M","M","R","B",null,"M","?","M","M","M","R","?","?","T","M","M","R","$","?","R","B",null,"R","$","E","B"],"character_chosen":"THE_SILENT","items_purchased":["Footwork","Membership Card","Prepared","Mercury Hourglass","SkillPotion","Secret Weapon","Sling","EssenceOfSteel"],"campfire_rested":6,"item_purchase_floors":[19,47,47,47,47,47,53,53],"current_hp_per_floor":[75,75,74,68,68,32,30,30,30,53,43,77,77,76,76,54,77,59,59,35,35,35,73,73,69,69,55,55,55,45,41,80,56,83,75,75,69,60,23,64,64,64,64,66,26,67,67,67,67,45,86,96,96,57,0],"gold":216,"neow_bonus":"TEN_PERCENT_HP_BONUS","is_prod":false,"is_daily":false,"chose_seed":false,"campfire_upgraded":2,"win_rate":0,"timestamp":1550356633,"path_taken":["M","M","M","M","?","E","M","M","T","R","E","R","?","M","R","BOSS","M","$","?","?","?","R","?","M","T","M","R","M","M","M","R","BOSS","M","?","M","M","M","R","?","?","T","?","M","R","$","?","R","BOSS","R","$","E","BOSS"],"build_version":"2019-01-23","purchased_purges":3,"victory":false,"max_hp_per_floor":[77,77,77,77,77,77,77,77,77,77,77,77,77,77,77,77,77,77,77,77,77,77,77,77,77,77,79,79,79,81,83,83,83,83,83,83,83,85,87,87,87,87,87,89,89,89,86,86,86,86,86,96,96,96,96],"card_choices":[{"not_picked":["Finisher","Backflip"],"picked":"Flechettes","floor":1},{"not_picked":["Slice","Sucker Punch"],"picked":"Deflect","floor":2},{"not_picked":["Dagger Throw","Finisher"],"picked":"Caltrops","floor":3},{"not_picked":["Dagger Spray","Backflip"],"picked":"Terror","floor":4},{"not_picked":["Night Terror","Heel Hook"],"picked":"Adrenaline","floor":6},{"not_picked":["Blade Dance","Deadly Poison","Outmaneuver"],"picked":"SKIP","floor":7},{"not_picked":["Bane","Deadly Poison","Flying Knee"],"picked":"SKIP","floor":8},{"not_picked":["Backstab","Outmaneuver"],"picked":"Malaise","floor":11},{"not_picked":["Terror","Setup","Deflect"],"picked":"SKIP","floor":14},{"not_picked":["Adrenaline","Grand Finale"],"picked":"Burst","floor":16},{"not_picked":["Dagger Spray+1","Poisoned Stab"],"picked":"Dagger Throw+1","floor":18},{"not_picked":["Outmaneuver","Underhanded Strike","Prepared+1"],"picked":"Die Die Die","floor":24},{"not_picked":["Choke","Slice","Underhanded Strike"],"picked":"PiercingWail+1","floor":25},{"not_picked":["Poisoned Stab","Prepared+1","Catalyst","Dash"],"picked":"Singing Bowl","floor":27},{"not_picked":["Prepared","Acrobatics","Crippling Poison"],"picked":"Escape Plan","floor":29},{"not_picked":["Underhanded Strike","Predator","PiercingWail","Deflect"],"picked":"Singing Bowl","floor":30},{"not_picked":["Eviscerate","Dagger Spray+1","Cloak And Dagger","Sucker Punch"],"picked":"Singing Bowl","floor":31},{"not_picked":["Venomology","Doppelganger","Die Die Die"],"picked":"Tools of the Trade","floor":33},{"not_picked":["Dagger Spray+1","Bouncing Flask","Caltrops"],"picked":"Heel Hook+1","floor":35},{"not_picked":["Underhanded Strike+1","Footwork","Bouncing Flask+1"],"picked":"Acrobatics+1","floor":37},{"not_picked":["Blade Dance","Reflex","Finisher+1","Bane"],"picked":"Singing Bowl","floor":38},{"not_picked":["Expertise+1","Heel Hook","Prepared","Dagger Throw"],"picked":"Singing Bowl","floor":39},{"not_picked":["Underhanded Strike+1","Bane","Sucker Punch+1"],"picked":"Footwork","floor":41},{"not_picked":["Deadly Poison+1","Underhanded Strike","Outmaneuver","Quick Slash"],"picked":"Singing Bowl","floor":44},{"not_picked":["Poisoned Stab","Deflect+1","Underhanded Strike+1"],"picked":"Malaise","floor":45},{"not_picked":["Poisoned Stab","Predator+1","Dagger Throw"],"picked":"Footwork+1","floor":54}],"player_experience":169567,"relics_obtained":[{"floor":6,"key":"Ice Cream"},{"floor":11,"key":"Regal Pillow"},{"floor":20,"key":"Red Mask"},{"floor":22,"key":"Question Card"},{"floor":26,"key":"Singing Bowl"},{"floor":41,"key":"Shovel"},{"floor":43,"key":"Ornamental Fan"},{"floor":52,"key":"Pear"},{"floor":54,"key":"Sundial"}],"event_choices":[{"cards_removed":["Strike_G"],"damage_healed":0,"gold_gain":0,"player_choice":"Card Removal","damage_taken":0,"max_hp_gain":0,"max_hp_loss":0,"event_name":"The Cleric","floor":5,"gold_loss":50},{"damage_healed":0,"gold_gain":100,"player_choice":"Pray","damage_taken":0,"max_hp_gain":0,"max_hp_loss":0,"event_name":"Golden Shrine","floor":13,"gold_loss":0},{"damage_healed":0,"gold_gain":0,"player_choice":"Fought Bandits","damage_taken":0,"max_hp_gain":0,"max_hp_loss":0,"event_name":"Masked Bandits","floor":20,"gold_loss":0},{"damage_healed":0,"gold_gain":99,"player_choice":"Stole From Cult","damage_taken":0,"max_hp_gain":0,"max_hp_loss":0,"event_name":"Nest","floor":21,"gold_loss":0},{"damage_healed":0,"gold_gain":222,"player_choice":"Wore Mask","damage_taken":0,"max_hp_gain":0,"max_hp_loss":0,"event_name":"Tomb of Lord Red Mask","floor":36,"gold_loss":0},{"damage_healed":0,"gold_gain":0,"player_choice":"Fight","damage_taken":0,"max_hp_gain":0,"max_hp_loss":0,"event_name":"MindBloom","floor":41,"gold_loss":0},{"cards_removed":["Strike_G"],"damage_healed":0,"gold_gain":0,"player_choice":"Upgrade and Remove","damage_taken":0,"max_hp_gain":0,"max_hp_loss":0,"event_name":"Designer","floor":42,"gold_loss":90,"cards_upgraded":["Terror"]},{"cards_removed":["Strike_G"],"damage_healed":0,"gold_gain":0,"player_choice":"Purged","damage_taken":0,"max_hp_gain":0,"max_hp_loss":0,"event_name":"Purifier","floor":48,"gold_loss":0}],"is_beta":false,"boss_relics":[{"not_picked":["Ring of the Serpent","Eternal Feather"],"picked":"Runic Pyramid"},{"not_picked":["Snecko Eye","Velvet Choker"],"picked":"Lizard Tail"}],"items_purged_floors":[19,47,53],"is_endless":false,"potions_floor_spawned":[1,3,11,14,20,25,30,31,38,41,54],"killed_by":"The Heart","ascension_level":0}