{"gold_per_floor":[116,45,220,220,220,248,248,278,278,294,319,350,350,366,366,470,470,486,486,501,501,511,546,546,575,601,634,653,653,681,709,709,804,804,820,920,920,1142,1158,1186,1186,1221,1221,1234,1268,1286,1302,1657,1657,1657],"floor_reached":51,"playtime":4247,"items_purged":[],"score":1469,"play_id":"30997990-2fdf-4c81-9d63-b910228fb299","local_time":"20190220010551","is_ascension_mode":true,"campfire_choices":[{"data":"Inflame","floor":7.0,"key":"SMITH"},{"data":"Bash","floor":13.0,"key":"SMITH"},{"data":"Pommel Strike","floor":15.0,"key":"SMITH"},{"data":"Demon Form","floor":24.0,"key":"SMITH"},{"data":"Heavy Blade","floor":29.0,"key":"SMITH"},{"data":"Flex","floor":32.0,"key":"SMITH"},{"floor":41.0,"key":"RECALL"},{"floor":49.0,"key":"REST"}],"neow_cost":"NONE","seed_source_timestamp":364838736316125,"circlet_count":0,"master_deck":["AscendersBane","Strike_R","Strike_R","Strike_R","Strike_R","Strike_R","Defend_R","Defend_R","Defend_R","Bash+1","Shrug It Off","Inflame+1","Heavy Blade+1","Pommel Strike+1","Clothesline+1","Whirlwind+1","Sword Boomerang+1","Demon Form+1","Cleave+1","Seeing Red+1","Ghostly","Ghostly","Ghostly","Ghostly","Ghostly","Sword Boomerang+1","Dropkick+1","Flex+1","Metallicize+1","Reaper+1","Armaments+1","Feed+1","Heavy Blade+1","Shrug It Off","Warcry+1","Thunderclap+1"],"special_seed":0,"relics":["Black Blood","NeowsBlessing","Champion Belt","Bag of Preparation","Molten Egg 2","Pen Nib","Vajra","Incense Burner","Letter Opener","Juzu Bracelet","Ice Cream","Oddly Smooth Stone","Red Mask","Fusion Hammer","Du-Vu Doll","PreservedInsect","Paper Frog","Mango","Self Forming Clay","Old Coin"],"potions_floor_usage":[50],"damage_taken":[{"damage":0.0,"enemies":"Small Slimes","floor":1.0,"turns":1.0},{"damage":0.0,"enemies":"3 Sentries","floor":6.0,"turns":2.0},{"damage":0.0,"enemies":"Gremlin Nob","floor":8.0,"turns":1.0},{"damage":9.0,"enemies":"2 Louse","floor":10.0,"turns":3.0},{"damage":25.0,"enemies":"Lagavulin","floor":12.0,"turns":8.0},{"damage":9.0,"enemies":"Jaw Worm","floor":14.0,"turns":3.0},{"damage":0.0,"enemies":"Slime Boss","floor":16.0,"turns":3.0},{"damage":25.0,"enemies":"Shell Parasite","floor":18.0,"turns":4.0},{"damage":0.0,"enemies":"3 Byrds","floor":20.0,"turns":2.0},{"damage":2.0,"enemies":"Cultist and Chosen","floor":22.0,"turns":3.0},{"damage":7.0,"enemies":"Slavers","floor":23.0,"turns":6.0},{"damage":9.0,"enemies":"Gremlin Leader","floor":25.0,"turns":6.0},{"damage":9.0,"enemies":"Book of Stabbing","floor":27.0,"turns":6.0},{"damage":21.0,"enemies":"Centurion and Healer","floor":28.0,"turns":4.0},{"damage":0.0,"enemies":"Gremlin Leader","floor":30.0,"turns":4.0},{"damage":2.0,"enemies":"Masked Bandits","floor":31.0,"turns":3.0},{"damage":33.0,"enemies":"Automaton","floor":33.0,"turns":9.0},{"damage":4.0,"enemies":"3 Darklings","floor":35.0,"turns":6.0},{"damage":2.0,"enemies":"Mind Bloom Boss Battle","floor":36.0,"turns":5.0},{"damage":4.0,"enemies":"3 Shapes","floor":39.0,"turns":2.0},{"damage":3.0,"enemies":"Reptomancer","floor":40.0,"turns":5.0},{"damage":6.0,"enemies":"Nemesis","floor":42.0,"turns":5.0},{"damage":13.0,"enemies":"Sphere and 2 Shapes","floor":44.0,"turns":3.0},{"damage":2.0,"enemies":"Giant Head","floor":45.0,"turns":5.0},{"damage":0.0,"enemies":"Maw","floor":46.0,"turns":5.0},{"damage":5.0,"enemies":"3 Darklings","floor":47.0,"turns":4.0},{"damage":10.0,"enemies":"2 Orb Walkers","floor":48.0,"turns":5.0},{"damage":19,"enemies":"Donu and Deca","floor":50,"turns":8}],"seed_played":"6524134361289636372","potions_obtained":[{"floor":6.0,"key":"Swift Potion"},{"floor":8.0,"key":"Block Potion"},{"floor":16.0,"key":"FearPotion"},{"floor":23.0,"key":"Explosive Potion"},{"floor":25.0,"key":"Weak Potion"},{"floor":27.0,"key":"SpeedPotion"},{"floor":30.0,"key":"SpeedPotion"},{"floor":31.0,"key":"GamblersBrew"},{"floor":35.0,"key":"Regen Potion"},{"floor":40.0,"key":"SkillPotion"},{"floor":42.0,"key":"AttackPotion"},{"floor":46.0,"key":"GamblersBrew"}],"is_trial":false,"path_per_floor":["M","$","?","?","?","E","R","E","T","M","T","E","R","M","R","B",null,"M","?","M","?","M","E","R","E","T","E","M","R","E","?","R","B",null,"M","?","?","?","M","E","R","E","T","M","E","M","M","?","R","B",null],"character_chosen":"IRONCLAD","items_purchased":["Inflame"],"campfire_rested":1,"item_purchase_floors":[2],"current_hp_per_floor":[78,78,78,83,76,82,82,85,85,82,82,63,63,60,60,66,80,65,49,59,45,45,45,45,45,45,45,34,34,44,45,45,22,39,45,45,45,45,49,49,49,53,67,64,71,75,75,79,79,70],"gold":1657,"neow_bonus":"THREE_ENEMY_KILL","is_prod":false,"is_daily":false,"chose_seed":false,"campfire_upgraded":6,"win_rate":0,"timestamp":1550653551,"path_taken":["M","$","?","?","?","E","R","E","T","?","?","E","R","?","R","BOSS","M","?","M","?","M","E","R","E","T","E","M","R","E","?","R","BOSS","M","?","?","?","M","E","R","E","T","M","E","M","M","?","R","BOSS"],"build_version":"2019-01-23","purchased_purges":0,"victory":true,"max_hp_per_floor":[80,80,80,85,85,85,85,85,85,85,85,85,85,85,85,85,85,85,90,90,45,45,45,45,45,45,45,45,45,45,45,45,45,45,45,45,45,45,49,49,49,53,67,67,71,75,75,79,79,79],"card_choices":[{"not_picked":["Perfected Strike","Whirlwind"],"picked":"Shrug It Off","floor":1.0},{"not_picked":["Iron Wave","Cleave"],"picked":"Heavy Blade","floor":6.0},{"not_picked":["Shrug It Off","Dropkick"],"picked":"Pommel Strike","floor":8.0},{"not_picked":["Fire Breathing","Burning Pact"],"picked":"Clothesline+1","floor":10.0},{"not_picked":["Blood for Blood+1","Immolate+1"],"picked":"Whirlwind+1","floor":12.0},{"not_picked":["Shrug It Off","Seeing Red"],"picked":"Sword Boomerang+1","floor":14.0},{"not_picked":["Barricade","Limit Break"],"picked":"Demon Form","floor":16.0},{"not_picked":["Body Slam+1","Headbutt+1"],"picked":"Cleave+1","floor":18.0},{"not_picked":["Cleave+1","Wild Strike+1"],"picked":"Seeing Red+1","floor":20.0},{"not_picked":["Fire Breathing","Clash+1","Evolve"],"picked":"SKIP","floor":22.0},{"not_picked":["Iron Wave+1","Seeing Red+1"],"picked":"Sword Boomerang+1","floor":23.0},{"not_picked":["Shockwave","Evolve"],"picked":"Dropkick+1","floor":25.0},{"not_picked":["Twin Strike+1","Iron Wave+1"],"picked":"Flex","floor":27.0},{"not_picked":["Body Slam+1","Rage+1"],"picked":"Metallicize+1","floor":28.0},{"not_picked":["Armaments+1","Wild Strike+1"],"picked":"Reaper+1","floor":30.0},{"not_picked":["Power Through","Clash+1"],"picked":"Armaments+1","floor":31.0},{"not_picked":["Offering","Impervious"],"picked":"Feed+1","floor":33.0},{"not_picked":["Cleave+1","Rupture+1"],"picked":"Heavy Blade+1","floor":35.0},{"not_picked":["Pummel+1","Fire Breathing+1"],"picked":"Shrug It Off","floor":39.0},{"not_picked":["Feel No Pain","Cleave+1","Sword Boomerang+1"],"picked":"SKIP","floor":40.0},{"not_picked":["Havoc+1","Flex+1","Iron Wave+1"],"picked":"SKIP","floor":42.0},{"not_picked":["Sword Boomerang+1","Clash+1","Reckless Charge+1"],"picked":"SKIP","floor":44.0},{"not_picked":["Iron Wave+1","Hemokinesis+1"],"picked":"Warcry+1","floor":45.0},{"not_picked":["Uppercut+1","Clash+1"],"picked":"Thunderclap+1","floor":46.0},{"not_picked":["Barricade","Iron Wave+1","Heavy Blade+1"],"picked":"SKIP","floor":47.0}],"player_experience":447193,"relics_obtained":[{"floor":6.0,"key":"Champion Belt"},{"floor":8.0,"key":"Bag of Preparation"},{"floor":9.0,"key":"Molten Egg 2"},{"floor":11.0,"key":"Pen Nib"},{"floor":12.0,"key":"Vajra"},{"floor":23.0,"key":"Incense Burner"},{"floor":25.0,"key":"Letter Opener"},{"floor":26.0,"key":"Juzu Bracelet"},{"floor":27.0,"key":"Ice Cream"},{"floor":30.0,"key":"Oddly Smooth Stone"},{"floor":31.0,"key":"Red Mask"},{"floor":36.0,"key":"Du-Vu Doll"},{"floor":40.0,"key":"PreservedInsect"},{"floor":42.0,"key":"Paper Frog"},{"floor":43.0,"key":"Mango"},{"floor":45.0,"key":"Self Forming Clay"},{"floor":48.0,"key":"Old Coin"}],"event_choices":[{"damage_healed":0.0,"max_hp_gain":0.0,"max_hp_loss":0.0,"gold_gain":175.0,"event_name":"Liars Game","player_choice":"AGREE","floor":3.0,"gold_loss":0.0,"damage_taken":0.0,"cards_obtained":["Doubt"]},{"damage_healed":0.0,"max_hp_gain":5.0,"max_hp_loss":0.0,"gold_gain":0.0,"event_name":"Big Fish","player_choice":"Donut","floor":4.0,"gold_loss":0.0,"damage_taken":0.0},{"cards_removed":["Doubt"],"damage_healed":0.0,"max_hp_gain":0.0,"max_hp_loss":0.0,"gold_gain":0.0,"event_name":"Golden Wing","player_choice":"Card Removal","floor":5.0,"gold_loss":0.0,"damage_taken":7.0},{"damage_healed":0.0,"max_hp_gain":5.0,"max_hp_loss":0.0,"gold_gain":0.0,"event_name":"Forgotten Altar","player_choice":"Shed Blood","floor":19.0,"gold_loss":0.0,"damage_taken":21.0},{"damage_healed":0.0,"max_hp_gain":0.0,"max_hp_loss":45.0,"gold_gain":0.0,"event_name":"Ghosts","player_choice":"Became a Ghost","floor":21.0,"gold_loss":0.0,"damage_taken":0.0,"cards_obtained":["Ghostly","Ghostly","Ghostly","Ghostly","Ghostly"]},{"damage_healed":0.0,"max_hp_gain":0.0,"max_hp_loss":0.0,"gold_gain":0.0,"event_name":"Masked Bandits","player_choice":"Fought Bandits","floor":31.0,"gold_loss":0.0,"damage_taken":0.0},{"damage_healed":0.0,"max_hp_gain":0.0,"max_hp_loss":0.0,"gold_gain":0.0,"event_name":"MindBloom","player_choice":"Fight","floor":36.0,"gold_loss":0.0,"damage_taken":0.0},{"cards_removed":["Defend_R"],"damage_healed":0.0,"max_hp_gain":0.0,"max_hp_loss":0.0,"gold_gain":0.0,"event_name":"Falling","player_choice":"Removed Skill","floor":37.0,"gold_loss":0.0,"damage_taken":0.0},{"damage_healed":0.0,"max_hp_gain":0.0,"max_hp_loss":0.0,"gold_gain":222.0,"event_name":"Tomb of Lord Red Mask","player_choice":"Wore Mask","floor":38.0,"gold_loss":0.0,"damage_taken":0.0},{"damage_healed":0.0,"max_hp_gain":0.0,"max_hp_loss":0.0,"gold_gain":0.0,"event_name":"Mysterious Sphere","player_choice":"Fight","floor":48.0,"gold_loss":0.0,"damage_taken":0.0}],"is_beta":false,"boss_relics":[{"not_picked":["Velvet Choker","Mark of Pain"],"picked":"Black Blood"},{"not_picked":["Calling Bell","White Beast Statue"],"picked":"Fusion Hammer"}],"items_purged_floors":[],"is_endless":false,"potions_floor_spawned":[6,8,16,23,25,27,30,31,35,40,42,46],"ascension_level":10}