{"gold_per_floor":[109,119,136,156,69,69,100,100,125,125,153,153,113,113,113,113],"floor_reached":16,"playtime":608,"items_purged":[],"score":200,"play_id":"338c16de-dedd-4eab-8d99-c6e308f834be","local_time":"20190226131404","is_ascension_mode":true,"campfire_choices":[{"data":"Footwork","floor":6,"key":"SMITH"},{"floor":8,"key":"REST"},{"data":"Caltrops","floor":15,"key":"SMITH"}],"neow_cost":"NONE","seed_source_timestamp":1192945048341504,"circlet_count":0,"master_deck":["AscendersBane","Defend_G","Defend_G","Defend_G","Defend_G","Defend_G","Strike_G","Strike_G","Strike_G","Survivor","Neutralize","Poisoned Stab","Cloak And Dagger","Footwork+1","Calculated Gamble","Caltrops+1","Well Laid Plans"],"relics":["Ring of the Snake","Potion Belt","Lantern","Dream Catcher"],"potions_floor_usage":[0,1,4,7],"damage_taken":[{"damage":0,"enemies":"Cultist","floor":1,"turns":4},{"damage":3,"enemies":"2 Louse","floor":2,"turns":3},{"damage":3,"enemies":"Jaw Worm","floor":3,"turns":5},{"damage":0,"enemies":"3 Louse","floor":4,"turns":1},{"damage":30,"enemies":"Gremlin Nob","floor":7,"turns":5},{"damage":26,"enemies":"3 Sentries","floor":11,"turns":13},{"damage":0,"enemies":"Looter","floor":13,"turns":4},{"damage":51,"enemies":"Hexaghost","floor":16,"turns":14}],"seed_played":"-7936787002333716975","potions_obtained":[{"floor":0,"key":"Fruit Juice"},{"floor":0,"key":"SkillPotion"},{"floor":0,"key":"SkillPotion"},{"floor":1,"key":"Explosive Potion"},{"floor":4,"key":"Ancient Potion"}],"is_trial":false,"path_per_floor":["M","M","M","M","$","R","E","R","T","?","E","?","M","?","R","B"],"character_chosen":"THE_SILENT","items_purchased":["Caltrops"],"campfire_rested":1,"item_purchase_floors":[5],"current_hp_per_floor":[64,61,58,58,58,58,28,49,49,49,23,23,23,46,46,0],"gold":113,"neow_bonus":"THREE_SMALL_POTIONS","is_prod":false,"is_daily":false,"chose_seed":false,"campfire_upgraded":2,"win_rate":0,"timestamp":1551215644,"path_taken":["M","M","M","M","$","R","E","R","T","?","E","?","?","?","R","BOSS"],"build_version":"2019-01-23","purchased_purges":0,"victory":false,"max_hp_per_floor":[71,71,71,71,71,71,71,71,71,71,71,71,71,71,71,71],"card_choices":[{"not_picked":["Prepared","Reflex"],"picked":"Poisoned Stab","floor":1},{"not_picked":["Backflip","Prepared"],"picked":"Cloak And Dagger","floor":2},{"not_picked":["Concentrate","Blade Dance"],"picked":"Footwork","floor":3},{"not_picked":["Endless Agony","Terror"],"picked":"Calculated Gamble","floor":4},{"not_picked":["Accuracy","Bane","Underhanded Strike"],"picked":"SKIP","floor":7},{"not_picked":["Riddle With Holes","Finisher","Infinite Blades"],"picked":"SKIP","floor":11},{"not_picked":["Masterful Stab","PiercingWail"],"picked":"Well Laid Plans","floor":13}],"player_experience":254153,"relics_obtained":[{"floor":7,"key":"Potion Belt"},{"floor":9,"key":"Lantern"},{"floor":11,"key":"Dream Catcher"}],"event_choices":[{"cards_removed":["Strike_G"],"damage_healed":0,"gold_gain":0,"player_choice":"Forget","damage_taken":0,"max_hp_gain":0,"max_hp_loss":0,"event_name":"Living Wall","floor":10,"gold_loss":0},{"cards_removed":["Strike_G"],"damage_healed":0,"gold_gain":0,"player_choice":"Purged","damage_taken":0,"max_hp_gain":0,"max_hp_loss":0,"event_name":"Purifier","floor":12,"gold_loss":0},{"damage_healed":23,"gold_gain":0,"player_choice":"Banana","damage_taken":0,"max_hp_gain":0,"max_hp_loss":0,"event_name":"Big Fish","floor":14,"gold_loss":0}],"is_beta":false,"boss_relics":[],"items_purged_floors":[],"is_endless":false,"potions_floor_spawned":[1,2,4],"killed_by":"Hexaghost","ascension_level":17}