{"gold_per_floor":[114,289,57,57,77,111,111,143,143,175,191,224,224,80,80,182,182,200,57,57,57,72,72,89,108,133,33,33,43,77,77,77,179,179,192,192,209,209,227,258,258,290,340,357,357,372,37,51,51,51,51,51,0,31,31],"floor_reached":55,"playtime":5520,"items_purged":["Doubt","Strike_G"],"score":823,"play_id":"8b3b04a0-f580-4786-a8c9-b2eba2bc3218","local_time":"20190112144420","is_ascension_mode":true,"campfire_choices":[{"data":"Poisoned Stab","floor":7,"key":"SMITH"},{"floor":15,"key":"REST"},{"floor":23,"key":"REST"},{"floor":32,"key":"REST"},{"floor":45,"key":"REST"},{"floor":49,"key":"RECALL"},{"data":"Envenom","floor":52,"key":"SMITH"}],"neow_cost":"NONE","seed_source_timestamp":4262149137094,"circlet_count":0,"master_deck":["Defend_G","Defend_G","Defend_G","Defend_G+1","Defend_G","Strike_G","Strike_G","Strike_G","Survivor","Neutralize+1","Blur","Deadly Poison","Poisoned Stab+1","Flying Knee","Crippling Poison+1","Dagger Spray","Backflip","After Image","Noxious Fumes","Flying Knee","Dagger Throw+1","Escape Plan+1","Choke+1","Backflip+1","Envenom+1","Doubt","Terror+1","Dagger Spray+1","Footwork+1"],"relics":["Ring of the Snake","NeowsBlessing","Snake Skull","Kunai","Blue Candle","Question Card","Boot","Tough Bandages","Bronze Scales","Philosopher\u0027s Stone","Pen Nib","Nilry\u0027s Codex","Oddly Smooth Stone","War Paint","Lizard Tail","Lantern","Happy Flower","Pantograph","Ninja Scroll"],"potions_floor_usage":[8,24,25,30,40,40,44,50,50,50],"damage_taken":[{"damage":0,"enemies":"Jaw Worm","floor":1,"turns":1},{"damage":0,"enemies":"Cultist","floor":5,"turns":1},{"damage":0,"enemies":"Gremlin Nob","floor":6,"turns":1},{"damage":19,"enemies":"3 Sentries","floor":8,"turns":8},{"damage":1,"enemies":"Lagavulin","floor":10,"turns":5},{"damage":0,"enemies":"2 Louse","floor":11,"turns":2},{"damage":9,"enemies":"3 Sentries","floor":12,"turns":9},{"damage":7,"enemies":"Hexaghost","floor":16,"turns":9},{"damage":0,"enemies":"Chosen","floor":18,"turns":4},{"damage":2,"enemies":"3 Byrds","floor":22,"turns":2},{"damage":0,"enemies":"Centurion and Healer","floor":24,"turns":7},{"damage":11,"enemies":"Shelled Parasite and Fungi","floor":25,"turns":5},{"damage":14,"enemies":"Chosen and Byrds","floor":29,"turns":5},{"damage":12,"enemies":"Book of Stabbing","floor":30,"turns":5},{"damage":3,"enemies":"Champ","floor":33,"turns":11},{"damage":3,"enemies":"3 Shapes","floor":35,"turns":4},{"damage":16,"enemies":"Orb Walker","floor":37,"turns":4},{"damage":12,"enemies":"3 Darklings","floor":39,"turns":4},{"damage":40,"enemies":"Reptomancer","floor":40,"turns":5},{"damage":7,"enemies":"Giant Head","floor":42,"turns":8},{"damage":24,"enemies":"Sphere and 2 Shapes","floor":44,"turns":4},{"damage":7,"enemies":"4 Shapes","floor":46,"turns":3},{"damage":1,"enemies":"3 Darklings","floor":48,"turns":3},{"damage":61,"enemies":"Donu and Deca","floor":50,"turns":9},{"damage":76,"enemies":"Shield and Spear","floor":54,"turns":8},{"damage":79,"enemies":"The Heart","floor":55,"turns":3}],"seed_played":"-347836984463528687","potions_obtained":[{"floor":5,"key":"PowerPotion"},{"floor":8,"key":"SteroidPotion"},{"floor":11,"key":"Fire Potion"},{"floor":22,"key":"SpeedPotion"},{"floor":29,"key":"Regen Potion"},{"floor":33,"key":"Weak Potion"},{"floor":37,"key":"Poison Potion"},{"floor":42,"key":"Energy Potion"},{"floor":46,"key":"EssenceOfSteel"}],"is_trial":false,"path_per_floor":["M","?","$","?","M","E","R","E","T","E","M","E","?","$","R","B",null,"M","$","?","?","M","R","M","M","T","$","$","M","E","?","R","B",null,"M","?","M","?","M","E","?","E","T","M","R","M","$","M","R","B",null,"R","$","E","B"],"character_chosen":"THE_SILENT","items_purchased":["Snake Skull","Bronze Scales","Pen Nib","Pantograph","EssenceOfSteel","SteroidPotion"],"campfire_rested":4,"item_purchase_floors":[3,14,19,47,47,53],"current_hp_per_floor":[70,70,70,70,70,70,70,51,51,50,50,41,34,34,55,48,70,70,70,70,54,52,70,70,59,59,59,59,45,48,35,57,54,75,72,71,55,55,43,3,71,64,64,40,61,54,54,53,53,10,71,71,71,35,0],"gold":31,"neow_bonus":"THREE_ENEMY_KILL","is_prod":false,"is_daily":false,"chose_seed":false,"campfire_upgraded":2,"win_rate":0,"timestamp":1547333060,"path_taken":["M","?","$","?","?","E","R","E","T","E","M","E","?","$","R","BOSS","M","$","?","?","M","R","M","?","T","?","$","M","E","?","R","BOSS","M","?","M","?","M","E","?","E","T","?","R","M","?","M","R","BOSS","R","$","E","BOSS"],"build_version":"2019-01-10","purchased_purges":2,"victory":false,"max_hp_per_floor":[70,70,70,70,70,70,70,70,70,70,70,70,70,70,70,70,70,70,70,70,70,70,70,70,70,70,70,70,70,70,75,75,75,75,75,71,71,71,71,71,71,71,71,71,71,71,71,71,71,71,71,71,71,71,71],"card_choices":[{"not_picked":["Quick Slash","Cloak And Dagger"],"picked":"Blur","floor":1},{"not_picked":["Outmaneuver","PiercingWail"],"picked":"Deadly Poison","floor":5},{"not_picked":["Dagger Spray","Deadly Poison"],"picked":"Poisoned Stab","floor":6},{"not_picked":["Flechettes","Escape Plan"],"picked":"Flying Knee","floor":8},{"not_picked":["Eviscerate","Bane","Quick Slash"],"picked":"Crippling Poison","floor":10},{"not_picked":["Bane","Dash","Outmaneuver"],"picked":"Dagger Spray","floor":11},{"not_picked":["Flechettes","Dagger Throw","Blade Dance"],"picked":"Backflip","floor":12},{"not_picked":["Glass Knife","Bullet Time","Die Die Die"],"picked":"After Image","floor":16},{"not_picked":["Outmaneuver","Deadly Poison","PiercingWail"],"picked":"Noxious Fumes","floor":18},{"not_picked":["Dagger Spray","Calculated Gamble","Finisher"],"picked":"Flying Knee","floor":22},{"not_picked":["Backflip","Acrobatics","Heel Hook"],"picked":"Dagger Throw+1","floor":24},{"not_picked":["Finisher","Blade Dance","Calculated Gamble","Dagger Throw"],"picked":"SKIP","floor":25},{"not_picked":["After Image","Setup","All Out Attack","Well Laid Plans"],"picked":"SKIP","floor":29},{"not_picked":["Masterful Stab","Blade Dance","Setup+1"],"picked":"Escape Plan+1","floor":30},{"not_picked":["Blade Dance+1","Quick Slash","Skewer+1"],"picked":"Choke+1","floor":35},{"not_picked":["Heel Hook+1","Quick Slash+1","Bane"],"picked":"Backflip+1","floor":37},{"not_picked":["Blade Dance","Eviscerate+1","PiercingWail+1","Tools of the Trade"],"picked":"SKIP","floor":39},{"not_picked":["PiercingWail","Dodge and Roll","Bane+1"],"picked":"Envenom","floor":40},{"not_picked":["Setup","Flechettes","Crippling Poison","Expertise+1"],"picked":"SKIP","floor":42},{"not_picked":["Eviscerate+1","Prepared","Deflect"],"picked":"Terror+1","floor":44},{"not_picked":["Quick Slash+1","Dodge and Roll","Flying Knee"],"picked":"Dagger Spray+1","floor":46},{"not_picked":["Bane","Quick Slash","Acrobatics+1","PiercingWail+1"],"picked":"SKIP","floor":48},{"not_picked":["Terror","Backflip","Dagger Throw"],"picked":"Footwork+1","floor":54}],"player_experience":137309,"relics_obtained":[{"floor":6,"key":"Kunai"},{"floor":8,"key":"Blue Candle"},{"floor":9,"key":"Question Card"},{"floor":10,"key":"Boot"},{"floor":12,"key":"Tough Bandages"},{"floor":21,"key":"Nilry\u0027s Codex"},{"floor":26,"key":"Oddly Smooth Stone"},{"floor":30,"key":"War Paint"},{"floor":40,"key":"Lantern"},{"floor":42,"key":"Happy Flower"},{"floor":54,"key":"Ninja Scroll"}],"event_choices":[{"damage_healed":0,"gold_gain":175,"player_choice":"AGREE","damage_taken":0,"max_hp_gain":0,"max_hp_loss":0,"event_name":"Liars Game","floor":2,"gold_loss":0,"cards_obtained":["Doubt"]},{"damage_healed":0,"gold_gain":0,"player_choice":"Upgraded","damage_taken":0,"max_hp_gain":0,"max_hp_loss":0,"event_name":"Upgrade Shrine","floor":4,"gold_loss":0,"cards_upgraded":["Neutralize"]},{"cards_removed":["Strike_G"],"damage_healed":0,"gold_gain":0,"player_choice":"Card Removal","damage_taken":7,"max_hp_gain":0,"max_hp_loss":0,"event_name":"Golden Wing","floor":13,"gold_loss":0},{"damage_healed":0,"gold_gain":0,"player_choice":"Ignored","damage_taken":0,"max_hp_gain":0,"max_hp_loss":0,"event_name":"Ghosts","floor":20,"gold_loss":0},{"damage_healed":0,"gold_gain":0,"player_choice":"Obtained Book","damage_taken":16,"max_hp_gain":0,"max_hp_loss":0,"event_name":"Cursed Tome","floor":21,"gold_loss":0},{"damage_healed":0,"gold_gain":0,"player_choice":"Shed Blood","damage_taken":18,"max_hp_gain":5,"max_hp_loss":0,"event_name":"Forgotten Altar","floor":31,"gold_loss":0},{"damage_healed":0,"gold_gain":0,"player_choice":"Max HP","damage_taken":0,"max_hp_gain":0,"max_hp_loss":4,"event_name":"Winding Halls","floor":36,"gold_loss":0},{"damage_healed":0,"gold_gain":0,"player_choice":"Ignored","damage_taken":0,"max_hp_gain":0,"max_hp_loss":0,"event_name":"Tomb of Lord Red Mask","floor":38,"gold_loss":0},{"damage_healed":68,"gold_gain":0,"player_choice":"Heal","damage_taken":0,"max_hp_gain":0,"max_hp_loss":0,"event_name":"MindBloom","floor":41,"gold_loss":0,"cards_obtained":["Doubt"]}],"is_beta":false,"boss_relics":[{"not_picked":["WristBlade","Runic Pyramid"],"picked":"Philosopher\u0027s Stone"},{"not_picked":["Fusion Hammer","Empty Cage"],"picked":"Lizard Tail"}],"items_purged_floors":[3,27],"is_endless":false,"potions_floor_spawned":[5,8,11,22,29,33,37,42,46],"killed_by":"The Heart","ascension_level":2}