{"gold_per_floor":[109,109,129,144,169,169,187,218,218,73,73,112,86,100,100,219,282,303,303,303,47,63,63,102,126,180,180,305,305,345,345,345,469,469,483,483,159,584,139,178,194,208,208,208,227,252,252],"floor_reached":47,"playtime":1973,"items_purged":["Strike_B+1"],"score":764,"play_id":"c54797b5-5554-42c6-ab5c-54982e491576","local_time":"20190124205235","is_ascension_mode":true,"campfire_choices":[{"floor":6.0,"key":"REST"},{"floor":15.0,"key":"REST"},{"data":"Loop","floor":23.0,"key":"SMITH"},{"floor":27.0,"key":"REST"},{"data":"Storm","floor":32.0,"key":"SMITH"},{"data":"Creative AI","floor":44.0,"key":"SMITH"}],"neow_cost":"PERCENT_DAMAGE","seed_source_timestamp":289156550731897,"circlet_count":0,"master_deck":["Strike_B+1","Strike_B+1","Strike_B+1","Defend_B+1","Defend_B+1","Defend_B+1","Defend_B+1","Zap","Dualcast+1","Cold Snap","Loop+1","Conserve Battery+1","Hello World","Cold Snap","Reboot+1","Biased Cognition","Auto Shields","Core Surge","Ball Lightning","Glacier","Leap","Go for the Eyes+1","Glacier+1","Amplify","Storm+1","Seek","Undo","Self Repair","Consume","Creative AI+1"],"special_seed":0,"relics":["Cracked Core","StoneCalendar","Golden Idol","PreservedInsect","Gremlin Horn","Tiny House","Nloth\u0027s Gift","Matryoshka","Incense Burner","Cables","Bag of Marbles","Nunchaku","Letter Opener","Dream Catcher","Inserter","Anchor","Old Coin","Bronze Scales","Prayer Wheel","War Paint","Bag of Preparation","Darkstone Periapt"],"potions_floor_usage":[47],"damage_taken":[{"damage":2.0,"enemies":"Small Slimes","floor":1.0,"turns":3.0},{"damage":5.0,"enemies":"Jaw Worm","floor":3.0,"turns":3.0},{"damage":2.0,"enemies":"2 Louse","floor":4.0,"turns":2.0},{"damage":2.0,"enemies":"Exordium Wildlife","floor":5.0,"turns":3.0},{"damage":4.0,"enemies":"Red Slaver","floor":7.0,"turns":5.0},{"damage":28.0,"enemies":"Gremlin Nob","floor":8.0,"turns":4.0},{"damage":8.0,"enemies":"3 Sentries","floor":12.0,"turns":4.0},{"damage":0.0,"enemies":"2 Fungi Beasts","floor":14.0,"turns":3.0},{"damage":13.0,"enemies":"Hexaghost","floor":16.0,"turns":11.0},{"damage":20.0,"enemies":"3 Byrds","floor":18.0,"turns":4.0},{"damage":0.0,"enemies":"Shell Parasite","floor":22.0,"turns":7.0},{"damage":22.0,"enemies":"Slavers","floor":24.0,"turns":5.0},{"damage":0.0,"enemies":"Chosen and Byrds","floor":25.0,"turns":7.0},{"damage":6.0,"enemies":"Colosseum Slavers","floor":28.0,"turns":7.0},{"damage":0.0,"enemies":"Colosseum Nobs","floor":28.0,"turns":6.0},{"damage":0.0,"enemies":"Gremlin Leader","floor":30.0,"turns":7.0},{"damage":14.0,"enemies":"Champ","floor":33.0,"turns":9.0},{"damage":22.0,"enemies":"3 Shapes","floor":35.0,"turns":3.0},{"damage":0.0,"enemies":"Mind Bloom Boss Battle","floor":38.0,"turns":4.0},{"damage":16.0,"enemies":"Reptomancer","floor":40.0,"turns":4.0},{"damage":0.0,"enemies":"Orb Walker","floor":41.0,"turns":4.0},{"damage":22.0,"enemies":"Transient","floor":42.0,"turns":5.0},{"damage":30.0,"enemies":"Jaw Worm Horde","floor":45.0,"turns":6.0},{"damage":13.0,"enemies":"3 Darklings","floor":46.0,"turns":4.0},{"damage":17,"enemies":"Nemesis","floor":47,"turns":2}],"seed_played":"-6899683908462593769","potions_obtained":[{"floor":5.0,"key":"Ancient Potion"},{"floor":7.0,"key":"AttackPotion"},{"floor":8.0,"key":"Fire Potion"},{"floor":14.0,"key":"Explosive Potion"},{"floor":17.0,"key":"EssenceOfSteel"},{"floor":24.0,"key":"Fire Potion"},{"floor":25.0,"key":"SkillPotion"},{"floor":28.0,"key":"Weak Potion"},{"floor":33.0,"key":"Weak Potion"},{"floor":41.0,"key":"Fruit Juice"},{"floor":45.0,"key":"Weak Potion"}],"is_trial":false,"path_per_floor":["M","?","M","M","M","R","M","E","T","$","?","E","?","M","R","B",null,"M","?","?","$","M","R","E","M","T","R","?","?","E","?","R","B",null,"M","?","$","?","$","E","M","M","T","R","M","M","E"],"character_chosen":"DEFECT","items_purchased":["Biased Cognition","Matryoshka","Self Repair","Anchor","Consume","Bronze Scales","Prayer Wheel"],"campfire_rested":3,"item_purchase_floors":[10,21,37,37,37,39,39],"current_hp_per_floor":[48,48,43,41,39,59,55,27,27,27,27,19,19,19,39,26,63,43,43,43,43,43,43,21,21,21,43,37,37,37,37,37,23,61,39,39,39,53,53,51,51,41,41,41,18,12,0],"gold":252,"neow_bonus":"ONE_RARE_RELIC","is_prod":false,"is_daily":false,"chose_seed":false,"campfire_upgraded":3,"win_rate":0,"timestamp":1548355955,"path_taken":["M","?","M","M","M","R","M","E","T","$","?","E","?","M","R","BOSS","M","?","?","$","M","R","E","?","T","R","?","?","E","?","R","BOSS","M","?","$","?","?","E","M","?","T","R","M","M","E"],"build_version":"2019-01-23","purchased_purges":1,"victory":false,"max_hp_per_floor":[75,69,69,69,69,69,69,69,69,69,69,69,69,69,69,69,74,74,74,74,74,74,74,74,74,74,74,74,74,74,74,74,74,74,74,74,74,74,74,74,74,79,79,79,79,79,79],"card_choices":[{"not_picked":["Rebound","Steam"],"picked":"Cold Snap","floor":1.0},{"not_picked":["Genetic Algorithm","Steam Power"],"picked":"Loop","floor":3.0},{"not_picked":["Steam Power","Chaos"],"picked":"Conserve Battery","floor":4.0},{"not_picked":["Rebound","Barrage"],"picked":"Hello World","floor":5.0},{"not_picked":["Turbo","Compile Driver"],"picked":"Cold Snap","floor":7.0},{"not_picked":["Turbo","Rebound"],"picked":"Reboot","floor":8.0},{"not_picked":["Rebound","Compile Driver"],"picked":"Auto Shields","floor":12.0},{"not_picked":["Steam","Stack","Streamline"],"picked":"SKIP","floor":14.0},{"not_picked":["Multi-Cast","Fission"],"picked":"Core Surge","floor":16.0},{"not_picked":["Compile Driver","Skim"],"picked":"Ball Lightning","floor":17.0},{"not_picked":["BootSequence","Leap"],"picked":"Glacier","floor":18.0},{"not_picked":["Compile Driver","Streamline"],"picked":"Leap","floor":22.0},{"not_picked":["Darkness","Ball Lightning"],"picked":"Go for the Eyes+1","floor":24.0},{"not_picked":["Go for the Eyes+1","Hello World"],"picked":"Glacier+1","floor":25.0},{"not_picked":["Genetic Algorithm+1","Cold Snap"],"picked":"Amplify","floor":28.0},{"not_picked":["Streamline","Stack"],"picked":"Storm","floor":30.0},{"not_picked":["Reboot","Rainbow"],"picked":"Seek","floor":33.0},{"not_picked":["Barrage","Fission"],"picked":"Undo","floor":35.0},{"not_picked":["Static Discharge","Electrodynamics"],"picked":"Creative AI","floor":40.0},{"not_picked":["Compile Driver","Fission","Barrage"],"picked":"SKIP","floor":41.0},{"not_picked":["Rebound+1","Blizzard","Turbo"],"picked":"SKIP","floor":41.0},{"not_picked":["Barrage","Cold Snap","Fusion"],"picked":"SKIP","floor":42.0},{"not_picked":["Melter+1","Conserve Battery","Multi-Cast"],"picked":"SKIP","floor":42.0},{"not_picked":["Compile Driver+1","Turbo","Ball Lightning"],"picked":"SKIP","floor":45.0},{"not_picked":["Go for the Eyes","Glacier+1","Chill+1"],"picked":"SKIP","floor":45.0},{"not_picked":["Beam Cell","Skim+1","Conserve Battery"],"picked":"SKIP","floor":46.0},{"not_picked":["Turbo+1","Undo","Go for the Eyes"],"picked":"SKIP","floor":46.0}],"player_experience":119124,"relics_obtained":[{"floor":8.0,"key":"PreservedInsect"},{"floor":9.0,"key":"Gremlin Horn"},{"floor":12.0,"key":"Art of War"},{"floor":24.0,"key":"Incense Burner"},{"floor":26.0,"key":"Cables"},{"floor":26.0,"key":"Bag of Marbles"},{"floor":28.0,"key":"Nunchaku"},{"floor":28.0,"key":"Letter Opener"},{"floor":30.0,"key":"Dream Catcher"},{"floor":38.0,"key":"Old Coin"},{"floor":40.0,"key":"War Paint"},{"floor":43.0,"key":"Bag of Preparation"},{"floor":43.0,"key":"Darkstone Periapt"}],"event_choices":[{"damage_healed":0.0,"max_hp_gain":0.0,"max_hp_loss":6.0,"gold_gain":0.0,"event_name":"Golden Idol","player_choice":"Lose Max HP","floor":2.0,"gold_loss":0.0,"damage_taken":0.0,"relics_obtained":["Golden Idol"]},{"damage_healed":0.0,"max_hp_gain":0.0,"max_hp_loss":0.0,"gold_gain":0.0,"event_name":"Liars Game","player_choice":"Ignored","floor":11.0,"gold_loss":0.0,"damage_taken":0.0},{"damage_healed":0.0,"max_hp_gain":0.0,"max_hp_loss":0.0,"gold_gain":0.0,"event_name":"World of Goop","player_choice":"Left Gold","floor":13.0,"gold_loss":26.0,"damage_taken":0.0},{"damage_healed":0.0,"max_hp_gain":0.0,"max_hp_loss":0.0,"gold_gain":0.0,"event_name":"Beggar","player_choice":"Ignored","floor":19.0,"gold_loss":0.0,"damage_taken":0.0},{"damage_healed":0.0,"max_hp_gain":0.0,"max_hp_loss":0.0,"gold_gain":0.0,"event_name":"N\u0027loth","player_choice":"Traded Relic","floor":20.0,"relics_lost":["Art of War"],"gold_loss":0.0,"damage_taken":0.0,"relics_obtained":["Nloth\u0027s Gift"]},{"damage_healed":0.0,"max_hp_gain":0.0,"max_hp_loss":0.0,"gold_gain":0.0,"event_name":"Colosseum","player_choice":"Fight","floor":28.0,"gold_loss":0.0,"damage_taken":0.0},{"damage_healed":0.0,"max_hp_gain":0.0,"max_hp_loss":0.0,"gold_gain":0.0,"event_name":"Colosseum","player_choice":"Fought Nobs","floor":28.0,"gold_loss":0.0,"damage_taken":0.0},{"damage_healed":0.0,"max_hp_gain":0.0,"max_hp_loss":0.0,"gold_gain":0.0,"event_name":"Back to Basics","player_choice":"Simplicity","floor":29.0,"gold_loss":0.0,"damage_taken":0.0,"cards_upgraded":["Strike_B","Strike_B","Strike_B","Strike_B","Defend_B","Defend_B","Defend_B","Defend_B"]},{"damage_healed":0.0,"max_hp_gain":0.0,"max_hp_loss":0.0,"gold_gain":0.0,"event_name":"Vampires","player_choice":"Ignored","floor":31.0,"gold_loss":0.0,"damage_taken":0.0},{"damage_healed":0.0,"max_hp_gain":0.0,"max_hp_loss":0.0,"gold_gain":0.0,"event_name":"Tomb of Lord Red Mask","player_choice":"Ignored","floor":36.0,"gold_loss":0.0,"damage_taken":0.0},{"damage_healed":0.0,"max_hp_gain":0.0,"max_hp_loss":0.0,"gold_gain":0.0,"event_name":"MindBloom","player_choice":"Fight","floor":38.0,"gold_loss":0.0,"damage_taken":0.0}],"is_beta":false,"boss_relics":[{"not_picked":["Velvet Choker","Eternal Feather"],"picked":"Tiny House"},{"not_picked":["Pandora\u0027s Box","Fusion Hammer"],"picked":"Inserter"}],"items_purged_floors":[37],"is_endless":false,"potions_floor_spawned":[5,7,8,14,24,25,28,33,40,41,45],"killed_by":"Nemesis","ascension_level":8}