{"gold_per_floor":[113,113,63,86,86,126,126,25,25,25,200,231,256,322,322,322],"floor_reached":16,"playtime":560,"items_purged":["Strike_B+1"],"score":148,"play_id":"18b1e16e-d0fd-4021-a9e4-540ef24e6bde","local_time":"20190207012230","is_ascension_mode":true,"campfire_choices":[{"floor":7,"key":"REST"},{"data":"1","floor":10,"key":"LIFT"},{"floor":15,"key":"REST"}],"neow_cost":"NONE","seed_source_timestamp":134691702764006,"circlet_count":0,"master_deck":["Strike_B+1","Strike_B+1","Defend_B+1","Defend_B","Defend_B","Defend_B","Zap","Dualcast","Hologram","Steam","Cold Snap","Hologram","Doubt","Self Repair","Turbo","Glacier"],"relics":["Cracked Core","NeowsBlessing","Golden Idol","Whetstone","Girya","Kunai","Tiny Chest"],"potions_floor_usage":[16,16],"damage_taken":[{"damage":0,"enemies":"Jaw Worm","floor":1,"turns":1},{"damage":0,"enemies":"Small Slimes","floor":4,"turns":1},{"damage":0,"enemies":"3 Sentries","floor":6,"turns":1},{"damage":19,"enemies":"Gremlin Nob","floor":12,"turns":4},{"damage":3,"enemies":"2 Louse","floor":13,"turns":2},{"damage":32,"enemies":"Lagavulin","floor":14,"turns":11},{"damage":39,"enemies":"Hexaghost","floor":16,"turns":14}],"seed_played":"-4871816246742577122","potions_obtained":[{"floor":1,"key":"SpeedPotion"},{"floor":6,"key":"SteroidPotion"},{"floor":13,"key":"Strength Potion"},{"floor":14,"key":"LiquidBronze"}],"is_trial":false,"path_per_floor":["M","?","?","M","?","E","R","$","T","R","?","E","M","E","R","B"],"character_chosen":"DEFECT","items_purchased":["Hologram"],"campfire_rested":2,"item_purchase_floors":[8],"current_hp_per_floor":[75,57,57,57,42,42,64,64,64,64,64,45,42,17,39,0],"gold":322,"neow_bonus":"THREE_ENEMY_KILL","is_prod":false,"is_daily":false,"chose_seed":false,"campfire_upgraded":0,"win_rate":0,"timestamp":1549520550,"path_taken":["M","?","?","M","?","E","R","$","T","R","?","E","M","E","R","BOSS"],"build_version":"2019-01-23","purchased_purges":1,"victory":false,"max_hp_per_floor":[75,75,75,75,75,75,75,75,75,75,75,75,75,75,75,75],"card_choices":[{"not_picked":["Undo","Streamline"],"picked":"Hologram","floor":1},{"not_picked":["Stack","Self Repair"],"picked":"Steam","floor":4},{"not_picked":["Force Field","Tempest"],"picked":"Cold Snap","floor":6},{"not_picked":["Steam","Sweeping Beam"],"picked":"Self Repair","floor":12},{"not_picked":["Ball Lightning","Aggregate"],"picked":"Turbo","floor":13},{"not_picked":["Steam","Doom and Gloom"],"picked":"Glacier","floor":14}],"player_experience":105992,"relics_obtained":[{"floor":6,"key":"Whetstone"},{"floor":9,"key":"Girya"},{"floor":12,"key":"Kunai"},{"floor":14,"key":"Tiny Chest"}],"event_choices":[{"damage_healed":0,"gold_gain":0,"player_choice":"Take Damage","damage_taken":18,"relics_obtained":["Golden Idol"],"max_hp_gain":0,"max_hp_loss":0,"event_name":"Golden Idol","floor":2,"gold_loss":0},{"cards_removed":["Strike_B"],"damage_healed":0,"gold_gain":0,"player_choice":"Card Removal","damage_taken":0,"max_hp_gain":0,"max_hp_loss":0,"event_name":"The Cleric","floor":3,"gold_loss":50},{"damage_healed":0,"gold_gain":0,"player_choice":"Entered Light","damage_taken":15,"max_hp_gain":0,"max_hp_loss":0,"event_name":"Shining Light","floor":5,"gold_loss":0,"cards_upgraded":["Defend_B","Strike_B"]},{"damage_healed":0,"gold_gain":175,"player_choice":"AGREE","damage_taken":0,"max_hp_gain":0,"max_hp_loss":0,"event_name":"Liars Game","floor":11,"gold_loss":0,"cards_obtained":["Doubt"]}],"is_beta":false,"boss_relics":[],"items_purged_floors":[8],"is_endless":false,"potions_floor_spawned":[1,6,13,14],"killed_by":"Hexaghost","ascension_level":1}