{"gold_per_floor":[113,123,123,142,158,183,183,283,307,318,334,110,110,139,139,244,244,263,263,110,209,1,29,48,48,48,77,77],"floor_reached":28,"playtime":2466,"items_purged":["Defend_G"],"score":384,"play_id":"dce9a455-8b30-4f6a-9eff-848b447e9398","local_time":"20190210165645","is_ascension_mode":true,"campfire_choices":[{"floor":13,"key":"REST"},{"data":"Bouncing Flask","floor":15,"key":"SMITH"}],"neow_cost":"NONE","seed_source_timestamp":2520863806298647,"circlet_count":0,"master_deck":["Defend_G","Defend_G","Defend_G","Defend_G","Survivor","Neutralize","Cloak And Dagger","Leg Sweep","Well Laid Plans","Dash","Bouncing Flask+1","Cloak And Dagger","Caltrops+1","Quick Slash","Envenom+1","Acrobatics","Bite+1","Bite","Bite","Bite","Bite","Distraction","Poisoned Stab+1","Poisoned Stab+1"],"relics":["Ring of the Snake","NeowsBlessing","Frozen Egg 2","Ornamental Fan","Strawberry","Pen Nib","Letter Opener","WristBlade","Happy Flower","TwistedFunnel","Bronze Scales","Bottled Lightning","Whetstone"],"potions_floor_usage":[6,16,16,23,27,27],"damage_taken":[{"damage":0,"enemies":"Small Slimes","floor":1,"turns":1},{"damage":0,"enemies":"Cultist","floor":2,"turns":1},{"damage":0,"enemies":"2 Louse","floor":4,"turns":1},{"damage":2,"enemies":"Red Slaver","floor":5,"turns":5},{"damage":6,"enemies":"3 Sentries","floor":6,"turns":13},{"damage":0,"enemies":"Blue Slaver","floor":10,"turns":5},{"damage":11,"enemies":"Exordium Thugs","floor":11,"turns":5},{"damage":8,"enemies":"Lagavulin","floor":14,"turns":6},{"damage":16,"enemies":"The Guardian","floor":16,"turns":9},{"damage":1,"enemies":"Chosen","floor":18,"turns":5},{"damage":29,"enemies":"Gremlin Leader","floor":23,"turns":5},{"damage":7,"enemies":"Shell Parasite","floor":24,"turns":4},{"damage":22,"enemies":"Book of Stabbing","floor":27,"turns":6},{"damage":30,"enemies":"Sentry and Sphere","floor":28,"turns":5}],"seed_played":"-5423626288490664426","potions_obtained":[{"floor":1,"key":"SkillPotion"},{"floor":3,"key":"AttackPotion"},{"floor":3,"key":"Strength Potion"},{"floor":16,"key":"LiquidBronze"},{"floor":18,"key":"Energy Potion"},{"floor":24,"key":"FearPotion"},{"floor":27,"key":"EssenceOfSteel"}],"is_trial":false,"path_per_floor":["M","M","?","M","M","E","T","?","T","M","M","$","R","E","R","B",null,"M","?","$","?","$","E","M","$","T","E","M"],"character_chosen":"THE_SILENT","items_purchased":["Pen Nib","Happy Flower","TwistedFunnel"],"campfire_rested":1,"item_purchase_floors":[12,20,22],"current_hp_per_floor":[63,63,63,63,61,55,55,55,62,62,51,51,74,66,66,50,70,69,53,53,53,53,34,31,31,31,15,0],"gold":77,"neow_bonus":"THREE_ENEMY_KILL","is_prod":false,"is_daily":false,"chose_seed":false,"campfire_upgraded":1,"win_rate":0,"timestamp":1549846605,"path_taken":["M","M","?","?","M","E","?","?","T","?","M","$","R","E","R","BOSS","M","?","$","?","$","E","?","?","T","E","M"],"build_version":"2019-01-23","purchased_purges":1,"victory":false,"max_hp_per_floor":[70,70,70,70,70,70,70,70,77,77,77,77,77,77,77,77,77,77,53,53,53,53,53,53,53,53,53,53],"card_choices":[{"not_picked":["Crippling Poison","Bane"],"picked":"Cloak And Dagger","floor":1},{"not_picked":["Blade Dance","Deflect"],"picked":"Leg Sweep","floor":2},{"not_picked":["Masterful Stab","Sucker Punch"],"picked":"Well Laid Plans","floor":4},{"not_picked":["Dagger Throw","Blade Dance"],"picked":"Dash","floor":5},{"not_picked":["Dagger Throw","All Out Attack"],"picked":"Bouncing Flask","floor":6},{"not_picked":["Doppelganger","Deadly Poison"],"picked":"Cloak And Dagger","floor":10},{"not_picked":["Blur","Skewer"],"picked":"Caltrops+1","floor":11},{"not_picked":["Sucker Punch","Endless Agony"],"picked":"Quick Slash","floor":14},{"not_picked":["Phantasmal Killer","Night Terror"],"picked":"Envenom+1","floor":16},{"not_picked":["PiercingWail","Calculated Gamble+1"],"picked":"Acrobatics","floor":18},{"not_picked":["Flying Knee+1","Quick Slash"],"picked":"Distraction","floor":23},{"not_picked":["Slice","Dagger Throw"],"picked":"Poisoned Stab","floor":24},{"not_picked":["Acrobatics","Catalyst"],"picked":"Poisoned Stab+1","floor":27}],"player_experience":335097,"relics_obtained":[{"floor":6,"key":"Frozen Egg 2"},{"floor":7,"key":"Ornamental Fan"},{"floor":9,"key":"Strawberry"},{"floor":14,"key":"Letter Opener"},{"floor":23,"key":"Bronze Scales"},{"floor":26,"key":"Bottled Lightning"},{"floor":27,"key":"Whetstone"}],"event_choices":[{"damage_healed":0,"gold_gain":0,"player_choice":"Got Potions","damage_taken":0,"max_hp_gain":0,"max_hp_loss":0,"event_name":"Lab","floor":3,"gold_loss":0},{"damage_healed":0,"gold_gain":100,"player_choice":"Pray","damage_taken":0,"max_hp_gain":0,"max_hp_loss":0,"event_name":"Golden Shrine","floor":8,"gold_loss":0},{"damage_healed":0,"gold_gain":0,"player_choice":"Became a vampire","damage_taken":0,"max_hp_gain":0,"max_hp_loss":24,"event_name":"Vampires","floor":19,"gold_loss":0,"cards_obtained":["Bite","Bite","Bite","Bite","Bite"]},{"damage_healed":0,"gold_gain":99,"player_choice":"Stole From Cult","damage_taken":0,"max_hp_gain":0,"max_hp_loss":0,"event_name":"Nest","floor":21,"gold_loss":0}],"is_beta":false,"boss_relics":[{"not_picked":["Ectoplasm","Velvet Choker"],"picked":"WristBlade"}],"items_purged_floors":[12],"is_endless":false,"potions_floor_spawned":[1,4,16,18,24,27],"killed_by":"Sentry and Sphere","ascension_level":7}