{"gold_per_floor":[112,37,57,57,57,57,86,86,386,421,596,68,86,86,86,181,181,195,207,306,306,231,231,151,151,151,185,196,196,34,47,47,146,146,162,162],"floor_reached":36,"playtime":1354,"items_purged":["Doubt","Doubt"],"score":521,"play_id":"0f70b44c-cf23-40cb-a138-c57ad953506e","local_time":"20190121232211","is_ascension_mode":true,"campfire_choices":[{"data":"Genetic Algorithm","floor":6.0,"key":"SMITH"},{"floor":8.0,"key":"REST"},{"floor":15.0,"key":"REST"},{"floor":23.0,"key":"REST"},{"data":"Buffer","floor":25.0,"key":"SMITH"},{"data":"Zap","floor":32,"key":"SMITH"}],"neow_cost":"CURSE","seed_source_timestamp":39454559286564,"circlet_count":0,"master_deck":["Strike_B+1","Strike_B+1","Strike_B","Defend_B","Defend_B","Defend_B","Defend_B","Zap+1","Dualcast","Biased Cognition","Genetic Algorithm+1","Self Repair","Stack","Core Surge","Consume","Capacitor","Buffer+1","Cold Snap+1","Necronomicurse","Loop","Capacitor+1","Electrodynamics+1","Conserve Battery","Amplify","Coolheaded"],"special_seed":0,"relics":["Cracked Core","Bag of Marbles","Turnip","Old Coin","Vajra","Mummified Hand","DataDisk","Black Star","Necronomicon","Whetstone","Emotion Chip","Strawberry","Frozen Egg 2","Fusion Hammer"],"potions_floor_usage":[27],"damage_taken":[{"damage":0.0,"enemies":"2 Louse","floor":1.0,"turns":2.0},{"damage":7.0,"enemies":"Small Slimes","floor":3.0,"turns":3.0},{"damage":52.0,"enemies":"3 Sentries","floor":7.0,"turns":8.0},{"damage":29.0,"enemies":"Gremlin Nob","floor":10.0,"turns":4.0},{"damage":0.0,"enemies":"Jaw Worm","floor":13.0,"turns":3.0},{"damage":25.0,"enemies":"The Guardian","floor":16.0,"turns":10.0},{"damage":11.0,"enemies":"Shell Parasite","floor":18.0,"turns":6.0},{"damage":32.0,"enemies":"3 Byrds","floor":19.0,"turns":4.0},{"damage":20,"enemies":"Gremlin Leader","floor":27,"turns":9},{"damage":1,"enemies":"Centurion and Healer","floor":28,"turns":9},{"damage":0,"enemies":"Snake Plant","floor":31,"turns":4},{"damage":14,"enemies":"Champ","floor":33,"turns":9},{"damage":55,"enemies":"3 Darklings","floor":35,"turns":5},{"damage":25,"enemies":"3 Shapes","floor":36,"turns":3}],"seed_played":"-121285084988461394","potions_obtained":[{"floor":3.0,"key":"Swift Potion"},{"floor":10.0,"key":"Explosive Potion"},{"floor":13.0,"key":"AttackPotion"},{"floor":19.0,"key":"Block Potion"},{"floor":31,"key":"Poison Potion"},{"floor":33,"key":"Fire Potion"}],"is_trial":false,"path_per_floor":["M","$","M","?","?","R","E","R","T","E","?","$","M","?","R","B",null,"M","M","?","?","?","R","$","R","T","E","M","?","$","M","R","B",null,"M","M"],"character_chosen":"DEFECT","items_purchased":["Mummified Hand","DataDisk","Consume","Loop","Electrodynamics+1"],"campfire_rested":3,"item_purchase_floors":[12,12,12,24,30],"current_hp_per_floor":[68,68,61,54,54,54,9,31,31,9,9,9,9,9,31,13,60,56,31,31,15,15,37,37,37,37,31,37,37,37,37,37,30,69,21,0],"gold":162,"neow_bonus":"THREE_RARE_CARDS","is_prod":false,"is_daily":false,"chose_seed":false,"campfire_upgraded":3,"win_rate":0,"timestamp":1548105731,"path_taken":["M","$","M","?","?","R","E","R","T","E","?","$","M","?","R","BOSS","M","M","?","?","?","R","$","R","T","E","M","?","$","M","R","BOSS","M","M"],"build_version":"2019-01-17v2","purchased_purges":2,"victory":false,"max_hp_per_floor":[75,75,75,75,75,75,75,75,75,75,75,75,75,75,75,75,75,75,75,75,75,75,75,75,75,75,82,82,82,82,82,82,82,82,82,82],"card_choices":[{"not_picked":["Buffer","Fission"],"picked":"Biased Cognition","floor":0.0},{"not_picked":["Cold Snap","Barrage"],"picked":"Genetic Algorithm","floor":1.0},{"not_picked":["Hologram","Melter"],"picked":"Self Repair","floor":3.0},{"not_picked":["Reprogram","Turbo"],"picked":"Stack","floor":7.0},{"not_picked":["Stack","Blizzard"],"picked":"Core Surge","floor":10.0},{"not_picked":["Conserve Battery","Barrage"],"picked":"Capacitor","floor":13.0},{"not_picked":["Reboot","All For One"],"picked":"Buffer","floor":16.0},{"not_picked":["Sunder+1","Streamline+1","Beam Cell"],"picked":"SKIP","floor":18.0},{"not_picked":["Force Field+1","Barrage"],"picked":"Cold Snap+1","floor":19.0},{"not_picked":["Streamline","Beam Cell"],"picked":"Capacitor+1","floor":27},{"not_picked":["Sweeping Beam+1","Stack+1","FTL"],"picked":"SKIP","floor":28},{"not_picked":["Turbo","Ball Lightning"],"picked":"Conserve Battery","floor":31},{"not_picked":["Buffer+1","Meteor Strike"],"picked":"Amplify","floor":33},{"not_picked":["Cold Snap","Stack+1"],"picked":"Coolheaded","floor":35}],"player_experience":113215,"relics_obtained":[{"floor":7.0,"key":"Turnip"},{"floor":9.0,"key":"Old Coin"},{"floor":10.0,"key":"Vajra"},{"floor":21.0,"key":"Necronomicon"},{"floor":26.0,"key":"Whetstone"},{"floor":27,"key":"Emotion Chip"},{"floor":27,"key":"Strawberry"}],"event_choices":[{"damage_healed":0.0,"max_hp_gain":0.0,"max_hp_loss":0.0,"gold_gain":0.0,"event_name":"Scrap Ooze","player_choice":"Success","floor":4.0,"gold_loss":0.0,"damage_taken":7.0,"relics_obtained":["Bag of Marbles"]},{"damage_healed":0.0,"max_hp_gain":0.0,"max_hp_loss":0.0,"gold_gain":0.0,"event_name":"Golden Wing","player_choice":"Ignored","floor":5.0,"gold_loss":0.0,"damage_taken":0.0},{"damage_healed":0.0,"max_hp_gain":0.0,"max_hp_loss":0.0,"gold_gain":175.0,"event_name":"Liars Game","player_choice":"AGREE","floor":11.0,"gold_loss":0.0,"damage_taken":0.0,"cards_obtained":["Doubt"]},{"damage_healed":0.0,"max_hp_gain":0.0,"max_hp_loss":0.0,"gold_gain":0.0,"event_name":"Shining Light","player_choice":"Ignored","floor":14.0,"gold_loss":0.0,"damage_taken":0.0},{"damage_healed":0.0,"max_hp_gain":0.0,"max_hp_loss":0.0,"gold_gain":99.0,"event_name":"Nest","player_choice":"Stole From Cult","floor":20.0,"gold_loss":0.0,"damage_taken":0.0},{"damage_healed":0.0,"max_hp_gain":0.0,"max_hp_loss":0.0,"gold_gain":0.0,"event_name":"Cursed Tome","player_choice":"Obtained Book","floor":21.0,"gold_loss":0.0,"damage_taken":16.0},{"cards_removed":["Strike_B"],"damage_healed":0.0,"max_hp_gain":0.0,"max_hp_loss":0.0,"gold_gain":0.0,"event_name":"Beggar","player_choice":"Gave Gold","floor":22.0,"gold_loss":75.0,"damage_taken":0.0},{"damage_healed":0,"gold_gain":0,"player_choice":"Opened","damage_taken":0,"relics_obtained":["Frozen Egg 2"],"max_hp_gain":0,"max_hp_loss":0,"event_name":"The Mausoleum","floor":29,"gold_loss":0}],"is_beta":false,"boss_relics":[{"not_picked":["White Beast Statue","Empty Cage"],"picked":"Black Star"},{"not_picked":["Calling Bell","Busted Crown"],"picked":"Fusion Hammer"}],"items_purged_floors":[2,12],"is_endless":false,"potions_floor_spawned":[3,10,13,19,31,33],"killed_by":"3 Shapes","ascension_level":7}