{"gold_per_floor":[110,110,12,23,38,69,69,69,69,104,104,138,49,69,69,171,171,189,204,304,229,240,240,240,251,278,295,210,210,243,254,254,356,356,366,366,366,378,378,405,405,405,405,254,254,29,47,65,65,65],"floor_reached":51,"playtime":4260,"items_purged":["Strike_B","Defend_B","Tempest"],"score":774,"play_id":"4e3c6c00-6f9d-479b-85d2-61ab286952c5","local_time":"20180917190353","is_ascension_mode":true,"campfire_choices":[{"data":"Dualcast","floor":8.0,"key":"SMITH"},{"data":"Zap","floor":11.0,"key":"SMITH"},{"floor":15.0,"key":"REST"},{"floor":23.0,"key":"REST"},{"floor":29.0,"key":"REST"},{"floor":32,"key":"REST"},{"floor":41,"key":"REST"},{"data":"Sunder","floor":49,"key":"SMITH"}],"neow_cost":"NONE","seed_source_timestamp":0,"circlet_count":0,"master_deck":["Strike_B+1","Defend_B","Defend_B","Defend_B","Zap+1","Dualcast+1","Multi-Cast","Sunder+1","Conserve Battery+1","Reinforced Body","Scrape","FTL","Hologram","Skim","Go for the Eyes","All For One","Force Field","White Noise","Beam Cell+1","Hyperbeam","Sunder+1","Echo Form","Madness","Madness","Leap+1","Streamline+1","Streamline"],"special_seed":0,"relics":["Cracked Core","Mercury Hourglass","Dodecahedron","Shuriken","Letter Opener","Snecko Eye","Incense Burner","Question Card","Strawberry","Omamori","Potion Belt","Ice Cream","Runic Dome","Orichalcum","Cables"],"potions_floor_usage":[33,50,50,50,50],"damage_taken":[{"damage":1.0,"enemies":"Jaw Worm","floor":1.0,"turns":3.0},{"damage":0.0,"enemies":"Cultist","floor":4.0,"turns":2.0},{"damage":0.0,"enemies":"2 Louse","floor":5.0,"turns":2.0},{"damage":16.0,"enemies":"Gremlin Nob","floor":6.0,"turns":4.0},{"damage":18.0,"enemies":"Lagavulin","floor":10.0,"turns":5.0},{"damage":9.0,"enemies":"3 Sentries","floor":12.0,"turns":4.0},{"damage":10.0,"enemies":"Looter","floor":14.0,"turns":2.0},{"damage":0.0,"enemies":"Slime Boss","floor":16.0,"turns":3.0},{"damage":0.0,"enemies":"2 Thieves","floor":18.0,"turns":1.0},{"damage":0.0,"enemies":"Shell Parasite","floor":19.0,"turns":2.0},{"damage":0.0,"enemies":"Colosseum Slavers","floor":20.0,"turns":2.0},{"damage":60.0,"enemies":"Colosseum Nobs","floor":20.0,"turns":4.0},{"damage":0.0,"enemies":"Chosen and Byrds","floor":22.0,"turns":3.0},{"damage":12.0,"enemies":"Centurion and Healer","floor":25.0,"turns":5.0},{"damage":0.0,"enemies":"3 Cultists","floor":27.0,"turns":2.0},{"damage":13.0,"enemies":"Book of Stabbing","floor":30.0,"turns":5.0},{"damage":14,"enemies":"Cultist and Chosen","floor":31,"turns":5},{"damage":14,"enemies":"Automaton","floor":33,"turns":5},{"damage":31,"enemies":"3 Darklings","floor":35,"turns":3},{"damage":0,"enemies":"Orb Walker","floor":38,"turns":3},{"damage":35,"enemies":"Giant Head","floor":40,"turns":7},{"damage":0,"enemies":"Transient","floor":47,"turns":5},{"damage":4,"enemies":"Spire Growth","floor":48,"turns":3},{"damage":29,"enemies":"Awakened One","floor":50,"turns":6}],"seed_played":"5719136696397055195","potions_obtained":[{"floor":5.0,"key":"EssenceOfSteel"},{"floor":6.0,"key":"SmokeBomb"},{"floor":12.0,"key":"SkillPotion"},{"floor":14.0,"key":"GamblersBrew"},{"floor":19.0,"key":"Explosive Potion"},{"floor":22.0,"key":"Energy Potion"},{"floor":25.0,"key":"GamblersBrew"},{"floor":27.0,"key":"Block Potion"},{"floor":40,"key":"Fire Potion"},{"floor":48,"key":"Energy Potion"}],"is_trial":false,"path_per_floor":["M","?","$","M","M","E","?","R","T","E","R","E","$","M","R","B",null,"M","M","?","?","M","R","?","M","T","M","?","R","E","M","R","B",null,"M","?","?","M","?","E","R","?","T","$","?","$","M","M","R","B"],"character_chosen":"DEFECT","items_purchased":["Conserve Battery","Hologram","Skim","FearPotion","Swift Potion","Poison Potion"],"campfire_rested":5,"item_purchase_floors":[3,13,13,44,46,46],"current_hp_per_floor":[74,74,74,74,74,58,43,43,43,25,25,16,16,6,28,28,75,75,75,15,15,15,37,44,32,32,32,32,56,43,29,53,39,82,51,51,51,51,41,6,30,30,30,30,82,82,82,82,82,53],"gold":65,"neow_bonus":"TRANSFORM_CARD","is_prod":false,"is_daily":false,"chose_seed":false,"campfire_upgraded":3,"win_rate":0,"timestamp":1537207433,"path_taken":["M","?","?","M","M","E","?","R","T","E","R","E","$","M","R","BOSS","M","M","?","?","M","R","?","?","T","M","?","R","E","?","R","BOSS","M","?","?","?","?","E","R","?","T","$","?","$","?","M","R","BOSS"],"build_version":"2018-09-06","purchased_purges":3,"victory":true,"max_hp_per_floor":[75,75,75,75,75,75,75,75,75,75,75,75,75,75,75,75,75,75,75,75,75,75,75,82,82,82,82,82,82,82,82,82,82,82,82,82,82,82,82,82,82,82,82,82,82,82,82,82,82,82],"card_choices":[{"not_picked":["Steam","Conserve Battery"],"picked":"Sunder","floor":1.0},{"not_picked":["Beam Cell","Cold Snap"],"picked":"Heatsinks","floor":4.0},{"not_picked":["Ball Lightning","Coolheaded"],"picked":"Reinforced Body","floor":5.0},{"not_picked":["Loop","Compile Driver"],"picked":"Tempest","floor":6.0},{"not_picked":["Heatsinks","Ball Lightning"],"picked":"Scrape","floor":10.0},{"not_picked":["Streamline","Lockon"],"picked":"FTL","floor":12.0},{"not_picked":["Storm","Auto Shields"],"picked":"Go for the Eyes","floor":14.0},{"not_picked":["Seek","Core Surge"],"picked":"All For One","floor":16.0},{"not_picked":["Blizzard","Chill","Turbo"],"picked":"SKIP","floor":18.0},{"not_picked":["Tempest","Gash"],"picked":"Force Field","floor":19.0},{"not_picked":["Storm","Go for the Eyes"],"picked":"White Noise","floor":20.0},{"not_picked":["Compile Driver","FTL","Conserve Battery+1"],"picked":"Beam Cell+1","floor":22.0},{"not_picked":["Steam","Redo","Beam Cell"],"picked":"Hyperbeam","floor":25.0},{"not_picked":["Undo","Consume","Redo+1","Beam Cell+1"],"picked":"SKIP","floor":27.0},{"not_picked":["Steam","Biased Cognition","Compile Driver"],"picked":"Sunder","floor":30.0},{"not_picked":["Beam Cell","Skim","Compile Driver","Coolheaded"],"picked":"SKIP","floor":31},{"not_picked":["Amplify","Reboot","Thunder Strike"],"picked":"Echo Form","floor":33},{"not_picked":["Darkness+1","Auto Shields","Conserve Battery+1","Defragment+1"],"picked":"SKIP","floor":35},{"not_picked":["Self Repair","Turbo+1","Compile Driver","Conserve Battery"],"picked":"SKIP","floor":38},{"not_picked":["Self Repair","Turbo+1","Compile Driver","Conserve Battery"],"picked":"SKIP","floor":38},{"not_picked":["Machine Learning","Cold Snap+1","Steam+1"],"picked":"Leap+1","floor":40},{"not_picked":["Compile Driver","Capacitor","Force Field"],"picked":"Streamline+1","floor":47},{"not_picked":["Compile Driver+1","Gash+1","Glacier"],"picked":"Streamline","floor":48}],"player_experience":65921,"relics_obtained":[{"floor":6.0,"key":"Mercury Hourglass"},{"floor":9.0,"key":"Dodecahedron"},{"floor":10.0,"key":"Shuriken"},{"floor":12.0,"key":"Letter Opener"},{"floor":20.0,"key":"Incense Burner"},{"floor":20.0,"key":"Question Card"},{"floor":26.0,"key":"Omamori"},{"floor":30.0,"key":"Ice Cream"},{"floor":40,"key":"Orichalcum"},{"floor":43,"key":"Cables"}],"event_choices":[{"event_name":"Upgrade Shrine","player_choice":"Upgraded","floor":2.0,"damage_taken":0.0},{"event_name":"Shining Light","player_choice":"Entered Light","floor":7.0,"damage_taken":0.0},{"event_name":"Colosseum","player_choice":"Fight","floor":20.0,"damage_taken":0.0},{"event_name":"Colosseum","player_choice":"Fought Nobs","floor":20.0,"damage_taken":0.0},{"event_name":"Beggar","player_choice":"Gave Gold","floor":21.0,"damage_taken":0.0},{"event_name":"WeMeetAgain","player_choice":"Potion","floor":24.0,"damage_taken":0.0},{"event_name":"Addict","player_choice":"Obtained Relic","floor":28.0,"damage_taken":0.0},{"event_name":"Falling","player_choice":"Removed Power","floor":36,"damage_taken":0},{"event_name":"SensoryStone","player_choice":"Memory 1","floor":37,"damage_taken":0},{"event_name":"Winding Halls","player_choice":"Embrace Madness","floor":39,"damage_taken":0},{"event_name":"Mysterious Sphere","player_choice":"Ignore","floor":42,"damage_taken":0},{"event_name":"MindBloom","player_choice":"Heal","floor":45,"damage_taken":0}],"is_beta":false,"boss_relics":[{"not_picked":["Empty Cage","Nuclear Battery"],"picked":"Snecko Eye"},{"not_picked":["FrozenCore","Orrery"],"picked":"Runic Dome"}],"items_purged_floors":[3,44,46],"is_endless":false,"potions_floor_spawned":[5,6,12,14,19,22,25,27,40,48],"ascension_level":1}