{"gold_per_floor":[367,367,390,406,104,144,157,157,157,42,42,81,101,439,439,563,563,553,553,566,582,426,426,459,459,507,553,578,605,631,667,679,814,826,852,864,901,937,1282,1321,1346,1390,1472,1495,1507,880,894,922,922,922,922,922,229,259,259],"floor_reached":55,"playtime":7451,"items_purged":["Strike_B","Strike_B"],"score":1158,"play_id":"cc5cd62e-7edc-4832-8c83-ecb547d0859d","local_time":"20190220161618","is_ascension_mode":true,"campfire_choices":[{"data":"Zap","floor":8.0,"key":"SMITH"},{"floor":11.0,"key":"REST"},{"data":"Sunder","floor":15.0,"key":"SMITH"},{"data":"Loop","floor":23.0,"key":"SMITH"},{"data":"Go for the Eyes","floor":25.0,"key":"SMITH"},{"data":"Fission","floor":32.0,"key":"SMITH"},{"floor":45.0,"key":"REST"},{"floor":49.0,"key":"RECALL"},{"data":"Hologram","floor":52.0,"key":"SMITH"}],"neow_cost":"TEN_PERCENT_HP_LOSS","seed_source_timestamp":447548537080200,"circlet_count":0,"master_deck":["Strike_B","Strike_B","Defend_B","Defend_B","Defend_B","Defend_B","Zap+1","Dualcast","Loop+1","Sunder+1","Echo Form","Leap","BootSequence","Self Repair","Genetic Algorithm","Glacier","Fission+1","Biased Cognition","Coolheaded","Glacier","Leap+1","Go for the Eyes+1","Creative AI+1","Consume","Cold Snap","Ball Lightning","White Noise+1","Loop+1","Hologram+1","Loop+1","Glacier+1","Creative AI+1"],"special_seed":0,"relics":["Cracked Core","Mummified Hand","Gremlin Horn","Cables","Blue Candle","Old Coin","Velvet Choker","Happy Flower","Frozen Egg 2","MawBank","Lantern","White Beast Statue","Gambling Chip","DataDisk","ClockworkSouvenir","Nunchaku","Dodecahedron","Strange Spoon","Sundial","Bag of Preparation"],"potions_floor_usage":[55,55,55],"damage_taken":[{"damage":0.0,"enemies":"Small Slimes","floor":1.0,"turns":3.0},{"damage":7.0,"enemies":"Jaw Worm","floor":3.0,"turns":4.0},{"damage":0.0,"enemies":"Cultist","floor":4.0,"turns":4.0},{"damage":8.0,"enemies":"Gremlin Nob","floor":6.0,"turns":3.0},{"damage":9.0,"enemies":"Red Slaver","floor":7.0,"turns":3.0},{"damage":21.0,"enemies":"Lagavulin","floor":12.0,"turns":5.0},{"damage":0.0,"enemies":"3 Louse","floor":13.0,"turns":2.0},{"damage":15.0,"enemies":"3 Sentries","floor":14.0,"turns":7.0},{"damage":0.0,"enemies":"Slime Boss","floor":16.0,"turns":9.0},{"damage":2.0,"enemies":"2 Thieves","floor":18.0,"turns":4.0},{"damage":1.0,"enemies":"3 Byrds","floor":20.0,"turns":7.0},{"damage":0.0,"enemies":"Shelled Parasite and Fungi","floor":21.0,"turns":8.0},{"damage":1.0,"enemies":"Book of Stabbing","floor":24.0,"turns":6.0},{"damage":18.0,"enemies":"Slavers","floor":27.0,"turns":8.0},{"damage":24.0,"enemies":"Snake Plant","floor":28.0,"turns":5.0},{"damage":10.0,"enemies":"3 Cultists","floor":29.0,"turns":6.0},{"damage":8.0,"enemies":"Snecko","floor":30.0,"turns":7.0},{"damage":0.0,"enemies":"Shelled Parasite and Fungi","floor":31.0,"turns":5.0},{"damage":32.0,"enemies":"Collector","floor":33.0,"turns":15.0},{"damage":2.0,"enemies":"Orb Walker","floor":35.0,"turns":3.0},{"damage":25.0,"enemies":"3 Darklings","floor":37.0,"turns":5.0},{"damage":14.0,"enemies":"Sphere and 2 Shapes","floor":38.0,"turns":9.0},{"damage":4.0,"enemies":"Nemesis","floor":40.0,"turns":11.0},{"damage":18.0,"enemies":"Maw","floor":41.0,"turns":7.0},{"damage":29.0,"enemies":"Reptomancer","floor":42.0,"turns":6.0},{"damage":14.0,"enemies":"Writhing Mass","floor":44.0,"turns":8.0},{"damage":0.0,"enemies":"4 Shapes","floor":47.0,"turns":5.0},{"damage":16.0,"enemies":"Nemesis","floor":48.0,"turns":11.0},{"damage":36.0,"enemies":"Donu and Deca","floor":50.0,"turns":11.0},{"damage":29.0,"enemies":"Shield and Spear","floor":54.0,"turns":8.0},{"damage":60,"enemies":"The Heart","floor":55,"turns":12}],"seed_played":"-8999489498898539734","potions_obtained":[{"floor":1.0,"key":"FearPotion"},{"floor":4.0,"key":"Swift Potion"},{"floor":12.0,"key":"Explosive Potion"},{"floor":14.0,"key":"Strength Potion"},{"floor":19.0,"key":"Fruit Juice"},{"floor":19.0,"key":"SkillPotion"},{"floor":20.0,"key":"EssenceOfSteel"},{"floor":21.0,"key":"FocusPotion"},{"floor":28.0,"key":"GamblersBrew"},{"floor":30.0,"key":"Explosive Potion"},{"floor":35.0,"key":"Dexterity Potion"},{"floor":38.0,"key":"EssenceOfSteel"},{"floor":40.0,"key":"EssenceOfSteel"}],"is_trial":false,"path_per_floor":["M","?","M","M","$","E","M","R","T","$","R","E","M","E","R","B",null,"M","?","M","M","$","R","E","R","T","E","M","M","M","M","R","B",null,"M","?","M","M","?","E","M","E","T","M","R","$","M","E","R","B",null,"R","$","E","B"],"character_chosen":"DEFECT","items_purchased":["Mummified Hand","Fire Potion","BootSequence","Self Repair","Happy Flower","Loop+1","ClockworkSouvenir","Nunchaku","Strange Spoon","Creative AI+1","Sundial"],"campfire_rested":2,"item_purchase_floors":[5,5,10,10,22,46,46,46,53,53,53],"current_hp_per_floor":[68,51,44,44,44,36,27,27,27,27,47,33,40,32,32,39,61,66,66,73,73,73,73,73,73,73,62,52,49,48,55,55,37,64,62,62,44,37,37,47,43,28,28,21,42,42,56,54,54,32,63,63,63,41,0],"gold":259,"neow_bonus":"TWO_FIFTY_GOLD","is_prod":false,"is_daily":false,"chose_seed":false,"campfire_upgraded":6,"win_rate":0,"timestamp":1550675778,"path_taken":["M","?","M","M","$","E","M","R","T","?","R","E","M","E","R","BOSS","M","?","M","M","$","R","E","R","T","E","M","M","M","M","R","BOSS","M","?","?","M","?","E","M","E","T","M","R","$","M","E","R","BOSS","R","$","E","BOSS"],"build_version":"2019-01-23","purchased_purges":2,"victory":false,"max_hp_per_floor":[68,68,68,68,68,68,68,68,68,68,68,68,68,68,68,68,68,68,68,73,73,73,73,73,73,73,73,73,73,73,73,73,73,73,73,73,73,73,73,73,73,73,73,73,73,73,73,73,73,73,73,73,73,73,73],"card_choices":[{"not_picked":["Skim","Compile Driver","Scrape"],"picked":"SKIP","floor":1.0},{"not_picked":["Doom and Gloom","Sweeping Beam"],"picked":"Loop","floor":3.0},{"not_picked":["Turbo","Undo"],"picked":"Sunder","floor":4.0},{"not_picked":["Compile Driver","Streamline"],"picked":"Echo Form","floor":6.0},{"not_picked":["Recycle","Lockon"],"picked":"Leap","floor":7.0},{"not_picked":["Auto Shields","Darkness"],"picked":"Genetic Algorithm","floor":12.0},{"not_picked":["Self Repair","Go for the Eyes"],"picked":"Glacier","floor":13.0},{"not_picked":["Scrape","FTL"],"picked":"Fission","floor":14.0},{"not_picked":["Core Surge","Rainbow"],"picked":"Biased Cognition","floor":16.0},{"not_picked":["Compile Driver+1","Steam+1"],"picked":"Coolheaded","floor":18.0},{"not_picked":["Cold Snap+1","Go for the Eyes+1"],"picked":"Glacier","floor":20.0},{"not_picked":["Beam Cell","Turbo"],"picked":"Leap+1","floor":21.0},{"not_picked":["Stack","Sweeping Beam"],"picked":"Go for the Eyes","floor":24.0},{"not_picked":["Barrage","Redo"],"picked":"Creative AI+1","floor":27.0},{"not_picked":["Double Energy+1","Cold Snap"],"picked":"Consume","floor":28.0},{"not_picked":["Genetic Algorithm","Steam Power"],"picked":"Cold Snap","floor":29.0},{"not_picked":["Scrape","Melter+1","Redo"],"picked":"SKIP","floor":30.0},{"not_picked":["Redo","Leap"],"picked":"Ball Lightning","floor":31.0},{"not_picked":["Melter","Go for the Eyes+1"],"picked":"White Noise+1","floor":35.0},{"not_picked":["Steam+1","Sweeping Beam","Leap+1"],"picked":"SKIP","floor":37.0},{"not_picked":["Compile Driver+1","Coolheaded","Gash+1"],"picked":"SKIP","floor":38.0},{"not_picked":["Streamline","Conserve Battery+1","Barrage+1"],"picked":"SKIP","floor":40.0},{"not_picked":["Recycle+1","Streamline","Go for the Eyes"],"picked":"SKIP","floor":41.0},{"not_picked":["Creative AI+1","Go for the Eyes"],"picked":"Hologram","floor":42.0},{"not_picked":["Leap","Aggregate+1","Compile Driver"],"picked":"SKIP","floor":44.0},{"not_picked":["Rip and Tear+1","Streamline+1"],"picked":"Glacier+1","floor":47.0},{"not_picked":["Turbo+1","Self Repair+1","Streamline"],"picked":"SKIP","floor":48.0},{"not_picked":["Static Discharge+1","Steam Power","Hologram+1"],"picked":"SKIP","floor":54.0}],"player_experience":237260,"relics_obtained":[{"floor":6.0,"key":"Gremlin Horn"},{"floor":9.0,"key":"Cables"},{"floor":12.0,"key":"Blue Candle"},{"floor":14.0,"key":"Old Coin"},{"floor":24.0,"key":"Frozen Egg 2"},{"floor":26.0,"key":"MawBank"},{"floor":27.0,"key":"Lantern"},{"floor":40.0,"key":"Gambling Chip"},{"floor":42.0,"key":"DataDisk"},{"floor":48.0,"key":"Dodecahedron"},{"floor":54.0,"key":"Bag of Preparation"}],"event_choices":[{"damage_healed":0.0,"max_hp_gain":0.0,"max_hp_loss":0.0,"gold_gain":0.0,"event_name":"Golden Idol","player_choice":"Take Damage","floor":2.0,"gold_loss":0.0,"damage_taken":17.0,"relics_obtained":["Golden Idol"]},{"damage_healed":0.0,"max_hp_gain":0.0,"max_hp_loss":0.0,"gold_gain":0.0,"event_name":"Lab","player_choice":"Got Potions","floor":19.0,"gold_loss":0.0,"damage_taken":0.0},{"damage_healed":0.0,"max_hp_gain":0.0,"max_hp_loss":0.0,"gold_gain":0.0,"event_name":"Duplicator","player_choice":"Copied","floor":36.0,"gold_loss":0.0,"damage_taken":0.0,"cards_obtained":["Loop"]},{"damage_healed":0.0,"max_hp_gain":0.0,"max_hp_loss":0.0,"gold_gain":333.0,"event_name":"The Moai Head","player_choice":"Gave Idol","floor":39.0,"relics_lost":["Golden Idol"],"gold_loss":0.0,"damage_taken":0.0}],"is_beta":false,"boss_relics":[{"not_picked":["Philosopher\u0027s Stone","Nuclear Battery"],"picked":"Velvet Choker"},{"not_picked":["Runic Pyramid","Empty Cage"],"picked":"White Beast Statue"}],"items_purged_floors":[46,53],"is_endless":false,"potions_floor_spawned":[1,4,12,14,20,21,28,30,31,35,37,38,40,41,42,44,47,48,54],"killed_by":"The Heart","ascension_level":7}