{"gold_per_floor":[119,25,25,35,50,50,76,76,149,149,149,7,7,26,26,123,123,141,141,155,55,55,55,68,68,68,84,99,126,136,55,55,159,209,228,244,35,35,35,35,61,61,61,79,179,193,226,236,236,236,236,236,83,108,108],"floor_reached":56,"playtime":4644,"items_purged":["Regret","Strike_B"],"score":1250,"play_id":"c1c08fbc-22fa-482e-a0ee-285426fb7c7f","local_time":"20190226210450","is_ascension_mode":false,"campfire_choices":[{"data":"Genetic Algorithm","floor":6.0,"key":"SMITH"},{"data":"Capacitor","floor":8.0,"key":"SMITH"},{"data":"Steam","floor":11.0,"key":"SMITH"},{"data":"Blizzard","floor":15.0,"key":"SMITH"},{"data":"Cold Snap","floor":23.0,"key":"SMITH"},{"floor":25.0,"key":"REST"},{"floor":32.0,"key":"REST"},{"floor":40,"key":"RECALL"},{"floor":42,"key":"REST"},{"floor":49,"key":"REST"},{"data":"Defragment","floor":52,"key":"SMITH"}],"neow_cost":"NONE","seed_source_timestamp":0,"circlet_count":0,"master_deck":["Strike_B","Strike_B","Strike_B","Defend_B+1","Defend_B","Defend_B","Defend_B","Zap","Dualcast","FTL+1","Cold Snap+1","Steam+1","Genetic Algorithm+1","Cold Snap","Capacitor+1","Blizzard+1","Seek","Seek","Go for the Eyes+1","BootSequence+1","Defragment+1","Consume+1","Defragment+1","Reboot","Purity","Coolheaded+1"],"special_seed":0,"relics":["Cracked Core","NeowsBlessing","Bag of Preparation","Calipers","Lizard Tail","Bottled Flame","Peace Pipe","Tiny House","ClockworkSouvenir","Oddly Smooth Stone","Blue Candle","Thread and Needle","Pear","DataDisk"],"potions_floor_usage":[41,45,45,46,50,50,55,55],"damage_taken":[{"damage":0.0,"enemies":"Small Slimes","floor":1.0,"turns":1.0},{"damage":0.0,"enemies":"Cultist","floor":4.0,"turns":1.0},{"damage":0.0,"enemies":"Jaw Worm","floor":5.0,"turns":1.0},{"damage":20.0,"enemies":"Lagavulin","floor":7.0,"turns":6.0},{"damage":1.0,"enemies":"Looter","floor":14.0,"turns":3.0},{"damage":11.0,"enemies":"The Guardian","floor":16.0,"turns":14.0},{"damage":16.0,"enemies":"Spheric Guardian","floor":18.0,"turns":8.0},{"damage":4.0,"enemies":"3 Byrds","floor":20.0,"turns":6.0},{"damage":16.0,"enemies":"Sentry and Sphere","floor":24.0,"turns":10.0},{"damage":1.0,"enemies":"Centurion and Healer","floor":27.0,"turns":12.0},{"damage":1.0,"enemies":"Chosen and Byrds","floor":28.0,"turns":7.0},{"damage":7.0,"enemies":"Slavers","floor":29.0,"turns":10.0},{"damage":15.0,"enemies":"3 Cultists","floor":30.0,"turns":7.0},{"damage":33.0,"enemies":"Automaton","floor":33.0,"turns":19.0},{"damage":11.0,"enemies":"3 Darklings","floor":35.0,"turns":9.0},{"damage":14.0,"enemies":"3 Shapes","floor":36.0,"turns":6.0},{"damage":36,"enemies":"Nemesis","floor":41,"turns":11},{"damage":2,"enemies":"Spire Growth","floor":44,"turns":8},{"damage":0,"enemies":"Mind Bloom Boss Battle","floor":45,"turns":8},{"damage":5,"enemies":"Sphere and 2 Shapes","floor":46,"turns":14},{"damage":0,"enemies":"Giant Head","floor":47,"turns":16},{"damage":25,"enemies":"Transient","floor":48,"turns":5},{"damage":0,"enemies":"Awakened One","floor":50,"turns":23},{"damage":14,"enemies":"Shield and Spear","floor":54,"turns":20},{"damage":42,"enemies":"The Heart","floor":55,"turns":14}],"seed_played":"-7554730940685468872","potions_obtained":[{"floor":1.0,"key":"Regen Potion"},{"floor":7.0,"key":"Swift Potion"},{"floor":16.0,"key":"FocusPotion"},{"floor":20.0,"key":"PowerPotion"},{"floor":24.0,"key":"AttackPotion"},{"floor":28.0,"key":"FocusPotion"},{"floor":29.0,"key":"GamblersBrew"},{"floor":30.0,"key":"FearPotion"},{"floor":33.0,"key":"GamblersBrew"},{"floor":34.0,"key":"Fruit Juice"},{"floor":36.0,"key":"EntropicBrew"},{"floor":41,"key":"Explosive Potion"},{"floor":44,"key":"Explosive Potion"},{"floor":46,"key":"EssenceOfSteel"},{"floor":47,"key":"FearPotion"}],"is_trial":false,"path_per_floor":["M","$","?","M","M","R","E","R","T","?","R","$","?","M","R","B",null,"M","?","M","$","?","R","M","R","T","M","M","E","M","$","R","B",null,"M","M","$","?","?","R","E","R","T","M","?","M","E","M","R","B",null,"R","$","E","B",null],"character_chosen":"DEFECT","items_purchased":["Cold Snap","Steam","Blizzard","Defragment","ClockworkSouvenir","LiquidBronze","LiquidBronze"],"campfire_rested":4,"item_purchase_floors":[2,2,12,31,37,53,53],"current_hp_per_floor":[75,75,75,75,75,75,67,67,67,67,67,67,67,66,66,55,75,59,59,55,55,55,55,39,61,61,60,59,52,37,37,59,26,85,74,60,60,60,60,60,24,48,48,46,46,41,51,26,53,53,91,91,91,77,35],"gold":108,"neow_bonus":"THREE_ENEMY_KILL","is_prod":false,"is_daily":false,"chose_seed":true,"campfire_upgraded":6,"win_rate":0,"timestamp":1551182690,"path_taken":["M","$","?","M","?","R","E","R","T","?","R","$","?","M","R","BOSS","M","?","M","$","?","R","M","R","T","M","M","E","M","$","R","BOSS","M","M","$","?","?","R","E","R","T","?","?","M","E","M","R","BOSS","R","$","E","BOSS"],"build_version":"2019-01-23","purchased_purges":2,"victory":true,"max_hp_per_floor":[75,75,75,75,75,75,75,75,75,75,75,75,75,75,75,75,75,75,75,75,75,75,75,75,75,75,75,75,75,75,75,75,75,85,85,85,85,81,81,81,81,81,81,81,81,81,91,91,91,91,91,91,91,91,91],"card_choices":[{"not_picked":["Rebound","Redo"],"picked":"FTL","floor":1.0},{"not_picked":["Ball Lightning","Steam Power"],"picked":"Genetic Algorithm","floor":4.0},{"not_picked":["Go for the Eyes","Rebound"],"picked":"Cold Snap","floor":5.0},{"not_picked":["Gash","Beam Cell"],"picked":"Capacitor","floor":7.0},{"not_picked":["Hologram","Tempest"],"picked":"Seek","floor":14.0},{"not_picked":["Biased Cognition","Rainbow"],"picked":"Seek","floor":16.0},{"not_picked":["Steam+1","Recycle"],"picked":"Go for the Eyes+1","floor":18.0},{"not_picked":["Barrage","Cold Snap"],"picked":"BootSequence+1","floor":20.0},{"not_picked":["Reinforced Body+1","Streamline"],"picked":"Defragment+1","floor":24.0},{"not_picked":["Cold Snap","Steam"],"picked":"Consume+1","floor":27.0},{"not_picked":["Compile Driver","Recycle","Sweeping Beam+1"],"picked":"SKIP","floor":28.0},{"not_picked":["Stack+1","Sweeping Beam+1","Turbo"],"picked":"SKIP","floor":29.0},{"not_picked":["Self Repair","Go for the Eyes","Conserve Battery"],"picked":"SKIP","floor":30.0},{"not_picked":["Electrodynamics","Fission"],"picked":"Reboot","floor":33.0},{"not_picked":["Chaos+1","Melter","Compile Driver"],"picked":"SKIP","floor":35.0},{"not_picked":["Coolheaded","Redo","Tempest"],"picked":"SKIP","floor":36.0},{"not_picked":["Darkness+1","Aggregate"],"picked":"Coolheaded+1","floor":41},{"not_picked":["Steam+1","Go for the Eyes+1","Coolheaded"],"picked":"SKIP","floor":44},{"not_picked":["Doom and Gloom+1","Steam","Rebound+1"],"picked":"SKIP","floor":46},{"not_picked":["Electrodynamics","Streamline","Hologram"],"picked":"SKIP","floor":47},{"not_picked":["Steam Power+1","Cold Snap","Streamline+1"],"picked":"SKIP","floor":48},{"not_picked":["Turbo+1","Steam+1","Rip and Tear+1"],"picked":"SKIP","floor":54}],"player_experience":760632,"relics_obtained":[{"floor":7.0,"key":"Bag of Preparation"},{"floor":26.0,"key":"Bottled Flame"},{"floor":29.0,"key":"Peace Pipe"},{"floor":41,"key":"Oddly Smooth Stone"},{"floor":43,"key":"Blue Candle"},{"floor":45,"key":"Thread and Needle"},{"floor":47,"key":"Pear"},{"floor":54,"key":"DataDisk"}],"event_choices":[{"damage_healed":0.0,"max_hp_gain":0.0,"max_hp_loss":0.0,"gold_gain":0.0,"event_name":"Upgrade Shrine","player_choice":"Upgraded","floor":3.0,"gold_loss":0.0,"damage_taken":0.0,"cards_upgraded":["FTL"]},{"damage_healed":0.0,"max_hp_gain":0.0,"max_hp_loss":0.0,"gold_gain":0.0,"event_name":"Big Fish","player_choice":"Box","floor":10.0,"gold_loss":0.0,"damage_taken":0.0,"relics_obtained":["Calipers"],"cards_obtained":["Regret"]},{"damage_healed":0.0,"max_hp_gain":0.0,"max_hp_loss":0.0,"gold_gain":0.0,"event_name":"Dead Adventurer","player_choice":"Searched \u00270\u0027 times","floor":13.0,"gold_loss":0.0,"damage_taken":0.0},{"damage_healed":0.0,"max_hp_gain":0.0,"max_hp_loss":0.0,"gold_gain":0.0,"event_name":"Vampires","player_choice":"Ignored","floor":19.0,"gold_loss":0.0,"damage_taken":0.0},{"damage_healed":0.0,"max_hp_gain":0.0,"max_hp_loss":0.0,"gold_gain":0.0,"event_name":"Beggar","player_choice":"Ignored","floor":22.0,"gold_loss":0.0,"damage_taken":0.0},{"damage_healed":0.0,"max_hp_gain":0.0,"max_hp_loss":4.0,"gold_gain":0.0,"event_name":"Winding Halls","player_choice":"Max HP","floor":38.0,"gold_loss":0.0,"damage_taken":0.0},{"damage_healed":0,"gold_gain":0,"player_choice":"1 cards matched","damage_taken":0,"max_hp_gain":0,"max_hp_loss":0,"event_name":"Match and Keep!","floor":39,"gold_loss":0,"cards_obtained":["Purity"]},{"damage_healed":0,"gold_gain":0,"player_choice":"Fight","damage_taken":0,"max_hp_gain":0,"max_hp_loss":0,"event_name":"MindBloom","floor":45,"gold_loss":0}],"is_beta":false,"boss_relics":[{"not_picked":["White Beast Statue","Fusion Hammer"],"picked":"Lizard Tail"},{"not_picked":["Runic Dome","Philosopher\u0027s Stone"],"picked":"Tiny House"}],"items_purged_floors":[12,21],"is_endless":false,"potions_floor_spawned":[1,7,16,20,24,28,29,30,33,36,41,44,46,47],"ascension_level":0}