{"gold_per_floor":[116,116,66,66,81,81,109,120,120,120,150,160,195,214,214,318,318,337,71,71,71,85,85,114,114,140,174,174,191,191,204,204,308,308,321,73,73,121,139,170,182,194],"floor_reached":42,"playtime":4054,"items_purged":["Venomology","Shame"],"score":760,"play_id":"dcf547b4-ab68-4ec7-9c59-d46a639b05ba","local_time":"20190216145733","is_ascension_mode":true,"campfire_choices":[{"data":"Neutralize","floor":6.0,"key":"SMITH"},{"floor":10.0,"key":"REST"},{"floor":15.0,"key":"REST"},{"data":"Noxious Fumes","floor":23,"key":"SMITH"},{"floor":25,"key":"REST"},{"floor":30,"key":"REST"},{"data":"Cloak And Dagger","floor":32,"key":"SMITH"},{"floor":41,"key":"REST"}],"neow_cost":"NONE","seed_source_timestamp":0,"circlet_count":0,"master_deck":["Defend_G","Defend_G","Defend_G","Strike_G","Strike_G","Strike_G","Survivor","Neutralize+1","Leg Sweep+1","Slice+1","Slice+1","Choke+1","Dagger Spray","Heel Hook","Noxious Fumes+1","Night Terror","Backflip","Quick Slash","Bane","Dagger Spray","Blade Dance","Deflect+1","Infinite Blades","Cloak And Dagger","Dagger Throw+1","Infinite Blades+1","Dagger Throw","Well Laid Plans","Cloak And Dagger+1","Deflect","Endless Agony","Noxious Fumes","Tools of the Trade","Slice+1","Predator+1","Finisher+1"],"special_seed":0,"relics":["Astrolabe","Mummified Hand","Potion Belt","Orichalcum","Prayer Wheel","Sozu","Snake Skull","Ornamental Fan","Ancient Tea Set","Vajra","Pantograph","Black Star","PreservedInsect","Bird Faced Urn","Strawberry","MawBank"],"potions_floor_usage":[33,38],"damage_taken":[{"damage":2.0,"enemies":"2 Louse","floor":1.0,"turns":4.0},{"damage":0.0,"enemies":"Jaw Worm","floor":5.0,"turns":4.0},{"damage":28.0,"enemies":"3 Sentries","floor":7.0,"turns":8.0},{"damage":0.0,"enemies":"Cultist","floor":8.0,"turns":2.0},{"damage":11.0,"enemies":"Lagavulin","floor":11.0,"turns":5.0},{"damage":0.0,"enemies":"Red Slaver","floor":12.0,"turns":2.0},{"damage":18.0,"enemies":"3 Sentries","floor":13.0,"turns":7.0},{"damage":5.0,"enemies":"Exordium Thugs","floor":14.0,"turns":3.0},{"damage":12.0,"enemies":"The Guardian","floor":16.0,"turns":13.0},{"damage":7,"enemies":"Shell Parasite","floor":18,"turns":4},{"damage":0,"enemies":"3 Byrds","floor":22,"turns":4},{"damage":39,"enemies":"Book of Stabbing","floor":24,"turns":6},{"damage":0,"enemies":"Gremlin Leader","floor":27,"turns":4},{"damage":9,"enemies":"Cultist and Chosen","floor":29,"turns":6},{"damage":0,"enemies":"3 Cultists","floor":31,"turns":4},{"damage":56,"enemies":"Champ","floor":33,"turns":10},{"damage":39,"enemies":"3 Darklings","floor":35,"turns":5},{"damage":20,"enemies":"2 Orb Walkers","floor":38,"turns":5},{"damage":0,"enemies":"3 Shapes","floor":39,"turns":6},{"damage":43,"enemies":"Nemesis","floor":40,"turns":5},{"damage":56,"enemies":"Reptomancer","floor":42,"turns":5}],"seed_played":"169496555872756758","potions_obtained":[{"floor":1.0,"key":"GhostInAJar"},{"floor":7.0,"key":"Fire Potion"},{"floor":11.0,"key":"Weak Potion"},{"floor":13.0,"key":"Block Potion"}],"is_trial":false,"path_per_floor":["M","$","?","?","M","R","E","M","T","R","E","M","E","M","R","B",null,"M","$","?","?","M","R","E","R","T","E","?","M","R","M","R","B",null,"M","$","?","?","M","E","R","E"],"character_chosen":"THE_SILENT","items_purchased":["Infinite Blades","Snake Skull","PreservedInsect"],"campfire_rested":5,"item_purchase_floors":[19,19,36],"current_hp_per_floor":[61,61,61,61,61,61,33,33,33,54,43,43,25,20,41,29,60,53,53,53,53,53,53,14,35,35,35,35,26,47,47,47,14,56,17,17,61,41,49,25,45,0],"gold":194,"neow_bonus":"BOSS_RELIC","is_prod":false,"is_daily":false,"chose_seed":false,"campfire_upgraded":3,"win_rate":0,"timestamp":1550357853,"path_taken":["M","$","?","?","M","R","E","?","T","R","E","M","E","M","R","BOSS","M","?","?","?","M","R","E","R","T","E","?","M","R","?","R","BOSS","M","$","?","?","M","E","R","E"],"build_version":"2019-01-23","purchased_purges":2,"victory":false,"max_hp_per_floor":[70,70,70,70,70,70,70,70,70,70,70,70,70,70,70,70,70,70,70,70,70,70,70,70,70,70,70,70,70,70,70,70,70,70,70,70,61,61,61,68,68,68],"card_choices":[{"not_picked":["Leg Sweep","Skewer"],"picked":"Choke","floor":1.0},{"not_picked":["Accuracy","Slice"],"picked":"Dagger Spray","floor":5.0},{"not_picked":["Predator","Quick Slash"],"picked":"Heel Hook","floor":7.0},{"not_picked":["Bouncing Flask","Sucker Punch"],"picked":"Noxious Fumes","floor":8.0},{"not_picked":["Finisher","PiercingWail"],"picked":"Night Terror","floor":11.0},{"not_picked":["Outmaneuver","Acrobatics"],"picked":"Backflip","floor":12.0},{"not_picked":["Riddle With Holes","Grand Finale"],"picked":"Quick Slash","floor":13.0},{"not_picked":["Dagger Throw","Dagger Spray"],"picked":"Bane","floor":14.0},{"not_picked":["Calculated Gamble","Underhanded Strike"],"picked":"Dagger Spray","floor":14.0},{"not_picked":["Die Die Die","Doppelganger"],"picked":"Venomology","floor":16.0},{"not_picked":["Deflect","Noxious Fumes"],"picked":"Blade Dance","floor":18},{"not_picked":["Backflip","Caltrops"],"picked":"Deflect+1","floor":18},{"not_picked":["Night Terror","Slice+1"],"picked":"Dagger Throw+1","floor":22},{"not_picked":["Deadly Poison+1","Deflect+1"],"picked":"Infinite Blades+1","floor":22},{"not_picked":["Quick Slash","Underhanded Strike"],"picked":"Dagger Throw","floor":24},{"not_picked":["Infinite Blades+1","Quick Slash"],"picked":"Well Laid Plans","floor":27},{"not_picked":["PiercingWail+1","Blur"],"picked":"Cloak And Dagger","floor":29},{"not_picked":["Concentrate","Sucker Punch"],"picked":"Deflect","floor":29},{"not_picked":["Tactician","Deadly Poison"],"picked":"Endless Agony","floor":31},{"not_picked":["Dash","Prepared"],"picked":"Noxious Fumes","floor":31},{"not_picked":["Phantasmal Killer","Die Die Die"],"picked":"Tools of the Trade","floor":33},{"not_picked":["Dagger Spray","Sucker Punch+1"],"picked":"Slice+1","floor":35},{"not_picked":["Dagger Throw","Deflect+1"],"picked":"Predator+1","floor":35},{"not_picked":["Outmaneuver","Deflect"],"picked":"Finisher+1","floor":38},{"not_picked":["Calculated Gamble","Reflex+1","Skewer"],"picked":"SKIP","floor":39},{"not_picked":["Deadly Poison","Flying Knee","PiercingWail"],"picked":"SKIP","floor":39},{"not_picked":["Storm of Steel","Flying Knee","Bane+1"],"picked":"SKIP","floor":40}],"player_experience":412913,"relics_obtained":[{"floor":7.0,"key":"Mummified Hand"},{"floor":9.0,"key":"Potion Belt"},{"floor":11.0,"key":"Orichalcum"},{"floor":13.0,"key":"Prayer Wheel"},{"floor":24,"key":"Ancient Tea Set"},{"floor":26,"key":"Vajra"},{"floor":27,"key":"Pantograph"},{"floor":38,"key":"Bird Faced Urn"},{"floor":40,"key":"Strawberry"},{"floor":40,"key":"MawBank"}],"event_choices":[{"cards_removed":["Defend_G"],"damage_healed":0.0,"max_hp_gain":0.0,"max_hp_loss":0.0,"gold_gain":0.0,"event_name":"The Cleric","player_choice":"Card Removal","floor":3.0,"gold_loss":50.0,"damage_taken":0.0},{"damage_healed":0.0,"max_hp_gain":0.0,"max_hp_loss":0.0,"gold_gain":0.0,"event_name":"Upgrade Shrine","player_choice":"Upgraded","floor":4.0,"gold_loss":0.0,"damage_taken":0.0,"cards_upgraded":["Choke"]},{"damage_healed":0,"gold_gain":0,"player_choice":"Stole Relic","damage_taken":0,"relics_obtained":["Ornamental Fan"],"max_hp_gain":0,"max_hp_loss":0,"event_name":"Addict","floor":20,"gold_loss":0,"cards_obtained":["Shame"]},{"damage_healed":0,"gold_gain":0,"player_choice":"Read","damage_taken":0,"max_hp_gain":0,"max_hp_loss":0,"event_name":"The Library","floor":21,"gold_loss":0,"cards_obtained":["Cloak And Dagger"]},{"damage_healed":0,"gold_gain":0,"player_choice":"Ignored","damage_taken":0,"max_hp_gain":0,"max_hp_loss":0,"event_name":"Vampires","floor":28,"gold_loss":0},{"damage_healed":61,"gold_gain":0,"player_choice":"Heal","damage_taken":0,"max_hp_gain":0,"max_hp_loss":9,"event_name":"The Moai Head","floor":37,"gold_loss":0},{"damage_healed":0,"gold_gain":0,"player_choice":"Fight","damage_taken":0,"max_hp_gain":0,"max_hp_loss":0,"event_name":"Mysterious Sphere","floor":38,"gold_loss":0}],"is_beta":false,"boss_relics":[{"not_picked":["Philosopher\u0027s Stone","HoveringKite"],"picked":"Sozu"},{"not_picked":["Snecko Eye","White Beast Statue"],"picked":"Black Star"}],"items_purged_floors":[19,36],"is_endless":false,"potions_floor_spawned":[1,7,11,13,18,24,27,29,35],"killed_by":"Reptomancer","ascension_level":9}