{"gold_per_floor":[113,38,38,55,71,98,98,98,98,98,123,123,123,151,151,250,250,265,279,279,279,279,279,313,313,359,390,402,402,413,430,430,531,531,546,546,190,190,41,74,74,74,100,100,100,131,141,151,151,151],"floor_reached":50,"playtime":5405,"items_purged":["Strike_R","Defend_R","Defend_R"],"score":585,"play_id":"64a98e20-d976-41c1-b1f4-90cabbac69be","local_time":"20190109030337","is_ascension_mode":true,"campfire_choices":[{"floor":8,"key":"REST"},{"data":"Flame Barrier","floor":10,"key":"SMITH"},{"data":"Battle Trance","floor":13,"key":"SMITH"},{"data":"Twin Strike","floor":15,"key":"SMITH"},{"floor":23,"key":"REST"},{"floor":25,"key":"REST"},{"floor":32,"key":"REST"},{"floor":41,"key":"REST"},{"floor":44,"key":"REST"},{"floor":49,"key":"REST"}],"neow_cost":"NONE","seed_source_timestamp":798870832191468,"circlet_count":0,"master_deck":["Strike_R+1","Strike_R+1","Defend_R+1","Bash+1","Panacea+1","Pommel Strike+1","Flame Barrier+1","Battle Trance+1","Burning Pact+1","Twin Strike+1","Reaper+1","Bloodletting+1","Brutality+1","Pommel Strike+1","Shrug It Off+1","Sentinel+1","Berserk+1","Reaper+1","Shrug It Off+1","Feed+1"],"relics":["Burning Blood","Juzu Bracelet","Sundial","Gremlin Horn","Happy Flower","Shuriken","Odd Mushroom","Fusion Hammer","Meat on the Bone","Bag of Marbles","Vajra","Philosopher\u0027s Stone","Matryoshka","Ancient Tea Set","Mark of the Bloom","Ornamental Fan","Lantern","Centennial Puzzle","Mummified Hand","Regal Pillow"],"potions_floor_usage":[6,27,27,40,40,50,50],"damage_taken":[{"damage":5,"enemies":"Small Slimes","floor":1,"turns":4},{"damage":0,"enemies":"Cultist","floor":4,"turns":2},{"damage":4,"enemies":"Jaw Worm","floor":5,"turns":4},{"damage":28,"enemies":"Lagavulin","floor":6,"turns":8},{"damage":8,"enemies":"The Mushroom Lair","floor":14,"turns":5},{"damage":16,"enemies":"The Guardian","floor":16,"turns":13},{"damage":7,"enemies":"Chosen","floor":18,"turns":4},{"damage":14,"enemies":"Shell Parasite","floor":19,"turns":3},{"damage":45,"enemies":"Slavers","floor":24,"turns":6},{"damage":40,"enemies":"Gremlin Leader","floor":27,"turns":4},{"damage":20,"enemies":"Snake Plant","floor":28,"turns":4},{"damage":0,"enemies":"Snecko","floor":30,"turns":4},{"damage":5,"enemies":"Sentry and Sphere","floor":31,"turns":5},{"damage":17,"enemies":"Collector","floor":33,"turns":11},{"damage":39,"enemies":"3 Darklings","floor":35,"turns":4},{"damage":50,"enemies":"Nemesis","floor":40,"turns":9},{"damage":15,"enemies":"Giant Head","floor":46,"turns":7},{"damage":0,"enemies":"Orb Walker","floor":47,"turns":2},{"damage":2,"enemies":"Spire Growth","floor":48,"turns":3},{"damage":67,"enemies":"Time Eater","floor":50,"turns":9}],"seed_played":"5880056676052922971","potions_obtained":[{"floor":1,"key":"LiquidBronze"},{"floor":14,"key":"PowerPotion"},{"floor":16,"key":"SpeedPotion"},{"floor":18,"key":"SteroidPotion"},{"floor":28,"key":"Dexterity Potion"},{"floor":33,"key":"Energy Potion"},{"floor":48,"key":"PowerPotion"}],"is_trial":false,"path_per_floor":["M","$","?","M","M","E","T","R","T","R","T","T","R","?","R","B",null,"M","M","?","?","?","R","E","R","T","E","M","?","M","M","R","B",null,"M","?","$","?","$","E","R","?","T","R","T","E","M","M","R","B"],"character_chosen":"IRONCLAD","items_purchased":["Matryoshka","Shrug It Off"],"campfire_rested":7,"item_purchase_floors":[37,39],"current_hp_per_floor":[80,80,80,80,80,58,58,80,80,80,80,80,80,78,78,68,80,80,72,72,72,72,80,55,79,79,80,72,72,80,80,80,73,80,74,74,74,74,74,55,79,79,79,79,79,64,64,62,62,0],"gold":151,"neow_bonus":"RANDOM_COLORLESS","is_prod":false,"is_daily":false,"chose_seed":false,"campfire_upgraded":3,"win_rate":0,"timestamp":1547031817,"path_taken":["M","$","?","?","M","E","?","R","T","R","?","?","R","?","R","BOSS","M","M","?","?","?","R","E","R","T","E","M","?","M","M","R","BOSS","M","?","$","?","$","E","R","?","T","R","?","E","M","M","R","BOSS"],"build_version":"2019-01-03v4","purchased_purges":3,"victory":false,"max_hp_per_floor":[80,80,80,80,80,80,80,80,80,80,80,80,80,80,80,80,80,80,80,80,80,80,80,80,80,80,80,80,80,80,80,80,80,80,80,80,80,80,80,80,80,80,80,80,80,84,88,88,88,88],"card_choices":[{"not_picked":["Warcry","Perfected Strike"],"picked":"Pommel Strike","floor":1},{"not_picked":["Perfected Strike","Clothesline"],"picked":"Flame Barrier","floor":4},{"not_picked":["Body Slam","Thunderclap"],"picked":"Battle Trance","floor":5},{"not_picked":["Blood for Blood","Dark Embrace"],"picked":"Burning Pact","floor":6},{"not_picked":["Rupture","Sword Boomerang"],"picked":"Twin Strike","floor":14},{"not_picked":["Exhume","Limit Break"],"picked":"Reaper","floor":16},{"not_picked":["True Grit","Twin Strike+1"],"picked":"Bloodletting","floor":18},{"not_picked":["Wild Strike","Intimidate","Dual Wield"],"picked":"SKIP","floor":19},{"not_picked":["Shockwave","Cleave+1"],"picked":"Shrug It Off+1","floor":24},{"not_picked":["Cleave","Battle Trance+1"],"picked":"Sentinel","floor":27},{"not_picked":["Pommel Strike","Flex"],"picked":"Berserk","floor":28},{"not_picked":["Perfected Strike","Sword Boomerang","Ghostly Armor"],"picked":"SKIP","floor":30},{"not_picked":["Body Slam","Heavy Blade+1","Sword Boomerang"],"picked":"SKIP","floor":31},{"not_picked":["Double Tap","Barricade"],"picked":"Reaper","floor":33},{"not_picked":["Corruption","Clothesline+1","Wild Strike"],"picked":"SKIP","floor":35},{"not_picked":["Iron Wave+1","Clothesline+1"],"picked":"Feed","floor":40},{"not_picked":["Warcry","Spot Weakness","Combust+1"],"picked":"SKIP","floor":46},{"not_picked":["Anger","Second Wind","Warcry"],"picked":"SKIP","floor":47},{"not_picked":["Headbutt+1","Iron Wave","Uppercut"],"picked":"SKIP","floor":48}],"player_experience":59751,"relics_obtained":[{"floor":6,"key":"Juzu Bracelet"},{"floor":7,"key":"Sundial"},{"floor":9,"key":"Gremlin Horn"},{"floor":11,"key":"Happy Flower"},{"floor":12,"key":"Shuriken"},{"floor":14,"key":"Odd Mushroom"},{"floor":24,"key":"Meat on the Bone"},{"floor":26,"key":"Bag of Marbles"},{"floor":27,"key":"Vajra"},{"floor":40,"key":"Ancient Tea Set"},{"floor":43,"key":"Ornamental Fan"},{"floor":43,"key":"Lantern"},{"floor":45,"key":"Centennial Puzzle"},{"floor":45,"key":"Mummified Hand"},{"floor":46,"key":"Regal Pillow"}],"event_choices":[{"damage_healed":0,"gold_gain":0,"player_choice":"Forge","damage_taken":0,"max_hp_gain":0,"max_hp_loss":0,"event_name":"Accursed Blacksmith","floor":3,"gold_loss":0,"cards_upgraded":["Pommel Strike"]},{"damage_healed":0,"gold_gain":0,"player_choice":"Fought Mushrooms","damage_taken":0,"max_hp_gain":0,"max_hp_loss":0,"event_name":"Mushrooms","floor":14,"gold_loss":0},{"damage_healed":0,"gold_gain":0,"cards_transformed":["Strike_R","Defend_R"],"player_choice":"Became Test Subject","damage_taken":0,"max_hp_gain":0,"max_hp_loss":0,"event_name":"Drug Dealer","floor":20,"gold_loss":0,"cards_obtained":["Brutality","Pommel Strike"]},{"damage_healed":0,"gold_gain":0,"player_choice":"Ignored","damage_taken":0,"max_hp_gain":0,"max_hp_loss":0,"event_name":"Ghosts","floor":21,"gold_loss":0},{"cards_removed":["Strike_R"],"damage_healed":0,"gold_gain":0,"player_choice":"Elegance","damage_taken":0,"max_hp_gain":0,"max_hp_loss":0,"event_name":"Back to Basics","floor":22,"gold_loss":0},{"damage_healed":0,"gold_gain":0,"player_choice":"Ignored","damage_taken":0,"max_hp_gain":0,"max_hp_loss":0,"event_name":"Cursed Tome","floor":29,"gold_loss":0},{"damage_healed":0,"gold_gain":0,"player_choice":"Ignored","damage_taken":0,"max_hp_gain":0,"max_hp_loss":0,"event_name":"SecretPortal","floor":36,"gold_loss":0},{"damage_healed":0,"gold_gain":0,"player_choice":"Ignored","damage_taken":0,"max_hp_gain":0,"max_hp_loss":0,"event_name":"Tomb of Lord Red Mask","floor":38,"gold_loss":0},{"damage_healed":0,"gold_gain":0,"player_choice":"Upgrade","damage_taken":0,"relics_obtained":["Mark of the Bloom"],"max_hp_gain":0,"max_hp_loss":0,"event_name":"MindBloom","floor":42,"gold_loss":0,"cards_upgraded":["Strike_R","Strike_R","Defend_R","Bash","Panacea","Burning Pact","Reaper","Bloodletting","Brutality","Pommel Strike","Sentinel","Berserk","Reaper","Shrug It Off","Feed"]}],"is_beta":false,"boss_relics":[{"not_picked":["Runic Cube","Orrery"],"picked":"Fusion Hammer"},{"not_picked":["Empty Cage","Mark of Pain"],"picked":"Philosopher\u0027s Stone"}],"items_purged_floors":[2,37,39],"is_endless":false,"potions_floor_spawned":[1,14,16,18,19,28,33,35,48],"killed_by":"Time Eater","ascension_level":2}