{"gold_per_floor":[118,132,132,151,151,186,186,186,186,186,186,198,213,278,278,383,383,396,103,203,55,55,55,55],"floor_reached":24,"playtime":1377,"items_purged":[],"score":253,"play_id":"bc3af62e-a92d-430c-b924-9de27b5db45a","local_time":"20190206103618","is_ascension_mode":true,"campfire_choices":[{"floor":8,"key":"REST"},{"data":"Flame Barrier","floor":10,"key":"SMITH"},{"data":"Armaments","floor":15,"key":"SMITH"},{"floor":23,"key":"REST"}],"neow_cost":"NONE","seed_source_timestamp":2153511418848980,"circlet_count":0,"master_deck":["Strike_R","Strike_R","Strike_R","Strike_R","Defend_R","Defend_R","Defend_R","Bash","Sentinel","Thunderclap+1","Flame Barrier+1","Pommel Strike","Iron Wave","Twin Strike+1","Armaments+1","Demon Form","Twin Strike+1","Bloodletting+1","Writhe"],"relics":["Black Blood","NeowsBlessing","Bottled Lightning","Bag of Marbles","Centennial Puzzle","Tiny Chest","Magic Flower","Bird Faced Urn","Dodecahedron","Whetstone","The Courier"],"potions_floor_usage":[6,14,16,20],"damage_taken":[{"damage":0,"enemies":"Jaw Worm","floor":1,"turns":1},{"damage":0,"enemies":"Cultist","floor":2,"turns":1},{"damage":0,"enemies":"Small Slimes","floor":4,"turns":1},{"damage":30,"enemies":"Lagavulin","floor":6,"turns":8},{"damage":5,"enemies":"Looter","floor":12,"turns":5},{"damage":3,"enemies":"Blue Slaver","floor":13,"turns":5},{"damage":20,"enemies":"3 Sentries","floor":14,"turns":7},{"damage":49,"enemies":"Hexaghost","floor":16,"turns":10},{"damage":0,"enemies":"3 Byrds","floor":18,"turns":1},{"damage":33,"enemies":"Colosseum Slavers","floor":20,"turns":6},{"damage":27,"enemies":"Colosseum Nobs","floor":20,"turns":6},{"damage":83,"enemies":"Book of Stabbing","floor":24,"turns":6}],"seed_played":"-2232674663547886081","potions_obtained":[{"floor":4,"key":"PowerPotion"},{"floor":13,"key":"Explosive Potion"},{"floor":14,"key":"LiquidBronze"},{"floor":18,"key":"Ancient Potion"}],"is_trial":false,"path_per_floor":["M","M","?","M","?","E","$","R","T","R","?","M","M","E","R","B",null,"M","$","?","$","?","R","E"],"character_chosen":"IRONCLAD","items_purchased":["Magic Flower","Whetstone"],"campfire_rested":2,"item_purchase_floors":[19,21],"current_hp_per_floor":[80,80,80,80,73,49,49,73,73,73,70,71,74,60,60,17,64,74,74,44,44,44,68,0],"gold":55,"neow_bonus":"THREE_ENEMY_KILL","is_prod":false,"is_daily":false,"chose_seed":false,"campfire_upgraded":2,"win_rate":0,"timestamp":1549478178,"path_taken":["M","M","?","?","?","E","$","R","T","R","?","M","M","E","R","BOSS","M","$","?","$","?","R","E"],"build_version":"2019-01-23","purchased_purges":0,"victory":false,"max_hp_per_floor":[80,80,80,80,80,80,80,80,80,80,80,80,80,80,80,80,80,80,80,80,80,80,80,80],"card_choices":[{"not_picked":["Clash","Sever Soul"],"picked":"Sentinel","floor":1},{"not_picked":["Sword Boomerang","Warcry"],"picked":"Thunderclap","floor":2},{"not_picked":["Berserk","Havoc"],"picked":"Flame Barrier","floor":4},{"not_picked":["Evolve","Barricade"],"picked":"Pommel Strike","floor":6},{"not_picked":["Perfected Strike","True Grit"],"picked":"Iron Wave","floor":12},{"not_picked":["Corruption","Body Slam"],"picked":"Twin Strike","floor":13},{"not_picked":["Clothesline","Cleave"],"picked":"Armaments","floor":14},{"not_picked":["Brutality","Fiend Fire"],"picked":"Demon Form","floor":16},{"not_picked":["Second Wind","Clash+1"],"picked":"Twin Strike+1","floor":18},{"not_picked":["Rage","Heavy Blade"],"picked":"Bloodletting+1","floor":20}],"player_experience":255349,"relics_obtained":[{"floor":6,"key":"Bottled Lightning"},{"floor":9,"key":"Bag of Marbles"},{"floor":14,"key":"Tiny Chest"},{"floor":20,"key":"Bird Faced Urn"},{"floor":20,"key":"Dodecahedron"}],"event_choices":[{"cards_removed":["Defend_R"],"damage_healed":0,"gold_gain":0,"player_choice":"Purged","damage_taken":0,"max_hp_gain":0,"max_hp_loss":0,"event_name":"Purifier","floor":3,"gold_loss":0},{"cards_removed":["Strike_R"],"damage_healed":0,"gold_gain":0,"player_choice":"Card Removal","damage_taken":7,"max_hp_gain":0,"max_hp_loss":0,"event_name":"Golden Wing","floor":5,"gold_loss":0},{"damage_healed":0,"gold_gain":0,"player_choice":"Success","damage_taken":3,"relics_obtained":["Centennial Puzzle"],"max_hp_gain":0,"max_hp_loss":0,"event_name":"Scrap Ooze","floor":11,"gold_loss":0},{"damage_healed":0,"gold_gain":0,"player_choice":"Fight","damage_taken":0,"max_hp_gain":0,"max_hp_loss":0,"event_name":"Colosseum","floor":20,"gold_loss":0},{"damage_healed":0,"gold_gain":0,"player_choice":"Fought Nobs","damage_taken":0,"max_hp_gain":0,"max_hp_loss":0,"event_name":"Colosseum","floor":20,"gold_loss":0},{"damage_healed":0,"gold_gain":0,"player_choice":"Opened","damage_taken":0,"relics_obtained":["The Courier"],"max_hp_gain":0,"max_hp_loss":0,"event_name":"The Mausoleum","floor":22,"gold_loss":0,"cards_obtained":["Writhe"]}],"is_beta":false,"boss_relics":[{"not_picked":["Snecko Eye","Orrery"],"picked":"Black Blood"}],"items_purged_floors":[],"is_endless":false,"potions_floor_spawned":[4,13,14,18,20],"killed_by":"Book of Stabbing","ascension_level":5}