{"gold_per_floor":[119,131,91,56,70,96,96,126,174,188,201,201,201,201,201,301,301,316,330,330,330,347,363,363,375,375,386,386,401,107,107],"floor_reached":31,"playtime":2119,"items_purged":["Heatsinks"],"score":311,"play_id":"bc509cdc-038f-436b-a4e3-3953a255610d","local_time":"20190121231847","is_ascension_mode":true,"campfire_choices":[{"floor":7,"key":"REST"},{"floor":15,"key":"REST"}],"neow_cost":"PERCENT_DAMAGE","seed_source_timestamp":816119737838442,"circlet_count":0,"master_deck":["Strike_B","Strike_B","Defend_B","Defend_B","Zap","Dualcast","Compile Driver","Melter","Capacitor","Cold Snap","Cold Snap","Stack","Leap","Conserve Battery","Buffer","Redo+1","Leap+1","Redo+1","Cold Snap+1","Streamline+1","Ghostly","Ghostly","Ghostly","Ghostly","Ghostly","Gash+1","Gash+1","Ball Lightning","Compile Driver+1"],"relics":["Cracked Core","Peace Pipe","The Courier","Pen Nib","Vajra","Astrolabe","Sundial","Bottled Lightning","Ornamental Fan","Unceasing Top"],"potions_floor_usage":[10,16,29],"damage_taken":[{"damage":7,"enemies":"2 Louse","floor":1,"turns":3},{"damage":11,"enemies":"Small Slimes","floor":2,"turns":3},{"damage":1,"enemies":"Cultist","floor":5,"turns":3},{"damage":29,"enemies":"3 Sentries","floor":6,"turns":7},{"damage":22,"enemies":"Gremlin Nob","floor":8,"turns":4},{"damage":6,"enemies":"Exordium Thugs","floor":10,"turns":5},{"damage":7,"enemies":"3 Louse","floor":11,"turns":2},{"damage":43,"enemies":"The Guardian","floor":16,"turns":13},{"damage":4,"enemies":"Spheric Guardian","floor":18,"turns":4},{"damage":20,"enemies":"Shell Parasite","floor":19,"turns":5},{"damage":10,"enemies":"Shelled Parasite and Fungi","floor":22,"turns":7},{"damage":1,"enemies":"Sentry and Sphere","floor":23,"turns":5},{"damage":13,"enemies":"Snake Plant","floor":25,"turns":7},{"damage":12,"enemies":"3 Cultists","floor":27,"turns":7},{"damage":0,"enemies":"Cultist and Chosen","floor":29,"turns":8},{"damage":1,"enemies":"Slavers","floor":31,"turns":1}],"seed_played":"-6103945005597048343","potions_obtained":[{"floor":1,"key":"Energy Potion"},{"floor":8,"key":"EssenceOfSteel"},{"floor":11,"key":"Poison Potion"},{"floor":18,"key":"Weak Potion"},{"floor":25,"key":"SkillPotion"}],"is_trial":false,"path_per_floor":["M","M","$","?","M","E","R","E","T","M","M","?","?","?","R","B",null,"M","M","?","?","M","M","T","M","T","M","?","M","$","E"],"character_chosen":"DEFECT","items_purchased":["Capacitor","Unceasing Top"],"campfire_rested":2,"item_purchase_floors":[3,30],"current_hp_per_floor":[47,36,36,54,53,24,46,24,24,18,11,11,11,29,51,8,75,71,51,37,37,27,26,26,13,13,1,1,1,1,0],"gold":107,"neow_bonus":"ONE_RARE_RELIC","is_prod":false,"is_daily":false,"chose_seed":false,"campfire_upgraded":0,"win_rate":0,"timestamp":1548141527,"path_taken":["M","M","$","?","M","E","R","E","T","M","M","?","?","?","R","BOSS","M","M","?","?","?","M","?","M","T","M","?","?","$","E"],"build_version":"2019-01-17v2","purchased_purges":1,"victory":false,"max_hp_per_floor":[75,75,75,75,75,75,75,75,75,75,75,75,75,75,75,75,75,75,75,37,37,37,37,37,37,37,37,34,34,34,34],"card_choices":[{"not_picked":["Scrape","Turbo"],"picked":"Compile Driver","floor":1},{"not_picked":["Static Discharge","Redo"],"picked":"Melter","floor":2},{"not_picked":["Steam","Undo"],"picked":"Cold Snap","floor":5},{"not_picked":["Turbo","Hologram"],"picked":"Cold Snap","floor":6},{"not_picked":["Glacier","Gash"],"picked":"Stack","floor":8},{"not_picked":["Fission","Go for the Eyes"],"picked":"Leap","floor":10},{"not_picked":["Static Discharge","Genetic Algorithm"],"picked":"Conserve Battery","floor":11},{"not_picked":["Thunder Strike","Biased Cognition"],"picked":"Buffer","floor":16},{"not_picked":["Conserve Battery","Redo"],"picked":"Cold Snap+1","floor":18},{"not_picked":["Lockon","Coolheaded+1"],"picked":"Streamline+1","floor":19},{"not_picked":["Consume","Undo"],"picked":"Gash+1","floor":22},{"not_picked":["Barrage","Redo"],"picked":"Gash+1","floor":23},{"not_picked":["Hello World","Go for the Eyes"],"picked":"Ball Lightning","floor":25},{"not_picked":["Steam Power","Ball Lightning"],"picked":"Compile Driver+1","floor":27},{"not_picked":["Hyperbeam","Gash","Stack"],"picked":"SKIP","floor":29}],"player_experience":197358,"relics_obtained":[{"floor":6,"key":"The Courier"},{"floor":8,"key":"Pen Nib"},{"floor":9,"key":"Vajra"},{"floor":24,"key":"Bottled Lightning"},{"floor":26,"key":"Ornamental Fan"}],"event_choices":[{"damage_healed":18,"gold_gain":0,"player_choice":"Healed","damage_taken":0,"max_hp_gain":0,"max_hp_loss":0,"event_name":"The Cleric","floor":4,"gold_loss":35},{"damage_healed":0,"gold_gain":0,"player_choice":"Fled","damage_taken":0,"max_hp_gain":0,"max_hp_loss":0,"event_name":"Scrap Ooze","floor":12,"gold_loss":0},{"damage_healed":0,"gold_gain":0,"cards_transformed":["Defend_B"],"player_choice":"Change","damage_taken":0,"max_hp_gain":0,"max_hp_loss":0,"event_name":"Living Wall","floor":13,"gold_loss":0,"cards_obtained":["Heatsinks"]},{"damage_healed":18,"gold_gain":0,"player_choice":"Healed and dodged fight","damage_taken":0,"max_hp_gain":0,"max_hp_loss":0,"event_name":"Mushrooms","floor":14,"gold_loss":0,"cards_obtained":["Parasite"]},{"damage_healed":0,"gold_gain":0,"player_choice":"Became a Ghost","damage_taken":0,"max_hp_gain":0,"max_hp_loss":38,"event_name":"Ghosts","floor":20,"gold_loss":0,"cards_obtained":["Ghostly","Ghostly","Ghostly","Ghostly","Ghostly"]},{"damage_healed":0,"gold_gain":0,"player_choice":"Gave Potion","damage_taken":0,"relics_obtained":["Sundial"],"max_hp_gain":0,"max_hp_loss":0,"event_name":"WeMeetAgain","floor":21,"gold_loss":0},{"cards_removed":["Parasite"],"damage_healed":0,"gold_gain":0,"player_choice":"Removed Curses","damage_taken":0,"max_hp_gain":0,"max_hp_loss":0,"event_name":"Fountain of Cleansing","floor":28,"gold_loss":0}],"is_beta":false,"boss_relics":[{"not_picked":["Ectoplasm","Runic Dome"],"picked":"Astrolabe"}],"items_purged_floors":[30],"is_endless":false,"potions_floor_spawned":[1,8,11,18,25],"killed_by":"Slavers","ascension_level":3}