{"gold_per_floor":[116,116,41,58,58,58,93,117,177,189,213,225,250,212,224,338,350,380,405,430,357,369,381,426,438,450,474,498,522,534,526,538,654,666,696,727,739,751,824,866,892,213,213,245,256,256,153,164,164,164,164,164,10,39,39],"floor_reached":55,"playtime":2848,"items_purged":["Strike_R"],"score":779,"play_id":"7a0b202f-b6b2-4428-ac5a-f5cdab042d83","local_time":"20181229143942","is_ascension_mode":false,"campfire_choices":[{"data":"Whirlwind","floor":6.0,"key":"SMITH"},{"data":"Uppercut","floor":10.0,"key":"SMITH"},{"floor":15.0,"key":"RECALL"},{"data":"Metallicize","floor":23.0,"key":"SMITH"},{"data":"True Grit","floor":25.0,"key":"SMITH"},{"floor":30.0,"key":"REST"},{"data":"Juggernaut","floor":32.0,"key":"SMITH"},{"data":"Demon Form","floor":46.0,"key":"SMITH"},{"data":"Barricade","floor":49.0,"key":"SMITH"},{"data":"Impervious","floor":52.0,"key":"SMITH"}],"neow_cost":"TEN_PERCENT_HP_LOSS","seed_source_timestamp":0,"circlet_count":0,"master_deck":["Strike_R","Strike_R+1","Strike_R","Defend_R","Defend_R","Defend_R","Defend_R","Bash","Battle Trance","Whirlwind+1","Uppercut+1","Sentinel","Dropkick","True Grit+1","Juggernaut+1","Headbutt+1","True Grit","Iron Wave+1","Metallicize+1","Feel No Pain","Twin Strike+1","Fire Breathing","Carnage+1","Impervious+1","Thunderclap+1","Clothesline+1","Madness","Iron Wave+1","Shrug It Off","Metallicize+1","Bandage Up","Demon Form+1","Barricade+1","True Grit+1","Limit Break"],"special_seed":0,"relics":["Burning Blood","Nunchaku","Boot","MawBank","PreservedInsect","Velvet Choker","Anchor","Mummified Hand","Black Star","SsserpentHead","Happy Flower","Dodecahedron","Meat on the Bone","Oddly Smooth Stone","ClockworkSouvenir","Sundial","Paper Frog","Bronze Scales","Bag of Preparation","Red Skull","Whetstone","Du-Vu Doll"],"potions_floor_usage":[55,55],"damage_taken":[{"damage":5.0,"enemies":"2 Louse","floor":1.0,"turns":4.0},{"damage":1.0,"enemies":"Jaw Worm","floor":4.0,"turns":5.0},{"damage":16.0,"enemies":"Gremlin Nob","floor":7.0,"turns":4.0},{"damage":0.0,"enemies":"Cultist","floor":8.0,"turns":2.0},{"damage":5.0,"enemies":"2 Fungi Beasts","floor":11.0,"turns":4.0},{"damage":17.0,"enemies":"Exordium Thugs","floor":13.0,"turns":4.0},{"damage":50.0,"enemies":"The Guardian","floor":16.0,"turns":9.0},{"damage":11.0,"enemies":"Spheric Guardian","floor":18.0,"turns":4.0},{"damage":22.0,"enemies":"Shell Parasite","floor":19.0,"turns":5.0},{"damage":18.0,"enemies":"Snecko","floor":20.0,"turns":4.0},{"damage":14.0,"enemies":"Slavers","floor":24.0,"turns":5.0},{"damage":11.0,"enemies":"Snake Plant","floor":27.0,"turns":5.0},{"damage":2.0,"enemies":"Sentry and Sphere","floor":28.0,"turns":5.0},{"damage":11.0,"enemies":"Snecko","floor":29.0,"turns":4.0},{"damage":48.0,"enemies":"Champ","floor":33.0,"turns":12.0},{"damage":20.0,"enemies":"3 Shapes","floor":35.0,"turns":4.0},{"damage":1.0,"enemies":"Orb Walker","floor":36.0,"turns":3.0},{"damage":26.0,"enemies":"Writhing Mass","floor":39.0,"turns":5.0},{"damage":38.0,"enemies":"Giant Head","floor":40.0,"turns":8.0},{"damage":2.0,"enemies":"Maw","floor":41.0,"turns":7.0},{"damage":2.0,"enemies":"Nemesis","floor":44.0,"turns":5.0},{"damage":12.0,"enemies":"Spire Growth","floor":45.0,"turns":5.0},{"damage":0.0,"enemies":"Transient","floor":48.0,"turns":5.0},{"damage":29.0,"enemies":"Time Eater","floor":50.0,"turns":11.0},{"damage":44.0,"enemies":"Shield and Spear","floor":54.0,"turns":6.0},{"damage":59,"enemies":"The Heart","floor":55,"turns":8}],"seed_played":"-7734842367500826130","potions_obtained":[{"floor":4.0,"key":"Weak Potion"},{"floor":8.0,"key":"BloodPotion"},{"floor":11.0,"key":"SteroidPotion"},{"floor":13.0,"key":"Swift Potion"},{"floor":24.0,"key":"Block Potion"},{"floor":31.0,"key":"GamblersBrew"},{"floor":35.0,"key":"LiquidBronze"},{"floor":41.0,"key":"Block Potion"},{"floor":48.0,"key":"LiquidBronze"}],"is_trial":false,"path_per_floor":["M","?","$","M","?","R","E","M","T","R","M","$","M","?","R","B",null,"M","M","M","?","?","R","E","R","T","M","M","M","R","?","R","B",null,"M","M","?","?","M","E","M","$","T","E","M","R","$","M","R","B",null,"R","$","E","B"],"character_chosen":"IRONCLAD","items_purchased":["Meat on the Bone","Oddly Smooth Stone","ClockworkSouvenir","Swift Potion","Bandage Up","Bag of Preparation","Red Skull"],"campfire_rested":1,"item_purchase_floors":[42,42,42,42,42,47,53],"current_hp_per_floor":[72,72,72,72,72,72,62,68,68,68,69,69,58,58,58,14,72,67,58,46,46,46,46,38,38,38,33,37,32,53,53,53,11,72,58,63,63,63,43,11,15,15,15,31,41,41,41,51,51,44,72,72,72,50,0],"gold":39,"neow_bonus":"ONE_RARE_RELIC","is_prod":false,"is_daily":false,"chose_seed":false,"campfire_upgraded":8,"win_rate":0,"timestamp":1546087182,"path_taken":["M","?","?","?","?","R","E","M","T","R","M","?","M","?","R","BOSS","M","M","M","?","?","R","E","R","T","M","M","M","R","?","R","BOSS","M","M","?","?","?","E","M","?","T","E","M","R","?","M","R","BOSS","R","$","E","BOSS"],"build_version":"2018-12-20","purchased_purges":1,"victory":false,"max_hp_per_floor":[72,72,72,72,72,72,72,72,72,72,72,72,72,72,72,72,72,72,72,72,72,72,72,72,72,72,72,72,72,72,72,72,72,72,72,72,72,72,72,72,72,72,72,72,72,72,72,72,72,72,72,72,72,72,72],"card_choices":[{"not_picked":["Anger","Heavy Blade"],"picked":"Battle Trance","floor":1.0},{"not_picked":["Evolve","Burning Pact"],"picked":"Whirlwind","floor":4.0},{"not_picked":["Armaments","Inflame"],"picked":"Uppercut","floor":7.0},{"not_picked":["Evolve","Bloodletting"],"picked":"Sentinel","floor":8.0},{"not_picked":["Flex","Cleave"],"picked":"Dropkick","floor":11.0},{"not_picked":["Burning Pact","Twin Strike"],"picked":"True Grit","floor":13.0},{"not_picked":["Double Tap","Reaper"],"picked":"Juggernaut","floor":16.0},{"not_picked":["Seeing Red","Sword Boomerang"],"picked":"Headbutt","floor":18.0},{"not_picked":["Pommel Strike","Warcry"],"picked":"True Grit","floor":19.0},{"not_picked":["True Grit","Twin Strike+1"],"picked":"Iron Wave+1","floor":20.0},{"not_picked":["Rupture","Twin Strike+1"],"picked":"Feel No Pain","floor":24.0},{"not_picked":["Cleave","Corruption"],"picked":"Twin Strike+1","floor":27.0},{"not_picked":["Whirlwind","Cleave"],"picked":"Fire Breathing","floor":28.0},{"not_picked":["True Grit","Battle Trance"],"picked":"Carnage+1","floor":29.0},{"not_picked":["Double Tap","Offering"],"picked":"Impervious","floor":33.0},{"not_picked":["Clash","Headbutt+1"],"picked":"Thunderclap+1","floor":35.0},{"not_picked":["Havoc+1","Infernal Blade"],"picked":"Clothesline+1","floor":36.0},{"not_picked":["Jack Of All Trades","Trip"],"picked":"Madness","floor":37.0},{"not_picked":["Headbutt","Bloodletting"],"picked":"Iron Wave+1","floor":39.0},{"not_picked":["Evolve","Bloodletting+1"],"picked":"Shrug It Off","floor":40.0},{"not_picked":["Spot Weakness","Fire Breathing+1"],"picked":"Metallicize+1","floor":41.0},{"not_picked":["Clothesline","Flex+1"],"picked":"Demon Form","floor":44.0},{"not_picked":["Heavy Blade","Flex+1"],"picked":"Barricade","floor":45.0},{"not_picked":["Anger+1","Flex"],"picked":"True Grit+1","floor":48.0},{"not_picked":["Iron Wave+1","Power Through"],"picked":"Limit Break","floor":54.0}],"player_experience":46181,"relics_obtained":[{"floor":5.0,"key":"Boot"},{"floor":7.0,"key":"MawBank"},{"floor":9.0,"key":"PreservedInsect"},{"floor":24.0,"key":"Mummified Hand"},{"floor":40.0,"key":"Happy Flower"},{"floor":40.0,"key":"Dodecahedron"},{"floor":43.0,"key":"Sundial"},{"floor":44.0,"key":"Paper Frog"},{"floor":44.0,"key":"Bronze Scales"},{"floor":54.0,"key":"Whetstone"},{"floor":54.0,"key":"Du-Vu Doll"}],"event_choices":[{"damage_healed":0.0,"max_hp_gain":0.0,"max_hp_loss":0.0,"gold_gain":0.0,"event_name":"Liars Game","player_choice":"Ignored","floor":2.0,"gold_loss":0.0,"damage_taken":0.0},{"damage_healed":0.0,"max_hp_gain":0.0,"max_hp_loss":0.0,"gold_gain":0.0,"event_name":"Wheel of Change","player_choice":"Relic","floor":5.0,"gold_loss":0.0,"damage_taken":0.0},{"cards_removed":["Strike_R"],"damage_healed":0.0,"max_hp_gain":0.0,"max_hp_loss":0.0,"gold_gain":0.0,"event_name":"The Cleric","player_choice":"Card Removal","floor":14.0,"gold_loss":50.0,"damage_taken":0.0},{"damage_healed":0.0,"max_hp_gain":0.0,"max_hp_loss":0.0,"gold_gain":0.0,"event_name":"Addict","player_choice":"Obtained Relic","floor":21.0,"gold_loss":85.0,"damage_taken":0.0,"relics_obtained":["Anchor"]},{"damage_healed":0.0,"max_hp_gain":0.0,"max_hp_loss":0.0,"gold_gain":0.0,"event_name":"The Library","player_choice":"Read","floor":22.0,"gold_loss":0.0,"damage_taken":0.0,"cards_obtained":["Metallicize"]},{"damage_healed":0.0,"max_hp_gain":0.0,"max_hp_loss":0.0,"gold_gain":0.0,"event_name":"The Woman in Blue","player_choice":"Bought 1 Potion","floor":31.0,"gold_loss":0.0,"damage_taken":0.0},{"damage_healed":0.0,"max_hp_gain":0.0,"max_hp_loss":0.0,"gold_gain":0.0,"event_name":"SensoryStone","player_choice":"Memory 1","floor":37.0,"gold_loss":0.0,"damage_taken":0.0},{"damage_healed":0.0,"max_hp_gain":0.0,"max_hp_loss":0.0,"gold_gain":0.0,"event_name":"FaceTrader","player_choice":"Trade","floor":38.0,"gold_loss":0.0,"damage_taken":0.0,"relics_obtained":["SsserpentHead"]}],"is_beta":false,"boss_relics":[{"not_picked":["Black Blood","Eternal Feather"],"picked":"Velvet Choker"},{"not_picked":["Empty Cage","Runic Pyramid"],"picked":"Black Star"}],"items_purged_floors":[3],"is_endless":false,"potions_floor_spawned":[4,8,11,13,18,24,35,41,48],"killed_by":"The Heart","ascension_level":0}