{"gold_per_floor":[116,116,116,116,133,133,133,146,169,93,111,111,123,123,123,227,227,239,239,96,96,116,116,116,116,116,116,128,128,189,205,205,205],"floor_reached":33,"playtime":1554,"items_purged":["Accuracy"],"score":278,"play_id":"e5f6c15b-f900-459a-aa3c-9d3625d7817a","local_time":"20181021014756","is_ascension_mode":true,"campfire_choices":[{"floor":6.0,"key":"REST"},{"floor":12.0,"key":"REST"},{"floor":15.0,"key":"REST"},{"floor":23.0,"key":"REST"},{"floor":25.0,"key":"REST"},{"floor":27.0,"key":"REST"},{"floor":32.0,"key":"REST"}],"neow_cost":"NONE","seed_source_timestamp":178049172384083,"circlet_count":0,"master_deck":["Defend_G","Defend_G","Defend_G","Defend_G","Strike_G","Strike_G","Strike_G","Strike_G","Strike_G+1","Survivor","Neutralize+1","Catalyst+1","Backflip","Deadly Poison","Bouncing Flask","Deadly Poison","Bane","Deadly Poison","Adrenaline","Dagger Spray","Well Laid Plans","Catalyst+1","Bane","Prepared","RitualDagger","Footwork","Dagger Spray","Leg Sweep+1","Footwork+1"],"special_seed":0,"relics":["Black Star","Dream Catcher","Bronze Scales","Fusion Hammer","MutagenicStrength","Strawberry","Tiny Chest","Boot"],"potions_floor_usage":[33],"damage_taken":[{"damage":11.0,"enemies":"Small Slimes","floor":1.0,"turns":5.0},{"damage":0.0,"enemies":"Cultist","floor":5.0,"turns":4.0},{"damage":0.0,"enemies":"Jaw Worm","floor":8.0,"turns":4.0},{"damage":19.0,"enemies":"3 Louse","floor":11.0,"turns":4.0},{"damage":14.0,"enemies":"Large Slime","floor":13.0,"turns":5.0},{"damage":32.0,"enemies":"Hexaghost","floor":16.0,"turns":6.0},{"damage":22.0,"enemies":"Spheric Guardian","floor":18.0,"turns":4.0},{"damage":23.0,"enemies":"2 Thieves","floor":22.0,"turns":4.0},{"damage":5.0,"enemies":"Snecko","floor":28.0,"turns":3.0},{"damage":52.0,"enemies":"Slavers","floor":30.0,"turns":6.0},{"damage":6.0,"enemies":"Sentry and Sphere","floor":31.0,"turns":3.0},{"damage":49,"enemies":"Automaton","floor":33,"turns":6}],"seed_played":"8289798933593424136","potions_obtained":[{"floor":1.0,"key":"FearPotion"},{"floor":5.0,"key":"Strength Potion"},{"floor":30.0,"key":"SteroidPotion"}],"is_trial":false,"path_per_floor":["M","?","?","?","M","R","?","M","T","$","M","R","M","?","R","B",null,"M","?","$","?","M","R","?","R","T","R","M","?","E","M","R"],"character_chosen":"THE_SILENT","items_purchased":["Accuracy","Well Laid Plans"],"campfire_rested":7,"item_purchase_floors":[10,20],"current_hp_per_floor":[59,59,45,45,45,66,59,59,59,59,40,61,47,47,68,36,70,48,48,48,48,25,46,40,61,68,77,72,72,20,14,37,0],"gold":205,"neow_bonus":"BOSS_RELIC","is_prod":false,"is_daily":false,"chose_seed":false,"campfire_upgraded":0,"win_rate":0,"timestamp":1540100876,"path_taken":["M","?","?","?","?","R","?","M","T","$","M","R","M","?","R","BOSS","M","?","$","?","M","R","?","R","T","R","?","?","E","M","R","BOSS"],"build_version":"2018-10-18","purchased_purges":1,"victory":false,"max_hp_per_floor":[70,70,70,70,70,70,70,70,70,70,70,70,70,70,70,70,70,70,70,70,70,70,70,70,70,77,77,77,77,77,77,77,77],"card_choices":[{"not_picked":["Backstab","Predator"],"picked":"Catalyst","floor":1.0},{"not_picked":["Dodge and Roll","Sucker Punch","Backflip"],"picked":"SKIP","floor":5.0},{"not_picked":["Flying Knee","Acrobatics"],"picked":"Deadly Poison","floor":8.0},{"not_picked":["Backflip","Reflex"],"picked":"Bouncing Flask","floor":11.0},{"not_picked":["Bouncing Flask","Flying Knee"],"picked":"Deadly Poison","floor":12.0},{"not_picked":["Cloak And Dagger","Terror"],"picked":"Bane","floor":13.0},{"not_picked":["Riddle With Holes","PiercingWail"],"picked":"Deadly Poison","floor":15.0},{"not_picked":["Die Die Die","Doppelganger"],"picked":"Adrenaline","floor":16.0},{"not_picked":["Deadly Poison","Deflect+1"],"picked":"Dagger Spray","floor":18.0},{"not_picked":["Acrobatics","Backflip+1"],"picked":"Bane","floor":22.0},{"not_picked":["Blade Dance","Underhanded Strike"],"picked":"Prepared","floor":23.0},{"not_picked":["Dagger Spray","Acrobatics"],"picked":"Footwork","floor":25.0},{"not_picked":["Bane","Underhanded Strike"],"picked":"Dagger Spray","floor":27.0},{"not_picked":["All Out Attack","Outmaneuver","Deflect"],"picked":"SKIP","floor":28.0},{"not_picked":["Dagger Spray","Quick Slash"],"picked":"Leg Sweep+1","floor":30.0},{"not_picked":["Blur","Dodge and Roll"],"picked":"Footwork+1","floor":31.0}],"player_experience":66777,"relics_obtained":[{"floor":9.0,"key":"Bronze Scales"},{"floor":26.0,"key":"Strawberry"},{"floor":30.0,"key":"Tiny Chest"},{"floor":30.0,"key":"Boot"}],"event_choices":[{"damage_healed":0.0,"max_hp_gain":0.0,"max_hp_loss":0.0,"gold_gain":0.0,"event_name":"Upgrade Shrine","player_choice":"Upgraded","floor":2.0,"gold_loss":0.0,"damage_taken":0.0,"cards_upgraded":["Catalyst"]},{"damage_healed":0.0,"max_hp_gain":0.0,"max_hp_loss":0.0,"gold_gain":0.0,"event_name":"Shining Light","player_choice":"Entered Light","floor":3.0,"gold_loss":0.0,"damage_taken":14.0,"cards_upgraded":["Strike_G","Neutralize"]},{"damage_healed":0.0,"max_hp_gain":0.0,"max_hp_loss":0.0,"gold_gain":0.0,"cards_transformed":["Defend_G"],"event_name":"Transmorgrifier","player_choice":"Transformed","floor":4.0,"gold_loss":0.0,"damage_taken":0.0,"cards_obtained":["Backflip"]},{"damage_healed":0.0,"max_hp_gain":0.0,"max_hp_loss":0.0,"gold_gain":0.0,"event_name":"Scrap Ooze","player_choice":"Success","floor":7.0,"gold_loss":0.0,"damage_taken":7.0,"relics_obtained":["Dream Catcher"]},{"damage_healed":0.0,"max_hp_gain":0.0,"max_hp_loss":0.0,"gold_gain":0.0,"event_name":"Liars Game","player_choice":"Ignored","floor":14.0,"gold_loss":0.0,"damage_taken":0.0},{"damage_healed":0.0,"max_hp_gain":0.0,"max_hp_loss":0.0,"gold_gain":0.0,"event_name":"Drug Dealer","player_choice":"Inject Mutagens","floor":19.0,"gold_loss":0.0,"damage_taken":0.0,"relics_obtained":["MutagenicStrength"]},{"damage_healed":0.0,"max_hp_gain":0.0,"max_hp_loss":0.0,"gold_gain":0.0,"event_name":"Duplicator","player_choice":"Copied","floor":21.0,"gold_loss":0.0,"damage_taken":0.0,"cards_obtained":["Catalyst"]},{"damage_healed":0.0,"max_hp_gain":0.0,"max_hp_loss":0.0,"gold_gain":0.0,"event_name":"Nest","player_choice":"Joined the Cult","floor":24.0,"gold_loss":0.0,"damage_taken":6.0,"cards_obtained":["RitualDagger"]},{"damage_healed":0.0,"max_hp_gain":0.0,"max_hp_loss":0.0,"gold_gain":0.0,"event_name":"Ghosts","player_choice":"Ignored","floor":29.0,"gold_loss":0.0,"damage_taken":0.0}],"is_beta":false,"boss_relics":[{"not_picked":["HoveringKite","Lizard Tail"],"picked":"Fusion Hammer"}],"items_purged_floors":[20],"is_endless":false,"potions_floor_spawned":[1,5,30],"killed_by":"Automaton","ascension_level":2}