{"gold_per_floor":[113,288,288,363,25,51,62,82,82,117,130,130,130,147,147,147],"floor_reached":16,"playtime":457,"items_purged":["Strike_B"],"score":176,"play_id":"9b2fb90b-9f3e-4346-beb2-514e9a615572","local_time":"20181229174537","is_ascension_mode":true,"campfire_choices":[{"data":"Double Energy","floor":13,"key":"SMITH"},{"floor":15,"key":"REST"}],"neow_cost":"NONE","seed_source_timestamp":687539302099919,"circlet_count":0,"master_deck":["Strike_B","Strike_B","Strike_B","Defend_B","Defend_B","Defend_B","Defend_B","Zap","Dualcast","Tempest","Double Energy+1","Self Repair","Go for the Eyes","Cold Snap","Sweeping Beam","Double Energy"],"special_seed":0,"relics":["Cracked Core","NeowsBlessing","Chemical X","Cables","Lantern","Mummified Hand"],"potions_floor_usage":[16,16],"damage_taken":[{"damage":0.0,"enemies":"Cultist","floor":1.0,"turns":1.0},{"damage":0.0,"enemies":"3 Sentries","floor":6.0,"turns":1.0},{"damage":0.0,"enemies":"Jaw Worm","floor":7.0,"turns":1.0},{"damage":0.0,"enemies":"2 Louse","floor":8.0,"turns":1.0},{"damage":30,"enemies":"Lagavulin","floor":10,"turns":5},{"damage":12,"enemies":"Lots of Slimes","floor":11,"turns":3},{"damage":4,"enemies":"Looter","floor":14,"turns":2},{"damage":53,"enemies":"Hexaghost","floor":16,"turns":11}],"seed_played":"7445536463805886799","potions_obtained":[{"floor":1.0,"key":"LiquidBronze"},{"floor":7.0,"key":"Swift Potion"},{"floor":8.0,"key":"GamblersBrew"}],"is_trial":false,"path_per_floor":["M","?","?","?","$","E","M","M","T","E","M","?","R","M","R","B"],"character_chosen":"DEFECT","items_purchased":["Chemical X","Double Energy"],"campfire_rested":1,"item_purchase_floors":[5,5],"current_hp_per_floor":[68,68,61,54,54,54,54,54,54,31,26,26,26,29,51,0],"gold":147,"neow_bonus":"THREE_ENEMY_KILL","is_prod":false,"is_daily":false,"chose_seed":false,"campfire_upgraded":1,"win_rate":0,"timestamp":1546123537,"path_taken":["M","?","?","?","$","E","M","M","T","E","?","?","R","?","R","BOSS"],"build_version":"2018-12-20","purchased_purges":1,"victory":false,"max_hp_per_floor":[75,75,75,75,75,75,75,75,75,75,75,75,75,75,75,75],"card_choices":[{"not_picked":["Melter","Redo"],"picked":"Tempest","floor":1.0},{"not_picked":["Leap","Go for the Eyes"],"picked":"Self Repair","floor":6.0},{"not_picked":["Stack","Rebound"],"picked":"Go for the Eyes","floor":7.0},{"not_picked":["Aggregate","Skim","Recycle"],"picked":"SKIP","floor":8.0},{"not_picked":["Beam Cell","Force Field"],"picked":"Cold Snap","floor":10},{"not_picked":["Redo","Compile Driver"],"picked":"Sweeping Beam","floor":11},{"not_picked":["Meteor Strike","Barrage"],"picked":"Double Energy","floor":14}],"player_experience":325741,"relics_obtained":[{"floor":6.0,"key":"Cables"},{"floor":9.0,"key":"Lantern"},{"floor":10,"key":"Mummified Hand"}],"event_choices":[{"damage_healed":0.0,"max_hp_gain":0.0,"max_hp_loss":0.0,"gold_gain":175.0,"event_name":"Liars Game","player_choice":"AGREE","floor":2.0,"gold_loss":0.0,"damage_taken":0.0,"cards_obtained":["Doubt"]},{"cards_removed":["Doubt"],"damage_healed":0.0,"max_hp_gain":0.0,"max_hp_loss":0.0,"gold_gain":0.0,"event_name":"Golden Wing","player_choice":"Card Removal","floor":3.0,"gold_loss":0.0,"damage_taken":7.0},{"damage_healed":0.0,"max_hp_gain":0.0,"max_hp_loss":0.0,"gold_gain":75.0,"event_name":"FaceTrader","player_choice":"Touch","floor":4.0,"gold_loss":0.0,"damage_taken":7.0},{"damage_healed":0,"gold_gain":0,"player_choice":"Bought 0 Potions","damage_taken":0,"max_hp_gain":0,"max_hp_loss":0,"event_name":"The Woman in Blue","floor":12,"gold_loss":0}],"is_beta":false,"boss_relics":[],"items_purged_floors":[5],"is_endless":false,"potions_floor_spawned":[1,7,8,11],"killed_by":"Hexaghost","ascension_level":6}