{"gold_per_floor":[116,131,142,142,142,170,170,20,20,45,45,77,95,21,21,119,119,133,62,77,95,95,95,123,123,173,185,204,204,236,254,254,359,359,371,371,371,83,83,83,98,98,121,154,166,166,179,232,232,232],"floor_reached":51,"playtime":2557,"items_purged":["Catalyst"],"score":929,"play_id":"15b9bb23-d3dd-4948-8128-58e899f948f0","local_time":"20181224015954","is_ascension_mode":true,"campfire_choices":[{"floor":7.0,"key":"REST"},{"floor":11.0,"key":"REST"},{"data":"Footwork","floor":15.0,"key":"SMITH"},{"data":"Noxious Fumes","floor":23.0,"key":"SMITH"},{"floor":25.0,"key":"REST"},{"floor":29.0,"key":"REST"},{"data":"Glass Knife","floor":32.0,"key":"SMITH"},{"floor":40.0,"key":"REST"},{"data":"Footwork","floor":42.0,"key":"SMITH"},{"data":"Predator","floor":46.0,"key":"SMITH"},{"floor":49,"key":"REST"}],"neow_cost":"NONE","seed_source_timestamp":0,"circlet_count":0,"master_deck":["Defend_G","Defend_G+1","Defend_G+1","Defend_G+1","Defend_G","Survivor+1","Neutralize","Cloak And Dagger","Flying Knee","Glass Knife+1","Terror","Well Laid Plans","Cloak And Dagger+1","Caltrops","Footwork+1","Phantasmal Killer+1","Noxious Fumes+1","Bite","Bite","Bite","Bite","Bite","Backflip+1","Leg Sweep+1","Predator+1","Backstab","Bandage Up+1","Footwork+1","Adrenaline+1","Flying Knee+1"],"special_seed":0,"relics":["Ring of the Serpent","Meat on the Bone","Toxic Egg 2","Bag of Marbles","War Paint","Busted Crown","Ginger","PreservedInsect","Bottled Flame","Orichalcum","Paper Crane","StoneCalendar"],"potions_floor_usage":[48,50,50,50,50],"damage_taken":[{"damage":1.0,"enemies":"Cultist","floor":1.0,"turns":4.0},{"damage":3.0,"enemies":"Small Slimes","floor":2.0,"turns":4.0},{"damage":1.0,"enemies":"2 Louse","floor":3.0,"turns":4.0},{"damage":29.0,"enemies":"Gremlin Nob","floor":6.0,"turns":5.0},{"damage":13.0,"enemies":"3 Sentries","floor":10.0,"turns":11.0},{"damage":4.0,"enemies":"Lagavulin","floor":12.0,"turns":5.0},{"damage":5.0,"enemies":"Blue Slaver","floor":13.0,"turns":3.0},{"damage":13.0,"enemies":"Hexaghost","floor":16.0,"turns":10.0},{"damage":14.0,"enemies":"Spheric Guardian","floor":18.0,"turns":5.0},{"damage":1.0,"enemies":"Chosen","floor":20.0,"turns":5.0},{"damage":20.0,"enemies":"Snecko","floor":21.0,"turns":5.0},{"damage":50.0,"enemies":"Slavers","floor":24.0,"turns":5.0},{"damage":10.0,"enemies":"Centurion and Healer","floor":27.0,"turns":7.0},{"damage":12.0,"enemies":"Snake Plant","floor":28.0,"turns":4.0},{"damage":25.0,"enemies":"Book of Stabbing","floor":30.0,"turns":4.0},{"damage":1.0,"enemies":"Chosen and Byrds","floor":31.0,"turns":6.0},{"damage":47.0,"enemies":"Automaton","floor":33.0,"turns":12.0},{"damage":34.0,"enemies":"3 Darklings","floor":35.0,"turns":8.0},{"damage":0.0,"enemies":"3 Shapes","floor":41.0,"turns":3.0},{"damage":15.0,"enemies":"Nemesis","floor":44.0,"turns":7.0},{"damage":9.0,"enemies":"Transient","floor":45.0,"turns":5.0},{"damage":46.0,"enemies":"Spire Growth","floor":47.0,"turns":6.0},{"damage":16,"enemies":"2 Orb Walkers","floor":48,"turns":6},{"damage":79,"enemies":"Awakened One","floor":50,"turns":18}],"seed_played":"-5246658113947709090","potions_obtained":[{"floor":6.0,"key":"Weak Potion"},{"floor":13.0,"key":"SkillPotion"},{"floor":20.0,"key":"LiquidBronze"},{"floor":21.0,"key":"SkillPotion"},{"floor":28.0,"key":"Fire Potion"},{"floor":30.0,"key":"Block Potion"},{"floor":31.0,"key":"GhostInAJar"},{"floor":35.0,"key":"GhostInAJar"},{"floor":45.0,"key":"EntropicBrew"}],"is_trial":false,"path_per_floor":["M","M","M","?","?","E","R","$","T","E","R","E","M","$","R","B",null,"M","$","M","M","?","R","E","R","T","M","M","R","E","M","R","B",null,"M","?","?","$","?","R","M","R","T","E","M","R","M","?","R","B",null],"character_chosen":"THE_SILENT","items_purchased":["Catalyst","Well Laid Plans","Footwork","Noxious Fumes","Footwork","Adrenaline+1"],"campfire_rested":6,"item_purchase_floors":[8,8,14,19,38,38],"current_hp_per_floor":[76,73,72,65,50,21,44,44,44,43,66,62,57,57,57,44,69,55,55,54,46,46,46,14,29,29,35,31,46,31,40,40,33,48,36,36,36,36,36,51,53,53,53,51,51,51,35,39,53,30],"gold":232,"neow_bonus":"TEN_PERCENT_HP_BONUS","is_prod":false,"is_daily":false,"chose_seed":false,"campfire_upgraded":5,"win_rate":0,"timestamp":1545634794,"path_taken":["M","M","?","?","?","E","R","$","T","E","R","E","M","$","R","BOSS","M","$","M","M","?","R","E","R","T","M","M","R","E","M","R","BOSS","M","?","?","$","?","R","M","R","T","E","?","R","M","?","R","BOSS"],"build_version":"2018-12-20","purchased_purges":1,"victory":true,"max_hp_per_floor":[77,77,77,77,77,77,77,77,77,77,77,77,77,77,77,77,77,77,77,77,77,53,53,53,53,53,53,53,53,53,53,53,53,53,53,53,53,53,53,53,53,53,53,53,53,53,53,53,53,53],"card_choices":[{"not_picked":["Quick Slash","Underhanded Strike"],"picked":"Cloak And Dagger","floor":1.0},{"not_picked":["Skewer","Crippling Poison"],"picked":"Flying Knee","floor":2.0},{"not_picked":["Dagger Throw","Endless Agony"],"picked":"Glass Knife","floor":3.0},{"not_picked":["Setup","Heel Hook"],"picked":"Terror","floor":6.0},{"not_picked":["Underhanded Strike","Tactician+1"],"picked":"Cloak And Dagger+1","floor":10.0},{"not_picked":["All Out Attack","Well Laid Plans"],"picked":"Caltrops","floor":12.0},{"not_picked":["Eviscerate","PiercingWail+1","Escape Plan+1"],"picked":"SKIP","floor":13.0},{"not_picked":["Doppelganger+1","Venomology+1"],"picked":"Phantasmal Killer+1","floor":16.0},{"not_picked":["Slice"],"picked":"SKIP","floor":18.0},{"not_picked":[],"picked":"Dagger Spray","floor":20.0},{"not_picked":["Flying Knee"],"picked":"SKIP","floor":21.0},{"not_picked":[],"picked":"Backflip+1","floor":24.0},{"not_picked":[],"picked":"Leg Sweep+1","floor":27.0},{"not_picked":[],"picked":"Predator","floor":28.0},{"not_picked":["Backstab"],"picked":"SKIP","floor":30.0},{"not_picked":[],"picked":"Backstab","floor":30.0},{"not_picked":["Quick Slash"],"picked":"SKIP","floor":31.0},{"not_picked":["Flying Knee"],"picked":"SKIP","floor":35.0},{"not_picked":[],"picked":"Bandage Up+1","floor":36.0},{"not_picked":[],"picked":"Flying Knee+1","floor":41.0},{"not_picked":["Acrobatics+1"],"picked":"SKIP","floor":44.0},{"not_picked":["Reflex+1"],"picked":"SKIP","floor":45.0},{"not_picked":["Endless Agony"],"picked":"SKIP","floor":47.0}],"player_experience":268602,"relics_obtained":[{"floor":6.0,"key":"Meat on the Bone"},{"floor":9.0,"key":"Toxic Egg 2"},{"floor":10.0,"key":"Bag of Marbles"},{"floor":12.0,"key":"War Paint"},{"floor":24.0,"key":"Ginger"},{"floor":26.0,"key":"PreservedInsect"},{"floor":30.0,"key":"Bottled Flame"},{"floor":43.0,"key":"Orichalcum"},{"floor":44.0,"key":"Paper Crane"},{"floor":48,"key":"StoneCalendar"}],"event_choices":[{"cards_removed":["Strike_G"],"damage_healed":0.0,"max_hp_gain":0.0,"max_hp_loss":0.0,"gold_gain":0.0,"event_name":"Golden Wing","player_choice":"Card Removal","floor":4.0,"gold_loss":0.0,"damage_taken":7.0},{"damage_healed":0.0,"max_hp_gain":0.0,"max_hp_loss":0.0,"gold_gain":0.0,"event_name":"Shining Light","player_choice":"Entered Light","floor":5.0,"gold_loss":0.0,"damage_taken":15.0,"cards_upgraded":["Defend_G","Survivor"]},{"damage_healed":0.0,"max_hp_gain":0.0,"max_hp_loss":24.0,"gold_gain":0.0,"event_name":"Vampires","player_choice":"Became a vampire","floor":22.0,"gold_loss":0.0,"damage_taken":0.0,"cards_obtained":["Bite","Bite","Bite","Bite","Bite"]},{"damage_healed":0.0,"max_hp_gain":0.0,"max_hp_loss":0.0,"gold_gain":0.0,"event_name":"SensoryStone","player_choice":"Memory 1","floor":36.0,"gold_loss":0.0,"damage_taken":0.0},{"cards_removed":["Dagger Spray"],"damage_healed":0.0,"max_hp_gain":0.0,"max_hp_loss":0.0,"gold_gain":0.0,"event_name":"Falling","player_choice":"Removed Attack","floor":37.0,"gold_loss":0.0,"damage_taken":0.0},{"damage_healed":0.0,"max_hp_gain":0.0,"max_hp_loss":0.0,"gold_gain":0.0,"event_name":"Purifier","player_choice":"Ignored","floor":39.0,"gold_loss":0.0,"damage_taken":0.0},{"damage_healed":0,"gold_gain":0,"player_choice":"Fight","damage_taken":0,"max_hp_gain":0,"max_hp_loss":0,"event_name":"Mysterious Sphere","floor":48,"gold_loss":0}],"is_beta":false,"boss_relics":[{"not_picked":["Pandora\u0027s Box","Snecko Eye"],"picked":"Busted Crown"},{"not_picked":["Eternal Feather","White Beast Statue"],"picked":"Ring of the Serpent"}],"items_purged_floors":[38],"is_endless":false,"potions_floor_spawned":[6,13,20,21,28,30,31,35,45],"ascension_level":5}