{"gold_per_floor":[115,190,365,365,376,405,68,80,80,80,107,107,135,235,235,333,333,346,360,244,256,273,273],"floor_reached":23,"playtime":1235,"items_purged":["Doubt"],"score":328,"play_id":"08d78787-4be7-4021-ab45-3e38e30b0125","local_time":"20190214020359","is_ascension_mode":true,"campfire_choices":[{"floor":10,"key":"REST"},{"floor":12,"key":"REST"},{"floor":15,"key":"REST"}],"neow_cost":"NONE","seed_source_timestamp":5293216925212,"circlet_count":0,"master_deck":["Strike_B","Strike_B+1","Strike_B+1","Strike_B","Defend_B","Defend_B","Defend_B","Defend_B","Zap","Dualcast+1","Stack","Go for the Eyes+1","Conserve Battery","Compile Driver+1","Sweeping Beam+1","Rebound+1","Creative AI","Go for the Eyes+1","Loop+1","Conserve Battery","Redo+1"],"relics":["Cracked Core","NeowsBlessing","Meat on the Bone","Molten Egg 2","Smiling Mask","Whetstone","StoneCalendar","Cursed Key","Bronze Scales"],"potions_floor_usage":[21,23],"damage_taken":[{"damage":0,"enemies":"Jaw Worm","floor":1,"turns":1},{"damage":0,"enemies":"2 Louse","floor":5,"turns":1},{"damage":0,"enemies":"3 Sentries","floor":6,"turns":1},{"damage":8,"enemies":"Small Slimes","floor":8,"turns":3},{"damage":19,"enemies":"Lagavulin","floor":11,"turns":8},{"damage":26,"enemies":"Gremlin Nob","floor":13,"turns":4},{"damage":20,"enemies":"Slime Boss","floor":16,"turns":7},{"damage":31,"enemies":"Shell Parasite","floor":18,"turns":6},{"damage":17,"enemies":"Spheric Guardian","floor":19,"turns":5},{"damage":29,"enemies":"Cultist and Chosen","floor":21,"turns":6},{"damage":14,"enemies":"Shelled Parasite and Fungi","floor":22,"turns":5},{"damage":14,"enemies":"Slavers","floor":23,"turns":2}],"seed_played":"5244693736970092832","potions_obtained":[{"floor":5,"key":"SteroidPotion"},{"floor":11,"key":"Weak Potion"},{"floor":13,"key":"SteroidPotion"},{"floor":16,"key":"AttackPotion"},{"floor":19,"key":"Fire Potion"},{"floor":22,"key":"SkillPotion"}],"is_trial":false,"path_per_floor":["M","?","?","?","M","E","$","M","T","R","E","R","E","?","R","B",null,"M","M","?","M","M","E"],"character_chosen":"DEFECT","items_purchased":["Molten Egg 2"],"campfire_rested":3,"item_purchase_floors":[7],"current_hp_per_floor":[68,57,57,42,42,42,42,46,46,68,49,71,45,45,67,47,68,49,44,44,27,25,11],"gold":273,"neow_bonus":"THREE_ENEMY_KILL","is_prod":false,"is_daily":false,"chose_seed":false,"campfire_upgraded":0,"win_rate":0,"timestamp":1550138639,"path_taken":["M","?","?","?","M","E","$","M","T","R","E","R","E","?","R","BOSS","M","M","?","?","?","E"],"build_version":"2019-01-23","purchased_purges":1,"victory":false,"max_hp_per_floor":[75,75,75,75,75,75,75,75,75,75,75,75,75,75,75,75,75,75,75,75,75,75,75],"card_choices":[{"not_picked":["Streamline","Rebound"],"picked":"Stack","floor":1},{"not_picked":["Streamline","Lockon"],"picked":"Go for the Eyes","floor":5},{"not_picked":["Seek","Turbo"],"picked":"Conserve Battery","floor":6},{"not_picked":["Redo","Barrage+1"],"picked":"Compile Driver+1","floor":8},{"not_picked":["Seek","Barrage+1"],"picked":"Sweeping Beam+1","floor":11},{"not_picked":["Doom and Gloom+1","Redo"],"picked":"Rebound+1","floor":13},{"not_picked":["Multi-Cast","Thunder Strike+1"],"picked":"Creative AI","floor":16},{"not_picked":["Lockon+1","Undo"],"picked":"Go for the Eyes+1","floor":18},{"not_picked":["Gash+1","Glacier"],"picked":"Loop+1","floor":19},{"not_picked":["Stack","Streamline+1"],"picked":"Conserve Battery","floor":21},{"not_picked":["Amplify","Cold Snap+1"],"picked":"Redo+1","floor":22}],"player_experience":391024,"relics_obtained":[{"floor":6,"key":"Meat on the Bone"},{"floor":9,"key":"Smiling Mask"},{"floor":11,"key":"Whetstone"},{"floor":13,"key":"StoneCalendar"}],"event_choices":[{"damage_healed":0,"gold_gain":75,"player_choice":"Gather Gold","damage_taken":11,"max_hp_gain":0,"max_hp_loss":0,"event_name":"World of Goop","floor":2,"gold_loss":0},{"damage_healed":0,"gold_gain":175,"player_choice":"AGREE","damage_taken":0,"max_hp_gain":0,"max_hp_loss":0,"event_name":"Liars Game","floor":3,"gold_loss":0,"cards_obtained":["Doubt"]},{"damage_healed":0,"gold_gain":0,"player_choice":"Entered Light","damage_taken":15,"max_hp_gain":0,"max_hp_loss":0,"event_name":"Shining Light","floor":4,"gold_loss":0,"cards_upgraded":["Strike_B","Dualcast"]},{"damage_healed":0,"gold_gain":100,"player_choice":"Pray","damage_taken":0,"max_hp_gain":0,"max_hp_loss":0,"event_name":"Golden Shrine","floor":14,"gold_loss":0},{"damage_healed":0,"gold_gain":0,"player_choice":"Paid Gold","damage_taken":0,"relics_obtained":["Bronze Scales"],"max_hp_gain":0,"max_hp_loss":0,"event_name":"WeMeetAgain","floor":20,"gold_loss":116}],"is_beta":false,"boss_relics":[{"not_picked":["Runic Dome","FrozenCore"],"picked":"Cursed Key"}],"items_purged_floors":[7],"is_endless":false,"potions_floor_spawned":[5,11,13,16,19,22],"killed_by":"Slavers","ascension_level":8}