{"gold_per_floor":[115,115,115,135,155,155,172,172,198,209,130,54,72,82,82,177,177,151,151,161,161,180,180,180,180,230,256,256,275,30,47,47,149,149,166,166,184,184,1183,1183,399,399,699,715,726,145,156,169,169,169],"floor_reached":51,"playtime":3009,"items_purged":["Strike_G+1","Normality","Normality"],"score":661,"play_id":"7d9de2d0-a80c-40f0-a4ee-ecb82d525efe","local_time":"20190217033222","is_ascension_mode":false,"campfire_choices":[{"data":"Choke","floor":6.0,"key":"SMITH"},{"data":"Neutralize","floor":8.0,"key":"SMITH"},{"data":"Footwork","floor":15.0,"key":"SMITH"},{"data":"Noxious Fumes","floor":23.0,"key":"SMITH"},{"data":"Malaise","floor":25.0,"key":"SMITH"},{"data":"1","floor":32,"key":"LIFT"},{"data":"2","floor":40,"key":"LIFT"},{"data":"3","floor":42,"key":"LIFT"},{"data":"The Bomb","floor":49,"key":"SMITH"}],"neow_cost":"NONE","seed_source_timestamp":6690171105578,"circlet_count":0,"master_deck":["Defend_G+1","Defend_G+1","Defend_G+1","Defend_G+1","Strike_G+1","Strike_G+1","Strike_G+1","Strike_G+1","Survivor+1","Neutralize+1","Deflect+1","Dagger Spray","Choke+1","Cloak And Dagger","Dash","Footwork+1","Noxious Fumes+1","Predator+1","Dagger Spray+1","Malaise+1","Flying Knee","Backflip+1","The Bomb+1","Phantasmal Killer","Night Terror","Blur+1","Eviscerate+1","Footwork","Parasite","Perfected Strike"],"special_seed":0,"relics":["Ring of the Snake","Anchor","PreservedInsect","Potion Belt","Snecko Eye","Centennial Puzzle","War Paint","Girya","Eternal Feather","PrismaticShard","Kunai","Bronze Scales","Old Coin","Singing Bowl","Bag of Marbles"],"potions_floor_usage":[50,50,50,50,50],"damage_taken":[{"damage":0.0,"enemies":"Cultist","floor":1.0,"turns":4.0},{"damage":0.0,"enemies":"2 Louse","floor":4.0,"turns":2.0},{"damage":0.0,"enemies":"Jaw Worm","floor":5.0,"turns":3.0},{"damage":0.0,"enemies":"Gremlin Gang","floor":7.0,"turns":3.0},{"damage":0.0,"enemies":"3 Louse","floor":10.0,"turns":3.0},{"damage":0.0,"enemies":"2 Fungi Beasts","floor":13.0,"turns":2.0},{"damage":8.0,"enemies":"Large Slime","floor":14.0,"turns":5.0},{"damage":42.0,"enemies":"Slime Boss","floor":16.0,"turns":11.0},{"damage":2.0,"enemies":"2 Thieves","floor":18.0,"turns":5.0},{"damage":4.0,"enemies":"Spheric Guardian","floor":20.0,"turns":4.0},{"damage":2.0,"enemies":"Shelled Parasite and Fungi","floor":22.0,"turns":5.0},{"damage":8,"enemies":"Gremlin Leader","floor":27,"turns":6},{"damage":4,"enemies":"Centurion and Healer","floor":29,"turns":6},{"damage":0,"enemies":"Snake Plant","floor":31,"turns":4},{"damage":21,"enemies":"Champ","floor":33,"turns":12},{"damage":0,"enemies":"3 Shapes","floor":35,"turns":3},{"damage":0,"enemies":"Orb Walker","floor":37,"turns":3},{"damage":0,"enemies":"4 Shapes","floor":44,"turns":3},{"damage":24,"enemies":"Writhing Mass","floor":45,"turns":5},{"damage":5,"enemies":"Jaw Worm Horde","floor":47,"turns":3},{"damage":0,"enemies":"Sphere and 2 Shapes","floor":48,"turns":5},{"damage":27,"enemies":"Time Eater","floor":50,"turns":11}],"seed_played":"-1921937326386742356","potions_obtained":[{"floor":4.0,"key":"Swift Potion"},{"floor":7.0,"key":"Dexterity Potion"},{"floor":13.0,"key":"Strength Potion"},{"floor":18.0,"key":"Strength Potion"},{"floor":31,"key":"Strength Potion"},{"floor":33,"key":"Ancient Potion"},{"floor":44,"key":"Dexterity Potion"}],"is_trial":false,"path_per_floor":["M","?","?","M","M","R","M","R","T","M","$","$","M","M","R","B",null,"M","?","M","?","M","R","?","R","T","E","$","M","$","M","R","B",null,"M","?","M","?","?","R","$","R","T","M","M","$","M","M","R","B",null],"character_chosen":"THE_SILENT","items_purchased":["Footwork","Noxious Fumes","The Bomb","Footwork","PrismaticShard","Kunai","Bronze Scales","SpeedPotion","Singing Bowl","Bag of Marbles"],"campfire_rested":0,"item_purchase_floors":[11,12,30,41,41,41,41,46,46,46],"current_hp_per_floor":[70,58,51,51,51,51,51,51,51,51,51,51,51,43,43,1,70,68,68,64,64,62,62,62,62,62,54,54,50,50,50,50,29,70,70,70,70,70,70,70,70,70,70,70,46,46,41,43,61,34],"gold":169,"neow_bonus":"RANDOM_COMMON_RELIC","is_prod":false,"is_daily":false,"chose_seed":false,"campfire_upgraded":6,"win_rate":0,"timestamp":1550395942,"path_taken":["M","?","?","M","M","R","M","R","T","M","?","$","M","?","R","BOSS","M","?","M","?","M","R","?","R","T","E","$","M","$","?","R","BOSS","M","?","M","?","?","R","?","R","T","?","M","$","M","M","R","BOSS"],"build_version":"2019-01-23","purchased_purges":3,"victory":true,"max_hp_per_floor":[70,70,70,70,70,70,70,70,70,70,70,70,70,70,70,70,70,70,70,70,70,70,70,70,70,70,70,70,70,70,70,70,70,70,70,70,70,70,70,70,70,70,70,70,70,70,70,72,72,72],"card_choices":[{"not_picked":["Slice","Blur"],"picked":"Deflect","floor":1.0},{"not_picked":["Quick Slash","PiercingWail"],"picked":"Dagger Spray","floor":4.0},{"not_picked":["Slice","Quick Slash"],"picked":"Choke","floor":5.0},{"not_picked":["Backstab","Slice"],"picked":"Cloak And Dagger","floor":7.0},{"not_picked":["Dagger Throw","Poisoned Stab"],"picked":"Dash","floor":10.0},{"not_picked":["Setup","Poisoned Stab","Underhanded Strike"],"picked":"SKIP","floor":13.0},{"not_picked":["Quick Slash","Underhanded Strike","Acrobatics"],"picked":"SKIP","floor":14.0},{"not_picked":["Grand Finale","Bullet Time"],"picked":"Tools of the Trade","floor":16.0},{"not_picked":["Flying Knee","Prepared"],"picked":"Predator+1","floor":18.0},{"not_picked":["Deadly Poison","Acrobatics"],"picked":"Dagger Spray+1","floor":20.0},{"not_picked":["Bouncing Flask","Cloak And Dagger+1"],"picked":"Malaise","floor":22.0},{"not_picked":["Escape Plan+1","Expertise"],"picked":"Flying Knee","floor":27},{"not_picked":["Quick Slash+1","Acrobatics"],"picked":"Backflip+1","floor":29},{"not_picked":["Dodge and Roll+1","Tactician"],"picked":"Phantasmal Killer","floor":31},{"not_picked":["Doppelganger","Storm of Steel"],"picked":"Night Terror","floor":33},{"not_picked":["Cloak And Dagger","Slice+1"],"picked":"Blur+1","floor":35},{"not_picked":["Terror+1","Blade Dance"],"picked":"Eviscerate+1","floor":37},{"not_picked":["Stack","Go for the Eyes","Scrape+1"],"picked":"SKIP","floor":44},{"not_picked":["Beam Cell","Seeing Red+1","Armaments"],"picked":"SKIP","floor":45},{"not_picked":["Outmaneuver+1","Static Discharge"],"picked":"Perfected Strike","floor":47},{"not_picked":["Cleave","Havoc","Body Slam"],"picked":"Singing Bowl","floor":48}],"player_experience":846239,"relics_obtained":[{"floor":9.0,"key":"Potion Belt"},{"floor":26.0,"key":"War Paint"},{"floor":27,"key":"Girya"},{"floor":43,"key":"Old Coin"}],"event_choices":[{"damage_healed":0.0,"max_hp_gain":0.0,"max_hp_loss":0.0,"gold_gain":0.0,"event_name":"Scrap Ooze","player_choice":"Success","floor":2.0,"gold_loss":0.0,"damage_taken":12.0,"relics_obtained":["PreservedInsect"]},{"cards_removed":["Defend_G"],"damage_healed":0.0,"max_hp_gain":0.0,"max_hp_loss":0.0,"gold_gain":0.0,"event_name":"Golden Wing","player_choice":"Card Removal","floor":3.0,"gold_loss":0.0,"damage_taken":7.0},{"damage_healed":0.0,"max_hp_gain":0.0,"max_hp_loss":0.0,"gold_gain":0.0,"event_name":"Addict","player_choice":"Stole Relic","floor":19.0,"gold_loss":0.0,"damage_taken":0.0,"relics_obtained":["Centennial Puzzle"],"cards_obtained":["Shame"]},{"damage_healed":0.0,"max_hp_gain":0.0,"max_hp_loss":0.0,"gold_gain":0.0,"event_name":"Back to Basics","player_choice":"Simplicity","floor":21.0,"gold_loss":0.0,"damage_taken":0.0,"cards_upgraded":["Defend_G","Defend_G","Defend_G","Defend_G","Strike_G","Strike_G","Strike_G","Strike_G","Strike_G"]},{"cards_removed":["Shame"],"damage_healed":0.0,"max_hp_gain":0.0,"max_hp_loss":0.0,"gold_gain":0.0,"event_name":"Fountain of Cleansing","player_choice":"Removed Curses","floor":24.0,"gold_loss":0.0,"damage_taken":0.0},{"damage_healed":0,"gold_gain":0,"player_choice":"Ignored","damage_taken":0,"max_hp_gain":0,"max_hp_loss":0,"event_name":"Tomb of Lord Red Mask","floor":36,"gold_loss":0},{"cards_removed":["Tools of the Trade"],"damage_healed":0,"gold_gain":0,"player_choice":"Removed Power","damage_taken":0,"max_hp_gain":0,"max_hp_loss":0,"event_name":"Falling","floor":38,"gold_loss":0},{"damage_healed":0,"gold_gain":999,"player_choice":"Gold","damage_taken":0,"max_hp_gain":0,"max_hp_loss":0,"event_name":"MindBloom","floor":39,"gold_loss":0,"cards_obtained":["Normality","Normality"]}],"is_beta":false,"boss_relics":[{"not_picked":["Fusion Hammer","Sozu"],"picked":"Snecko Eye"},{"not_picked":["Empty Cage","Tiny House"],"picked":"Eternal Feather"}],"items_purged_floors":[30,41,46],"is_endless":false,"potions_floor_spawned":[4,7,13,18,31,33,44,47],"ascension_level":0}