{"gold_per_floor":[113,113,129,129,148,21,21,21,44,64,64,91,115,36,36,141,141,157,157,157,168,168,168,182,217,262,262,279,279,292,302,302,403,403,422,422,372,388,406,406],"floor_reached":40,"playtime":1060,"items_purged":["Strike_B","Strike_B"],"score":406,"play_id":"1b9b5515-e0e4-4798-9509-13182eb0397c","local_time":"20190218043906","is_ascension_mode":false,"campfire_choices":[{"data":"Tempest","floor":7.0,"key":"SMITH"},{"data":"White Noise","floor":11.0,"key":"SMITH"},{"floor":15,"key":"REST"},{"data":"Tempest","floor":23,"key":"SMITH"},{"data":"Dualcast","floor":27,"key":"SMITH"},{"data":"Consume","floor":29,"key":"SMITH"},{"data":"Go for the Eyes","floor":32,"key":"SMITH"}],"neow_cost":"NONE","seed_source_timestamp":13302448350500,"circlet_count":0,"master_deck":["Strike_B+1","Defend_B","Defend_B","Defend_B","Zap+1","Dualcast+1","Tempest+1","White Noise+1","Reinforced Body","Coolheaded","Ball Lightning+1","Go for the Eyes+1","Cold Snap","Tempest+1","Echo Form","Beam Cell+1","Reprogram","Undo","Storm+1","Redo+1","Consume+1","Reinforced Body","Conserve Battery","Auto Shields+1","Biased Cognition","Madness","Madness","Static Discharge+1"],"special_seed":0,"relics":["Cracked Core","NeowsBlessing","Dodecahedron","Smiling Mask","Whetstone","Odd Mushroom","Coffee Dripper","Boot","DataDisk","Busted Crown"],"potions_floor_usage":[25,25,25,33],"damage_taken":[{"damage":0.0,"enemies":"Jaw Worm","floor":1.0,"turns":1.0},{"damage":0.0,"enemies":"2 Louse","floor":3.0,"turns":1.0},{"damage":0.0,"enemies":"Small Slimes","floor":5.0,"turns":1.0},{"damage":13.0,"enemies":"3 Louse","floor":10.0,"turns":4.0},{"damage":31.0,"enemies":"3 Sentries","floor":12.0,"turns":7.0},{"damage":9,"enemies":"The Mushroom Lair","floor":13,"turns":4},{"damage":20,"enemies":"Hexaghost","floor":16,"turns":10},{"damage":0,"enemies":"3 Byrds","floor":18,"turns":2},{"damage":0,"enemies":"Spheric Guardian","floor":21,"turns":2},{"damage":19,"enemies":"Centurion and Healer","floor":24,"turns":3},{"damage":14,"enemies":"Gremlin Leader","floor":25,"turns":4},{"damage":0,"enemies":"3 Cultists","floor":28,"turns":4},{"damage":0,"enemies":"Chosen and Byrds","floor":30,"turns":3},{"damage":0,"enemies":"Snecko","floor":31,"turns":5},{"damage":22,"enemies":"Champ","floor":33,"turns":8},{"damage":0,"enemies":"Orb Walker","floor":35,"turns":2},{"damage":32,"enemies":"3 Darklings","floor":38,"turns":4},{"damage":10,"enemies":"Sphere and 2 Shapes","floor":39,"turns":2},{"damage":33,"enemies":"Nemesis","floor":40,"turns":3}],"seed_played":"-523528962027718191","potions_obtained":[{"floor":3.0,"key":"SteroidPotion"},{"floor":5.0,"key":"GamblersBrew"},{"floor":16,"key":"Dexterity Potion"},{"floor":21,"key":"EssenceOfSteel"},{"floor":24,"key":"PowerPotion"},{"floor":30,"key":"Poison Potion"},{"floor":33,"key":"EssenceOfSteel"}],"is_trial":false,"path_per_floor":["M","?","M","?","M","$","R","?","T","M","R","E","?","$","R","B",null,"M","$","?","M","?","R","M","E","T","R","M","R","M","M","R","B",null,"M","?","$","M","M","E"],"character_chosen":"DEFECT","items_purchased":["Coolheaded","Tempest"],"campfire_rested":1,"item_purchase_floors":[6,14],"current_hp_per_floor":[75,63,63,63,63,63,63,63,63,50,50,19,10,10,32,12,75,75,75,75,75,75,75,56,42,42,42,42,42,42,42,42,20,75,75,66,66,34,24,0],"gold":406,"neow_bonus":"THREE_ENEMY_KILL","is_prod":false,"is_daily":false,"chose_seed":false,"campfire_upgraded":6,"win_rate":0,"timestamp":1550486346,"path_taken":["M","?","M","?","M","$","R","?","T","M","R","E","?","?","R","BOSS","M","$","?","M","?","R","?","E","T","R","M","R","M","M","R","BOSS","M","?","$","M","M","E"],"build_version":"2019-01-23","purchased_purges":2,"victory":false,"max_hp_per_floor":[75,75,75,75,75,75,75,75,75,75,75,75,75,75,75,75,75,75,75,75,75,75,75,75,75,75,75,75,75,75,75,75,75,75,75,75,75,75,75,75],"card_choices":[{"not_picked":["Leap","Stack"],"picked":"Tempest","floor":1.0},{"not_picked":["Steam","Sweeping Beam"],"picked":"White Noise","floor":3.0},{"not_picked":["Sweeping Beam","Beam Cell"],"picked":"Reinforced Body","floor":5.0},{"not_picked":["Cold Snap","Double Energy"],"picked":"Ball Lightning","floor":10.0},{"not_picked":["Stack","Redo"],"picked":"Go for the Eyes","floor":12},{"not_picked":["Sunder","Undo"],"picked":"Cold Snap","floor":13},{"not_picked":["Machine Learning","Multi-Cast"],"picked":"Echo Form","floor":16},{"not_picked":["Rebound","Steam"],"picked":"Beam Cell+1","floor":18},{"not_picked":["Heatsinks","Steam"],"picked":"Storm+1","floor":21},{"not_picked":["Streamline+1","Hello World"],"picked":"Redo+1","floor":24},{"not_picked":["Aggregate+1","Reprogram+1"],"picked":"Consume","floor":25},{"not_picked":["Compile Driver","Static Discharge"],"picked":"Reinforced Body","floor":28},{"not_picked":["Barrage+1","Hello World+1"],"picked":"Conserve Battery","floor":30},{"not_picked":["Darkness","Sweeping Beam+1"],"picked":"Auto Shields+1","floor":31},{"not_picked":["Machine Learning","Creative AI"],"picked":"Biased Cognition","floor":33},{"not_picked":["Redo+1"],"picked":"SKIP","floor":35},{"not_picked":[],"picked":"Static Discharge+1","floor":38},{"not_picked":["Reprogram"],"picked":"SKIP","floor":39}],"player_experience":873665,"relics_obtained":[{"floor":9.0,"key":"Smiling Mask"},{"floor":12,"key":"Whetstone"},{"floor":13,"key":"Odd Mushroom"},{"floor":25,"key":"Boot"},{"floor":26,"key":"DataDisk"}],"event_choices":[{"damage_healed":0.0,"max_hp_gain":0.0,"max_hp_loss":0.0,"gold_gain":0.0,"event_name":"Scrap Ooze","player_choice":"Success","floor":2.0,"gold_loss":0.0,"damage_taken":12.0,"relics_obtained":["Dodecahedron"]},{"damage_healed":0.0,"max_hp_gain":0.0,"max_hp_loss":0.0,"gold_gain":0.0,"event_name":"Living Wall","player_choice":"Grow","floor":4.0,"gold_loss":0.0,"damage_taken":0.0,"cards_upgraded":["Zap"]},{"damage_healed":0.0,"max_hp_gain":0.0,"max_hp_loss":0.0,"gold_gain":0.0,"event_name":"The Cleric","player_choice":"Leave","floor":8.0,"gold_loss":0.0,"damage_taken":0.0},{"damage_healed":0,"gold_gain":0,"player_choice":"Fought Mushrooms","damage_taken":0,"max_hp_gain":0,"max_hp_loss":0,"event_name":"Mushrooms","floor":13,"gold_loss":0},{"damage_healed":0,"gold_gain":0,"cards_transformed":["Strike_B","Defend_B"],"player_choice":"Became Test Subject","damage_taken":0,"max_hp_gain":0,"max_hp_loss":0,"event_name":"Drug Dealer","floor":20,"gold_loss":0,"cards_obtained":["Reprogram","Undo"]},{"damage_healed":0,"gold_gain":0,"player_choice":"Full Heal","damage_taken":0,"max_hp_gain":0,"max_hp_loss":0,"event_name":"Wheel of Change","floor":22,"gold_loss":0},{"damage_healed":0,"gold_gain":0,"player_choice":"Embrace Madness","damage_taken":9,"max_hp_gain":0,"max_hp_loss":0,"event_name":"Winding Halls","floor":36,"gold_loss":0,"cards_obtained":["Madness","Madness"]}],"is_beta":false,"boss_relics":[{"not_picked":["FrozenCore","Tiny House"],"picked":"Coffee Dripper"},{"not_picked":["Snecko Eye","Fusion Hammer"],"picked":"Busted Crown"}],"items_purged_floors":[6,37],"is_endless":false,"potions_floor_spawned":[3,5,16,21,24,30,33],"killed_by":"Nemesis","ascension_level":0}