{"gold_per_floor":[110,24,43,57,71,71,99,99,99,99,117,131,164,187,187,316,316,331,331,256,276,276,316,336,336,336,349,388,428,471,175,175,306,306,325,20,44,169,169,210,210,230,230,230,505,505,529,550,550,550],"floor_reached":51,"playtime":2215,"items_purged":["Strike_B","Strike_B"],"score":1021,"play_id":"65fbc8f9-65b0-4fa0-bfaa-afdd088ceece","local_time":"20190217013833","is_ascension_mode":false,"campfire_choices":[{"data":"Zap","floor":6,"key":"SMITH"},{"data":"Chaos","floor":15,"key":"SMITH"},{"data":"Dualcast","floor":25,"key":"SMITH"},{"data":"Go for the Eyes","floor":32,"key":"SMITH"},{"data":"Creative AI","floor":41,"key":"SMITH"},{"data":"Biased Cognition","floor":46,"key":"SMITH"},{"data":"Ball Lightning","floor":49,"key":"SMITH"}],"neow_cost":"NONE","seed_source_timestamp":712123379887,"circlet_count":0,"master_deck":["Defend_B","Defend_B","Defend_B","Zap+1","Dualcast+1","Cold Snap","Go for the Eyes+1","Ball Lightning+1","Chaos+1","Hologram+1","Compile Driver","Sweeping Beam","Compile Driver","Biased Cognition+1","White Noise+1","Ghostly+1","Ghostly+1","Ghostly+1","Ghostly+1","Ghostly+1","White Noise+1","Creative AI+1","Turbo+1","Glacier+1","Cold Snap+1","Coolheaded+1","Conserve Battery+1","Fission+1","Steam+1","The Bomb+1","Fusion+1","White Noise+1","Skim+1","Normality","Writhe","Regret"],"relics":["Cracked Core","Pen Nib","PreservedInsect","Toxic Egg 2","Golden Idol","Cables","Spirit Poop","Lantern","Sozu","Bag of Marbles","Singing Bowl","Molten Egg 2","Red Mask","Dodecahedron","Membership Card","Cursed Key","Dead Branch","Du-Vu Doll","Blue Candle","Thread and Needle","Emotion Chip"],"potions_floor_usage":[13,16,23,28],"damage_taken":[{"damage":3,"enemies":"Jaw Worm","floor":1,"turns":4},{"damage":0,"enemies":"Cultist","floor":3,"turns":3},{"damage":0,"enemies":"2 Louse","floor":4,"turns":2},{"damage":7,"enemies":"2 Fungi Beasts","floor":5,"turns":4},{"damage":16,"enemies":"Lagavulin","floor":7,"turns":5},{"damage":0,"enemies":"Gremlin Gang","floor":11,"turns":3},{"damage":12,"enemies":"Exordium Wildlife","floor":12,"turns":3},{"damage":0,"enemies":"Gremlin Nob","floor":13,"turns":2},{"damage":0,"enemies":"Large Slime","floor":14,"turns":3},{"damage":25,"enemies":"The Guardian","floor":16,"turns":8},{"damage":0,"enemies":"3 Byrds","floor":18,"turns":3},{"damage":0,"enemies":"Spheric Guardian","floor":21,"turns":4},{"damage":0,"enemies":"Book of Stabbing","floor":23,"turns":5},{"damage":14,"enemies":"Snake Plant","floor":24,"turns":4},{"damage":11,"enemies":"Shelled Parasite and Fungi","floor":27,"turns":5},{"damage":0,"enemies":"Gremlin Leader","floor":28,"turns":6},{"damage":0,"enemies":"Masked Bandits","floor":29,"turns":4},{"damage":0,"enemies":"Book of Stabbing","floor":30,"turns":5},{"damage":15,"enemies":"Collector","floor":33,"turns":7},{"damage":0,"enemies":"Orb Walker","floor":35,"turns":3},{"damage":0,"enemies":"3 Shapes","floor":37,"turns":2},{"damage":0,"enemies":"Mind Bloom Boss Battle","floor":38,"turns":2},{"damage":0,"enemies":"Reptomancer","floor":40,"turns":4},{"damage":0,"enemies":"Writhing Mass","floor":42,"turns":4},{"damage":0,"enemies":"Transient","floor":47,"turns":5},{"damage":0,"enemies":"4 Shapes","floor":48,"turns":2},{"damage":3,"enemies":"Awakened One","floor":50,"turns":9}],"seed_played":"8190694182973648341","potions_obtained":[{"floor":1,"key":"Strength Potion"},{"floor":4,"key":"EssenceOfSteel"},{"floor":13,"key":"Regen Potion"},{"floor":14,"key":"Swift Potion"}],"is_trial":false,"path_per_floor":["M","?","M","M","M","R","E","?","T","?","M","M","E","M","R","B",null,"M","?","?","M","?","E","M","R","T","M","E","?","E","$","R","B",null,"M","$","M","?","?","E","R","M","T","T","?","R","M","M","R","B",null],"character_chosen":"DEFECT","items_purchased":["Membership Card","Coolheaded+1","Conserve Battery+1","Dead Branch","The Bomb+1"],"campfire_rested":0,"item_purchase_floors":[31,31,31,36,36],"current_hp_per_floor":[72,72,72,72,65,65,49,49,49,49,49,37,37,37,37,12,75,75,37,37,37,37,37,23,23,23,12,29,29,31,31,31,16,41,41,41,41,41,41,41,41,43,43,43,43,43,45,47,47,44],"gold":550,"neow_bonus":"RANDOM_COMMON_RELIC","is_prod":false,"is_daily":false,"chose_seed":false,"campfire_upgraded":7,"win_rate":0,"timestamp":1550389113,"path_taken":["M","?","M","M","?","R","E","?","T","?","M","M","E","?","R","BOSS","M","?","?","M","?","E","M","R","T","M","E","?","E","$","R","BOSS","M","$","M","?","?","E","R","M","T","?","?","R","?","M","R","BOSS"],"build_version":"2019-01-23","purchased_purges":2,"victory":true,"max_hp_per_floor":[75,75,75,75,75,75,75,75,75,75,75,75,75,75,75,75,75,75,37,37,37,37,37,37,37,37,37,39,39,41,41,41,41,41,41,41,41,41,41,41,41,43,43,43,43,43,45,47,47,47],"card_choices":[{"not_picked":["Heatsinks","Streamline"],"picked":"Cold Snap","floor":1},{"not_picked":["Coolheaded","Steam"],"picked":"Go for the Eyes","floor":3},{"not_picked":["Sweeping Beam","Recycle"],"picked":"Ball Lightning","floor":4},{"not_picked":["Leap","Fusion"],"picked":"Chaos","floor":5},{"not_picked":["FTL","Reboot"],"picked":"Hologram","floor":7},{"not_picked":["Double Energy+1","Redo+1"],"picked":"Compile Driver","floor":11},{"not_picked":["Barrage","Rip and Tear"],"picked":"Sweeping Beam","floor":12},{"not_picked":["Go for the Eyes","Gash","Streamline"],"picked":"SKIP","floor":13},{"not_picked":["Melter","Lockon"],"picked":"Compile Driver","floor":14},{"not_picked":["Reboot+1","All For One"],"picked":"Biased Cognition","floor":16},{"not_picked":["Heatsinks","Steam+1"],"picked":"White Noise+1","floor":18},{"not_picked":["Lockon","Static Discharge"],"picked":"White Noise+1","floor":21},{"not_picked":["Sweeping Beam+1","Streamline"],"picked":"Creative AI","floor":23},{"not_picked":["Gash+1","Go for the Eyes"],"picked":"Turbo+1","floor":24},{"not_picked":["Doom and Gloom","Double Energy+1"],"picked":"Glacier+1","floor":27},{"not_picked":["Beam Cell","Fusion+1","Creative AI"],"picked":"Singing Bowl","floor":28},{"not_picked":["Compile Driver+1","Redo+1"],"picked":"Cold Snap+1","floor":29},{"not_picked":["Stack+1","Rebound+1","Auto Shields+1"],"picked":"Singing Bowl","floor":30},{"not_picked":["Electrodynamics","Machine Learning"],"picked":"Fission+1","floor":33},{"not_picked":["Go for the Eyes+1","Blizzard+1"],"picked":"Steam+1","floor":35},{"not_picked":["Cold Snap+1","Force Field+1"],"picked":"Fusion+1","floor":37},{"not_picked":["Beam Cell+1","Darkness+1"],"picked":"White Noise+1","floor":38},{"not_picked":["Ball Lightning+1","Amplify+1"],"picked":"Skim+1","floor":40},{"not_picked":["Stack+1","Barrage+1","Hologram+1"],"picked":"Singing Bowl","floor":42},{"not_picked":["Stack+1","Sweeping Beam+1","Gash+1"],"picked":"Singing Bowl","floor":47},{"not_picked":["BootSequence+1","Blizzard+1","Barrage+1"],"picked":"Singing Bowl","floor":48}],"player_experience":840660,"relics_obtained":[{"floor":7,"key":"Toxic Egg 2"},{"floor":9,"key":"Cables"},{"floor":13,"key":"Lantern"},{"floor":23,"key":"Bag of Marbles"},{"floor":26,"key":"Singing Bowl"},{"floor":28,"key":"Molten Egg 2"},{"floor":29,"key":"Red Mask"},{"floor":30,"key":"Dodecahedron"},{"floor":38,"key":"Du-Vu Doll"},{"floor":40,"key":"Blue Candle"},{"floor":43,"key":"Thread and Needle"},{"floor":44,"key":"Emotion Chip"}],"event_choices":[{"damage_healed":0,"gold_gain":0,"player_choice":"Paid Gold","damage_taken":0,"relics_obtained":["PreservedInsect"],"max_hp_gain":0,"max_hp_loss":0,"event_name":"WeMeetAgain","floor":2,"gold_loss":86},{"damage_healed":0,"gold_gain":0,"player_choice":"Take Wound","damage_taken":0,"relics_obtained":["Golden Idol"],"max_hp_gain":0,"max_hp_loss":0,"event_name":"Golden Idol","floor":8,"gold_loss":0,"cards_obtained":["Injury"]},{"cards_removed":["Injury"],"damage_healed":0,"gold_gain":0,"player_choice":"Offered Curse","damage_taken":0,"relics_obtained":["Spirit Poop"],"max_hp_gain":0,"max_hp_loss":0,"event_name":"Bonfire Elementals","floor":10,"gold_loss":0},{"damage_healed":0,"gold_gain":0,"player_choice":"Became a Ghost","damage_taken":0,"max_hp_gain":0,"max_hp_loss":38,"event_name":"Ghosts","floor":19,"gold_loss":0,"cards_obtained":["Ghostly","Ghostly","Ghostly","Ghostly","Ghostly"]},{"cards_removed":["Strike_B"],"damage_healed":0,"gold_gain":0,"player_choice":"Gave Gold","damage_taken":0,"max_hp_gain":0,"max_hp_loss":0,"event_name":"Beggar","floor":20,"gold_loss":75},{"cards_removed":["Strike_B"],"damage_healed":0,"gold_gain":0,"player_choice":"Elegance","damage_taken":0,"max_hp_gain":0,"max_hp_loss":0,"event_name":"Back to Basics","floor":22,"gold_loss":0},{"damage_healed":0,"gold_gain":0,"player_choice":"Fought Bandits","damage_taken":0,"max_hp_gain":0,"max_hp_loss":0,"event_name":"Masked Bandits","floor":29,"gold_loss":0},{"damage_healed":0,"gold_gain":0,"player_choice":"Fight","damage_taken":0,"max_hp_gain":0,"max_hp_loss":0,"event_name":"MindBloom","floor":38,"gold_loss":0},{"cards_removed":["Defend_B"],"damage_healed":0,"gold_gain":0,"player_choice":"Removed Skill","damage_taken":0,"max_hp_gain":0,"max_hp_loss":0,"event_name":"Falling","floor":39,"gold_loss":0},{"damage_healed":0,"gold_gain":275,"player_choice":"Desecrate","damage_taken":0,"max_hp_gain":0,"max_hp_loss":0,"event_name":"Golden Shrine","floor":45,"gold_loss":0,"cards_obtained":["Regret"]}],"is_beta":false,"boss_relics":[{"not_picked":["Pandora\u0027s Box","Runic Pyramid"],"picked":"Sozu"},{"not_picked":["Empty Cage","Philosopher\u0027s Stone"],"picked":"Cursed Key"}],"items_purged_floors":[31,36],"is_endless":false,"potions_floor_spawned":[1,4,13,14,18,28,29,30,38,40,48],"ascension_level":0}