{"gold_per_floor":[115,115,215,229,254,285,285,285,285,304,317,338,359,23,23,147,147,163,183,207,122,322,322,342,376,400,113,113],"floor_reached":28,"playtime":1688,"items_purged":["Strike_R","Strike_R"],"score":339,"play_id":"1cc42e40-325a-433b-9ebf-f5de868eb0ab","local_time":"20190212232618","is_ascension_mode":true,"campfire_choices":[{"floor":7,"key":"REST"},{"floor":15,"key":"REST"},{"floor":23,"key":"REST"}],"neow_cost":"NONE","seed_source_timestamp":2717818752020382,"circlet_count":0,"master_deck":["Strike_R","Strike_R","Strike_R","Defend_R","Defend_R","Defend_R","Defend_R","Bash","Infernal Blade","Rampage","Flame Barrier","Dropkick","Panacea","Dual Wield+1","Havoc+1","Heavy Blade","Twin Strike","Shrug It Off+1","Demon Form","Heavy Blade+1","Pommel Strike+1","Rage+1","Cleave","Ghostly Armor+1"],"relics":["Burning Blood","NeowsBlessing","Golden Idol","Mummified Hand","Toxic Egg 2","Sling","Fusion Hammer","Matryoshka","Bottled Tornado","Darkstone Periapt","Bag of Preparation","Lantern"],"potions_floor_usage":[11,16,24,25,28],"damage_taken":[{"damage":0,"enemies":"Cultist","floor":1,"turns":1},{"damage":0,"enemies":"Jaw Worm","floor":4,"turns":1},{"damage":0,"enemies":"Small Slimes","floor":5,"turns":1},{"damage":43,"enemies":"Gremlin Nob","floor":6,"turns":6},{"damage":9,"enemies":"Blue Slaver","floor":10,"turns":5},{"damage":4,"enemies":"Lots of Slimes","floor":11,"turns":4},{"damage":7,"enemies":"2 Fungi Beasts","floor":12,"turns":4},{"damage":21,"enemies":"Exordium Thugs","floor":13,"turns":3},{"damage":58,"enemies":"Slime Boss","floor":16,"turns":13},{"damage":20,"enemies":"Shell Parasite","floor":18,"turns":5},{"damage":8,"enemies":"Chosen","floor":19,"turns":2},{"damage":41,"enemies":"Sentry and Sphere","floor":20,"turns":7},{"damage":7,"enemies":"Snake Plant","floor":24,"turns":4},{"damage":32,"enemies":"Slavers","floor":25,"turns":6},{"damage":11,"enemies":"Centurion and Healer","floor":28,"turns":2}],"seed_played":"367152070147784273","potions_obtained":[{"floor":1,"key":"SkillPotion"},{"floor":10,"key":"FearPotion"},{"floor":12,"key":"SteroidPotion"},{"floor":13,"key":"Weak Potion"},{"floor":25,"key":"SteroidPotion"}],"is_trial":false,"path_per_floor":["M","?","?","M","M","E","R","?","T","M","M","M","M","$","R","B",null,"M","M","M","?","?","R","M","E","T","$","M"],"character_chosen":"IRONCLAD","items_purchased":["Sling","Shrug It Off+1","Lantern","Ghostly Armor+1"],"campfire_rested":3,"item_purchase_floors":[14,14,27,27],"current_hp_per_floor":[78,58,58,64,70,33,57,57,57,54,56,55,40,40,64,12,63,49,47,12,12,12,36,35,9,9,9,0],"gold":113,"neow_bonus":"THREE_ENEMY_KILL","is_prod":false,"is_daily":false,"chose_seed":false,"campfire_upgraded":0,"win_rate":0,"timestamp":1550042778,"path_taken":["M","?","?","?","M","E","R","?","T","M","M","M","M","$","R","BOSS","M","?","M","?","?","R","?","E","T","$","M"],"build_version":"2019-01-23","purchased_purges":2,"victory":false,"max_hp_per_floor":[80,80,80,80,80,80,80,80,80,80,80,80,80,80,80,80,80,80,80,80,80,80,80,80,80,80,80,80],"card_choices":[{"not_picked":["Body Slam","Clothesline"],"picked":"Infernal Blade","floor":1},{"not_picked":["Fire Breathing","Seeing Red"],"picked":"Rampage","floor":4},{"not_picked":["Havoc","Warcry"],"picked":"Flame Barrier","floor":5},{"not_picked":["Wild Strike","Twin Strike"],"picked":"Dropkick","floor":6},{"not_picked":["Evolve","Brutality"],"picked":"Dual Wield+1","floor":10},{"not_picked":["Wild Strike","Whirlwind"],"picked":"Havoc+1","floor":11},{"not_picked":["Sword Boomerang","Body Slam"],"picked":"Heavy Blade","floor":12},{"not_picked":["Combust","Perfected Strike"],"picked":"Twin Strike","floor":13},{"not_picked":["Brutality","Offering+1"],"picked":"Demon Form","floor":16},{"not_picked":["Burning Pact+1","Anger"],"picked":"Heavy Blade+1","floor":18},{"not_picked":["Cleave","Burning Pact+1"],"picked":"Pommel Strike+1","floor":19},{"not_picked":["Dual Wield+1","Reckless Charge"],"picked":"Rage+1","floor":20},{"not_picked":["Body Slam","Perfected Strike","Sword Boomerang"],"picked":"SKIP","floor":24},{"not_picked":["Dark Embrace","Clothesline"],"picked":"Cleave","floor":25}],"player_experience":373726,"relics_obtained":[{"floor":6,"key":"Mummified Hand"},{"floor":9,"key":"Toxic Egg 2"},{"floor":25,"key":"Bottled Tornado"},{"floor":26,"key":"Darkstone Periapt"},{"floor":26,"key":"Bag of Preparation"}],"event_choices":[{"damage_healed":0,"gold_gain":0,"player_choice":"Take Damage","damage_taken":20,"relics_obtained":["Golden Idol"],"max_hp_gain":0,"max_hp_loss":0,"event_name":"Golden Idol","floor":2,"gold_loss":0},{"damage_healed":0,"gold_gain":100,"player_choice":"Pray","damage_taken":0,"max_hp_gain":0,"max_hp_loss":0,"event_name":"Golden Shrine","floor":3,"gold_loss":0},{"damage_healed":0,"gold_gain":0,"player_choice":"1 cards matched","damage_taken":0,"max_hp_gain":0,"max_hp_loss":0,"event_name":"Match and Keep!","floor":8,"gold_loss":0,"cards_obtained":["Panacea"]},{"damage_healed":0,"gold_gain":0,"player_choice":"Obtained Relic","damage_taken":0,"relics_obtained":["Matryoshka"],"max_hp_gain":0,"max_hp_loss":0,"event_name":"Addict","floor":21,"gold_loss":85},{"damage_healed":0,"gold_gain":200,"player_choice":"Gold","damage_taken":0,"max_hp_gain":0,"max_hp_loss":0,"event_name":"Wheel of Change","floor":22,"gold_loss":0}],"is_beta":false,"boss_relics":[{"not_picked":["Pandora\u0027s Box","Coffee Dripper"],"picked":"Fusion Hammer"}],"items_purged_floors":[14,27],"is_endless":false,"potions_floor_spawned":[1,10,12,13,25],"killed_by":"Centurion and Healer","ascension_level":8}