{"gold_per_floor":[109,124,124,139,157,182,193,218,243,243,260,260,60,60,60,164,164,178,6,6,17,17,17,42,42,42,95,114,39,56,71,71,168,218,230,0,10,1009,1028,1058,499,534,534,36,54,54,64,14,14,14],"floor_reached":51,"playtime":5737,"items_purged":["Capacitor","Normality"],"score":787,"play_id":"d7899e7f-346a-4cea-ae2e-fed35075edaa","local_time":"20190219011049","is_ascension_mode":false,"campfire_choices":[{"floor":10,"key":"REST"},{"floor":12,"key":"REST"},{"data":"Rebound","floor":15,"key":"SMITH"},{"floor":23,"key":"REST"},{"floor":25,"key":"REST"},{"floor":32,"key":"REST"},{"floor":46,"key":"REST"},{"floor":49,"key":"REST"}],"neow_cost":"NONE","seed_source_timestamp":2356453064968572,"circlet_count":0,"master_deck":["Strike_B","Strike_B","Strike_B","Strike_B","Defend_B","Defend_B","Defend_B+1","Defend_B","Zap+1","Dualcast+1","Beam Cell","Rebound+1","Chill","Go for the Eyes","Go for the Eyes","Skim+1","Multi-Cast","Gash","Apotheosis","Gash","Chill","Leap","Gash","Sweeping Beam","Cold Snap","Electrodynamics","Self Repair","Leap","Hologram","Normality","Hologram+1","Rebound+1","Hologram+1","Dark Shackles","Gash+1"],"relics":["Cracked Core","NeowsBlessing","Dodecahedron","War Paint","Bag of Marbles","Runic Capacitor","White Beast Statue","DataDisk","Question Card","Centennial Puzzle","Tiny House","Red Mask","Regal Pillow","Chemical X","Bronze Scales","Omamori","Ancient Tea Set","Pen Nib","HandDrill"],"potions_floor_usage":[6,6,16,21,24,28,31,31,33,37,40,41,42,42,45,47,47,50,50],"damage_taken":[{"damage":0,"enemies":"Jaw Worm","floor":1,"turns":1},{"damage":0,"enemies":"Cultist","floor":2,"turns":1},{"damage":0,"enemies":"2 Louse","floor":4,"turns":1},{"damage":5,"enemies":"Looter","floor":5,"turns":3},{"damage":29,"enemies":"3 Sentries","floor":6,"turns":8},{"damage":0,"enemies":"Large Slime","floor":7,"turns":3},{"damage":22,"enemies":"Lagavulin","floor":8,"turns":8},{"damage":4,"enemies":"Blue Slaver","floor":11,"turns":3},{"damage":26,"enemies":"Slime Boss","floor":16,"turns":12},{"damage":16,"enemies":"Chosen","floor":18,"turns":5},{"damage":14,"enemies":"Shell Parasite","floor":21,"turns":6},{"damage":15,"enemies":"Book of Stabbing","floor":24,"turns":6},{"damage":21,"enemies":"Chosen and Byrds","floor":28,"turns":5},{"damage":11,"enemies":"Shelled Parasite and Fungi","floor":30,"turns":4},{"damage":6,"enemies":"Snake Plant","floor":31,"turns":5},{"damage":43,"enemies":"Collector","floor":33,"turns":11},{"damage":2,"enemies":"Orb Walker","floor":35,"turns":3},{"damage":9,"enemies":"3 Darklings","floor":37,"turns":3},{"damage":33,"enemies":"Writhing Mass","floor":39,"turns":7},{"damage":5,"enemies":"Nemesis","floor":40,"turns":10},{"damage":15,"enemies":"Reptomancer","floor":42,"turns":7},{"damage":22,"enemies":"4 Shapes","floor":45,"turns":4},{"damage":15,"enemies":"Transient","floor":47,"turns":5},{"damage":79,"enemies":"Donu and Deca","floor":50,"turns":10}],"seed_played":"-2991640399080026787","potions_obtained":[{"floor":4,"key":"FearPotion"},{"floor":5,"key":"Poison Potion"},{"floor":8,"key":"Weak Potion"},{"floor":16,"key":"GamblersBrew"},{"floor":18,"key":"Strength Potion"},{"floor":21,"key":"LiquidBronze"},{"floor":24,"key":"SkillPotion"},{"floor":28,"key":"Poison Potion"},{"floor":30,"key":"Block Potion"},{"floor":31,"key":"SteroidPotion"},{"floor":33,"key":"Weak Potion"},{"floor":34,"key":"SpeedPotion"},{"floor":35,"key":"Fire Potion"},{"floor":37,"key":"Dexterity Potion"},{"floor":39,"key":"Block Potion"},{"floor":40,"key":"Block Potion"},{"floor":42,"key":"PowerPotion"},{"floor":45,"key":"Explosive Potion"},{"floor":47,"key":"GamblersBrew"}],"is_trial":false,"path_per_floor":["M","M","?","M","M","E","M","E","T","R","M","R","$","?","R","B",null,"M","$","?","M","?","R","E","R","T","T","M","$","M","M","R","B",null,"M","?","M","?","M","E","$","E","T","$","M","R","M","$","R","B",null],"character_chosen":"DEFECT","items_purchased":["Runic Capacitor","Apotheosis","Chemical X","Bronze Scales","Fruit Juice","Poison Potion","Dark Shackles","Pen Nib","HandDrill","PowerPotion"],"campfire_rested":7,"item_purchase_floors":[13,19,41,41,41,44,44,44,44,48],"current_hp_per_floor":[75,75,75,75,70,41,41,19,19,41,37,59,59,64,64,38,80,64,64,64,50,35,60,45,70,70,70,49,49,38,32,57,14,90,90,90,88,88,55,60,65,50,50,50,42,85,70,70,95,16],"gold":14,"neow_bonus":"THREE_ENEMY_KILL","is_prod":false,"is_daily":false,"chose_seed":false,"campfire_upgraded":1,"win_rate":0,"timestamp":1550556649,"path_taken":["M","M","?","M","?","E","M","E","T","R","M","R","$","?","R","BOSS","M","$","?","M","?","R","E","R","T","?","M","$","M","M","R","BOSS","M","?","M","?","M","E","$","E","T","$","M","R","M","?","R","BOSS"],"build_version":"2019-01-23","purchased_purges":2,"victory":true,"max_hp_per_floor":[75,75,75,75,75,75,75,75,75,75,75,75,75,80,80,80,80,80,80,80,80,85,85,85,85,85,85,85,85,85,85,85,85,90,90,90,90,90,90,90,95,95,95,95,95,95,95,95,95,95],"card_choices":[{"not_picked":["Rip and Tear","Streamline"],"picked":"Beam Cell","floor":1},{"not_picked":["Recycle","Hologram"],"picked":"Rebound","floor":2},{"not_picked":["Double Energy","Streamline"],"picked":"Capacitor","floor":4},{"not_picked":["Stack","Consume","Turbo"],"picked":"SKIP","floor":5},{"not_picked":["Buffer","Undo"],"picked":"Chill","floor":6},{"not_picked":["Stack","Compile Driver"],"picked":"Go for the Eyes","floor":7},{"not_picked":["Turbo","Sunder"],"picked":"Go for the Eyes","floor":8},{"not_picked":["Recycle","Defragment"],"picked":"Skim","floor":11},{"not_picked":["Meteor Strike","Thunder Strike"],"picked":"Multi-Cast","floor":16},{"not_picked":["Undo","Storm"],"picked":"Gash","floor":18},{"not_picked":["Undo+1","Doom and Gloom"],"picked":"Chill","floor":21},{"not_picked":["Steam Power","Go for the Eyes"],"picked":"Leap","floor":24},{"not_picked":["Go for the Eyes","Fusion+1","Leap"],"picked":"Gash","floor":28},{"not_picked":["Streamline","Turbo","Tempest"],"picked":"Sweeping Beam","floor":30},{"not_picked":["Consume","Recycle","Redo"],"picked":"Cold Snap","floor":31},{"not_picked":["Buffer","Biased Cognition","Reboot"],"picked":"Electrodynamics","floor":33},{"not_picked":["Double Energy","Recycle+1","Turbo"],"picked":"Self Repair","floor":34},{"not_picked":["Scrape","Streamline+1","Beam Cell+1"],"picked":"Leap","floor":35},{"not_picked":["Doom and Gloom","Chaos+1","Consume+1"],"picked":"Hologram","floor":37},{"not_picked":["Barrage","Streamline+1","Steam"],"picked":"Hologram+1","floor":39},{"not_picked":["Conserve Battery","Core Surge","Loop"],"picked":"Rebound+1","floor":40},{"not_picked":["Compile Driver+1","Sweeping Beam","Skim"],"picked":"Hologram+1","floor":42},{"not_picked":["Beam Cell+1","Hologram","Coolheaded","Turbo"],"picked":"SKIP","floor":45},{"not_picked":["Genetic Algorithm+1","Hello World+1","Force Field+1"],"picked":"Gash+1","floor":47}],"player_experience":139675,"relics_obtained":[{"floor":6,"key":"Dodecahedron"},{"floor":8,"key":"War Paint"},{"floor":9,"key":"Bag of Marbles"},{"floor":24,"key":"DataDisk"},{"floor":26,"key":"Question Card"},{"floor":27,"key":"Centennial Puzzle"},{"floor":40,"key":"Regal Pillow"},{"floor":42,"key":"Omamori"},{"floor":43,"key":"Ancient Tea Set"}],"event_choices":[{"damage_healed":0,"gold_gain":0,"player_choice":"Upgraded","damage_taken":0,"max_hp_gain":0,"max_hp_loss":0,"event_name":"Upgrade Shrine","floor":3,"gold_loss":0,"cards_upgraded":["Zap"]},{"damage_healed":0,"gold_gain":0,"player_choice":"Donut","damage_taken":0,"max_hp_gain":5,"max_hp_loss":0,"event_name":"Big Fish","floor":14,"gold_loss":0},{"damage_healed":0,"gold_gain":0,"player_choice":"Read","damage_taken":0,"max_hp_gain":0,"max_hp_loss":0,"event_name":"The Library","floor":20,"gold_loss":0,"cards_obtained":["Gash"]},{"damage_healed":0,"gold_gain":0,"player_choice":"Shed Blood","damage_taken":20,"max_hp_gain":5,"max_hp_loss":0,"event_name":"Forgotten Altar","floor":22,"gold_loss":0},{"damage_healed":0,"gold_gain":0,"player_choice":"Paid","damage_taken":0,"relics_obtained":["Red Mask"],"max_hp_gain":0,"max_hp_loss":0,"event_name":"Tomb of Lord Red Mask","floor":36,"gold_loss":230},{"damage_healed":0,"gold_gain":999,"player_choice":"Gold","damage_taken":0,"max_hp_gain":0,"max_hp_loss":0,"event_name":"MindBloom","floor":38,"gold_loss":0,"cards_obtained":["Normality","Normality"]}],"is_beta":false,"boss_relics":[{"not_picked":["Coffee Dripper","Snecko Eye"],"picked":"White Beast Statue"},{"not_picked":["FrozenCore","Velvet Choker"],"picked":"Tiny House"}],"items_purged_floors":[29,41],"is_endless":false,"potions_floor_spawned":[4,5,8,16,18,21,24,28,30,31,33,35,37,39,40,42,45,47],"ascension_level":0}