{"gold_per_floor":[113,113,42,57,67,95,95,95,95,116,136,136,179,203,203,324,324,345,162,180,180,180,180,200,240,240,240,278,278,291,304,304,427,427,446,174,192,207,207,250,250,250,324,365,34,34,34,78,78,78],"floor_reached":51,"playtime":1948,"items_purged":["Strike_G","Writhe"],"score":998,"play_id":"cdab5a75-9898-44d8-97cd-e078e0811377","local_time":"20190219190912","is_ascension_mode":true,"campfire_choices":[{"data":"Predator","floor":12.0,"key":"SMITH"},{"floor":15.0,"key":"REST"},{"floor":23.0,"key":"REST"},{"floor":27.0,"key":"REST"},{"floor":29.0,"key":"REST"},{"floor":32.0,"key":"REST"},{"floor":42,"key":"REST"},{"floor":47,"key":"REST"},{"floor":49,"key":"REST"}],"neow_cost":"NONE","seed_source_timestamp":97360066365511,"circlet_count":0,"master_deck":["Defend_G","Defend_G","Defend_G","Defend_G","Defend_G","Strike_G","Strike_G","Strike_G","Strike_G","Survivor","Neutralize+1","Deadly Poison","Footwork","Poisoned Stab","Predator+1","Malaise","Flying Knee+1","PiercingWail","Envenom+1","Skewer+1","Noxious Fumes","Malaise","Crippling Poison","Predator+1","Corpse Explosion","Dodge and Roll+1","Bouncing Flask+1","Backflip","Dodge and Roll+1","Terror","Leg Sweep"],"special_seed":0,"relics":["Ring of the Snake","NeowsBlessing","Blue Candle","Lantern","Golden Idol","Molten Egg 2","Matryoshka","Fusion Hammer","Juzu Bracelet","Meat on the Bone","Sundial","Bottled Lightning","Shuriken","Velvet Choker","TwistedFunnel","CultistMask","Bottled Flame","Happy Flower","The Courier","Pantograph","Chemical X","Ornamental Fan"],"potions_floor_usage":[40,50,50,50],"damage_taken":[{"damage":0.0,"enemies":"2 Louse","floor":1.0,"turns":1.0},{"damage":0.0,"enemies":"Cultist","floor":4.0,"turns":1.0},{"damage":0.0,"enemies":"Jaw Worm","floor":5.0,"turns":1.0},{"damage":20.0,"enemies":"Gremlin Nob","floor":6.0,"turns":4.0},{"damage":7.0,"enemies":"Red Slaver","floor":10.0,"turns":5.0},{"damage":14.0,"enemies":"Gremlin Gang","floor":11.0,"turns":6.0},{"damage":20.0,"enemies":"Lagavulin","floor":13.0,"turns":7.0},{"damage":1.0,"enemies":"3 Louse","floor":14.0,"turns":3.0},{"damage":15.0,"enemies":"Hexaghost","floor":16.0,"turns":11.0},{"damage":7.0,"enemies":"Shell Parasite","floor":18.0,"turns":6.0},{"damage":5.0,"enemies":"Chosen","floor":20.0,"turns":5.0},{"damage":27.0,"enemies":"Sentry and Sphere","floor":24.0,"turns":7.0},{"damage":12.0,"enemies":"Book of Stabbing","floor":25.0,"turns":6.0},{"damage":41.0,"enemies":"Slavers","floor":28.0,"turns":7.0},{"damage":5.0,"enemies":"Snecko","floor":30.0,"turns":4.0},{"damage":6.0,"enemies":"Snake Plant","floor":31.0,"turns":5.0},{"damage":14.0,"enemies":"Champ","floor":33.0,"turns":13.0},{"damage":3.0,"enemies":"3 Shapes","floor":35.0,"turns":3.0},{"damage":5.0,"enemies":"Orb Walker","floor":37.0,"turns":4.0},{"damage":23,"enemies":"Transient","floor":38,"turns":5},{"damage":17,"enemies":"Nemesis","floor":40,"turns":9},{"damage":49,"enemies":"Reptomancer","floor":44,"turns":6},{"damage":21,"enemies":"Giant Head","floor":48,"turns":8},{"damage":41,"enemies":"Donu and Deca","floor":50,"turns":7}],"seed_played":"-4546952551108489798","potions_obtained":[{"floor":5.0,"key":"Weak Potion"},{"floor":11.0,"key":"LiquidBronze"},{"floor":16.0,"key":"SpeedPotion"},{"floor":18.0,"key":"SpeedPotion"},{"floor":21.0,"key":"Fruit Juice"},{"floor":21.0,"key":"EntropicBrew"},{"floor":21.0,"key":"SkillPotion"},{"floor":24.0,"key":"Swift Potion"},{"floor":28.0,"key":"EssenceOfSteel"},{"floor":30.0,"key":"Block Potion"},{"floor":37.0,"key":"LiquidBronze"},{"floor":38,"key":"Block Potion"},{"floor":44,"key":"SkillPotion"}],"is_trial":false,"path_per_floor":["M","?","$","M","M","E","T","?","T","M","M","R","E","M","R","B",null,"M","$","M","?","?","R","M","E","T","R","E","R","M","M","R","B",null,"M","$","M","M","?","E","?","R","T","E","$","?","R","E","R","B",null],"character_chosen":"THE_SILENT","items_purchased":["Footwork","Noxious Fumes","Juzu Bracelet","TwistedFunnel","Chemical X","Terror","Fire Potion"],"campfire_rested":8,"item_purchase_floors":[3,19,19,36,45,45,45],"current_hp_per_floor":[70,70,70,70,70,50,50,50,50,43,29,29,9,8,27,12,52,45,45,40,45,45,66,39,27,27,48,19,40,47,41,62,48,65,62,62,57,46,46,41,59,70,70,33,33,33,54,45,66,41],"gold":78,"neow_bonus":"THREE_ENEMY_KILL","is_prod":false,"is_daily":false,"chose_seed":false,"campfire_upgraded":1,"win_rate":0,"timestamp":1550596152,"path_taken":["M","?","$","?","M","E","?","?","T","M","M","R","E","M","R","BOSS","M","$","M","?","?","R","M","E","T","R","E","R","M","M","R","BOSS","M","$","M","M","?","E","?","R","T","E","$","?","R","E","R","BOSS"],"build_version":"2019-01-23","purchased_purges":2,"victory":true,"max_hp_per_floor":[70,70,70,70,70,70,70,65,65,65,65,65,65,65,65,65,65,65,65,65,70,70,70,70,70,70,70,70,70,70,70,70,70,70,70,70,70,70,70,70,70,70,70,70,70,70,70,70,70,70],"card_choices":[{"not_picked":["Prepared","Flying Knee"],"picked":"Deadly Poison","floor":1.0},{"not_picked":["Cloak And Dagger","Slice"],"picked":"Poisoned Stab","floor":4.0},{"not_picked":["Flying Knee","All Out Attack"],"picked":"Predator","floor":5.0},{"not_picked":["Flying Knee","Dodge and Roll"],"picked":"Malaise","floor":6.0},{"not_picked":["Calculated Gamble","Underhanded Strike+1"],"picked":"Flying Knee+1","floor":10.0},{"not_picked":["Outmaneuver","Dagger Throw+1"],"picked":"PiercingWail","floor":11.0},{"not_picked":["Catalyst","Sucker Punch+1","Expertise"],"picked":"SKIP","floor":13.0},{"not_picked":["Flying Knee+1","Eviscerate+1","Dagger Throw+1"],"picked":"SKIP","floor":14.0},{"not_picked":["Doppelganger","Night Terror"],"picked":"Envenom","floor":16.0},{"not_picked":["Deadly Poison","Eviscerate+1"],"picked":"Skewer+1","floor":18.0},{"not_picked":["Expertise+1","Blade Dance","Deflect"],"picked":"SKIP","floor":20.0},{"not_picked":["Underhanded Strike+1","Slice+1","Dagger Throw+1"],"picked":"SKIP","floor":24.0},{"not_picked":["Flechettes+1","Slice+1","Distraction"],"picked":"SKIP","floor":25.0},{"not_picked":["Leg Sweep","Poisoned Stab+1"],"picked":"Malaise","floor":28.0},{"not_picked":["Blade Dance","Underhanded Strike+1"],"picked":"Crippling Poison","floor":30.0},{"not_picked":["Crippling Poison","Dodge and Roll+1"],"picked":"Predator+1","floor":31.0},{"not_picked":["Burst","Doppelganger"],"picked":"Corpse Explosion","floor":33.0},{"not_picked":["Sucker Punch+1","Blade Dance"],"picked":"Dodge and Roll+1","floor":35.0},{"not_picked":["Underhanded Strike+1","Sucker Punch+1"],"picked":"Bouncing Flask+1","floor":37.0},{"not_picked":["Bane+1","Outmaneuver+1"],"picked":"Backflip","floor":38},{"not_picked":["Concentrate+1","Dagger Throw+1","Dagger Spray+1"],"picked":"SKIP","floor":40},{"not_picked":["Storm of Steel","Grand Finale+1"],"picked":"Dodge and Roll+1","floor":44},{"not_picked":["Backflip","Dagger Throw+1"],"picked":"Leg Sweep","floor":48}],"player_experience":202252,"relics_obtained":[{"floor":6.0,"key":"Blue Candle"},{"floor":7.0,"key":"Lantern"},{"floor":9.0,"key":"Molten Egg 2"},{"floor":13.0,"key":"Matryoshka"},{"floor":25.0,"key":"Meat on the Bone"},{"floor":26.0,"key":"Sundial"},{"floor":26.0,"key":"Bottled Lightning"},{"floor":28.0,"key":"Shuriken"},{"floor":40,"key":"Bottled Flame"},{"floor":43,"key":"Happy Flower"},{"floor":43,"key":"The Courier"},{"floor":44,"key":"Pantograph"},{"floor":48,"key":"Ornamental Fan"}],"event_choices":[{"damage_healed":0.0,"max_hp_gain":0.0,"max_hp_loss":0.0,"gold_gain":0.0,"event_name":"Upgrade Shrine","player_choice":"Upgraded","floor":2.0,"gold_loss":0.0,"damage_taken":0.0,"cards_upgraded":["Neutralize"]},{"damage_healed":0.0,"max_hp_gain":0.0,"max_hp_loss":5.0,"gold_gain":0.0,"event_name":"Golden Idol","player_choice":"Lose Max HP","floor":8.0,"gold_loss":0.0,"damage_taken":0.0,"relics_obtained":["Golden Idol"]},{"damage_healed":0.0,"max_hp_gain":0.0,"max_hp_loss":0.0,"gold_gain":0.0,"event_name":"Lab","player_choice":"Got Potions","floor":21.0,"gold_loss":0.0,"damage_taken":0.0},{"damage_healed":0.0,"max_hp_gain":0.0,"max_hp_loss":0.0,"gold_gain":0.0,"event_name":"Accursed Blacksmith","player_choice":"Forge","floor":22.0,"gold_loss":0.0,"damage_taken":0.0,"cards_upgraded":["Envenom"]},{"damage_healed":0,"gold_gain":0,"player_choice":"Trade","damage_taken":0,"relics_obtained":["CultistMask"],"max_hp_gain":0,"max_hp_loss":0,"event_name":"FaceTrader","floor":39,"gold_loss":0},{"damage_healed":18,"gold_gain":0,"player_choice":"Writhe","damage_taken":0,"max_hp_gain":0,"max_hp_loss":0,"event_name":"Winding Halls","floor":41,"gold_loss":0,"cards_obtained":["Writhe"]},{"damage_healed":0,"gold_gain":0,"player_choice":"Ignored","damage_taken":0,"max_hp_gain":0,"max_hp_loss":0,"event_name":"Mysterious Sphere","floor":46,"gold_loss":0}],"is_beta":false,"boss_relics":[{"not_picked":["Lizard Tail","Runic Dome"],"picked":"Fusion Hammer"},{"not_picked":["Snecko Eye","HoveringKite"],"picked":"Velvet Choker"}],"items_purged_floors":[36,45],"is_endless":false,"potions_floor_spawned":[5,11,16,18,24,28,30,31,37,38,44],"ascension_level":5}