{"gold_per_floor":[113,113,388,398,416,416,445,461,461,54,54,0,0,26,26,129,129,104,104,104,115,166,166,197,197,266,300,319,338,2,102,102,201,201,212,172,185,196,208,208,240,240,240,292,324,342,17,37,37,37],"floor_reached":51,"playtime":2033,"items_purged":["Regret"],"score":1119,"play_id":"2776ae86-eefe-4461-8429-8af137e5801f","local_time":"20190205005956","is_ascension_mode":true,"campfire_choices":[{"data":"Shockwave","floor":6.0,"key":"SMITH"},{"data":"Perfected Strike","floor":11.0,"key":"SMITH"},{"floor":13.0,"key":"REST"},{"data":"Inflame","floor":15.0,"key":"SMITH"},{"data":"Barricade","floor":23.0,"key":"SMITH"},{"data":"Metallicize","floor":25.0,"key":"SMITH"},{"data":"Metallicize","floor":32,"key":"SMITH"},{"data":"Dark Embrace","floor":40,"key":"SMITH"},{"data":"Sword Boomerang","floor":42,"key":"SMITH"},{"floor":49,"key":"REST"}],"neow_cost":"NONE","seed_source_timestamp":1254554582646564,"circlet_count":0,"master_deck":["Strike_R","Strike_R","Strike_R","Strike_R","Strike_R","Defend_R","Defend_R","Defend_R","Defend_R+1","Bash+1","Shockwave+1","Perfected Strike+1","Clothesline","Exhume+1","Inflame+1","Bandage Up+1","Armaments+1","Dark Embrace+1","Barricade+1","Clash","Metallicize+1","Spot Weakness+1","Flex+1","Intimidate+1","Metallicize+1","Rage+1","Impervious+1","Sword Boomerang+1","Corruption+1","Limit Break+1","True Grit+1","Battle Trance+1","Entrench+1","Limit Break+1","Rampage+1","Mayhem+1","Parasite","Sword Boomerang+1"],"special_seed":0,"relics":["Burning Blood","NeowsBlessing","Self Forming Clay","Pantograph","Toxic Egg 2","Pear","Mark of Pain","Bag of Preparation","Bottled Tornado","Meat on the Bone","Potion Belt","Membership Card","Matryoshka","Incense Burner","Bottled Flame","Velvet Choker","Ornamental Fan","Blood Vial","Singing Bowl","Ginger","Bag of Marbles","Frozen Egg 2","Medical Kit"],"potions_floor_usage":[29,31,38,44,50,50,50],"damage_taken":[{"damage":0.0,"enemies":"Jaw Worm","floor":1.0,"turns":1.0},{"damage":0.0,"enemies":"2 Louse","floor":4.0,"turns":1.0},{"damage":0.0,"enemies":"Cultist","floor":5.0,"turns":1.0},{"damage":42.0,"enemies":"Gremlin Nob","floor":7.0,"turns":5.0},{"damage":34.0,"enemies":"Gremlin Gang","floor":8.0,"turns":7.0},{"damage":34.0,"enemies":"3 Sentries","floor":14.0,"turns":6.0},{"damage":49.0,"enemies":"Hexaghost","floor":16.0,"turns":12.0},{"damage":18.0,"enemies":"2 Thieves","floor":18.0,"turns":5.0},{"damage":23.0,"enemies":"Chosen","floor":21.0,"turns":7.0},{"damage":35.0,"enemies":"Slavers","floor":24.0,"turns":5.0},{"damage":47,"enemies":"Book of Stabbing","floor":27,"turns":6},{"damage":10,"enemies":"Centurion and Healer","floor":28,"turns":7},{"damage":18,"enemies":"Snake Plant","floor":29,"turns":4},{"damage":11,"enemies":"Colosseum Slavers","floor":31,"turns":5},{"damage":21,"enemies":"Colosseum Nobs","floor":31,"turns":7},{"damage":29,"enemies":"Automaton","floor":33,"turns":12},{"damage":18,"enemies":"Orb Walker","floor":35,"turns":5},{"damage":7,"enemies":"3 Shapes","floor":37,"turns":5},{"damage":12,"enemies":"3 Darklings","floor":38,"turns":5},{"damage":11,"enemies":"Sphere and 2 Shapes","floor":39,"turns":7},{"damage":31,"enemies":"Reptomancer","floor":41,"turns":8},{"damage":36,"enemies":"2 Orb Walkers","floor":44,"turns":6},{"damage":0,"enemies":"Nemesis","floor":45,"turns":9},{"damage":9,"enemies":"4 Shapes","floor":46,"turns":5},{"damage":34,"enemies":"Writhing Mass","floor":48,"turns":6},{"damage":20,"enemies":"Awakened One","floor":50,"turns":9}],"seed_played":"-8639780520783948934","potions_obtained":[{"floor":4.0,"key":"SpeedPotion"},{"floor":8.0,"key":"Energy Potion"},{"floor":16.0,"key":"Block Potion"},{"floor":24.0,"key":"SpeedPotion"},{"floor":28,"key":"Dexterity Potion"},{"floor":33,"key":"Dexterity Potion"},{"floor":35,"key":"SpeedPotion"},{"floor":37,"key":"Explosive Potion"},{"floor":39,"key":"Swift Potion"},{"floor":41,"key":"SteroidPotion"}],"is_trial":false,"path_per_floor":["M","?","?","M","M","R","E","M","T","$","R","$","R","E","R","B",null,"M","?","?","M","T","R","E","R","T","E","M","M","$","?","R","B",null,"M","?","M","M","M","R","E","R","T","?","E","M","$","M","R","B",null],"character_chosen":"IRONCLAD","items_purchased":["Toxic Egg 2","Bandage Up+1","Armaments+1","Membership Card","Matryoshka","Frozen Egg 2","Mayhem+1","Medical Kit","SkillPotion"],"campfire_rested":2,"item_purchase_floors":[10,10,12,30,30,47,47,47,47],"current_hp_per_floor":[78,78,78,80,80,80,44,16,16,16,16,16,40,28,28,16,72,66,66,66,61,61,61,44,44,44,21,35,41,41,63,63,77,87,81,81,86,80,87,87,69,69,69,59,73,78,78,64,90,82],"gold":37,"neow_bonus":"THREE_ENEMY_KILL","is_prod":false,"is_daily":false,"chose_seed":false,"campfire_upgraded":8,"win_rate":0,"timestamp":1549321196,"path_taken":["M","?","?","?","?","R","E","M","T","$","R","?","R","E","R","BOSS","M","?","?","M","?","R","E","R","T","E","M","M","?","?","R","BOSS","M","?","?","M","M","R","E","R","T","?","E","M","$","M","R","BOSS"],"build_version":"2019-01-23","purchased_purges":1,"victory":true,"max_hp_per_floor":[80,80,80,80,80,80,80,80,80,80,80,80,80,90,90,90,90,90,90,90,90,90,90,90,90,90,90,90,90,90,90,90,90,90,90,90,90,90,90,90,90,90,90,90,90,90,90,90,90,90],"card_choices":[{"not_picked":["Perfected Strike","Shrug It Off"],"picked":"Shockwave","floor":1.0},{"not_picked":["Power Through","Wild Strike"],"picked":"Perfected Strike","floor":4.0},{"not_picked":["Flex","Warcry"],"picked":"Clothesline","floor":5.0},{"not_picked":["Cleave","Clothesline"],"picked":"Exhume","floor":7.0},{"not_picked":["Cleave","Wild Strike"],"picked":"Inflame","floor":8.0},{"not_picked":["Combust","Reaper"],"picked":"Dark Embrace","floor":14.0},{"not_picked":["Juggernaut","Immolate"],"picked":"Barricade","floor":16.0},{"not_picked":["Iron Wave","Cleave"],"picked":"Clash","floor":18.0},{"not_picked":["Dark Embrace","Burning Pact+1"],"picked":"Spot Weakness+1","floor":21.0},{"not_picked":["Thunderclap","Power Through+1"],"picked":"Flex+1","floor":24.0},{"not_picked":["Warcry+1","Whirlwind"],"picked":"Intimidate+1","floor":27},{"not_picked":["Anger+1","Clothesline"],"picked":"Metallicize","floor":28},{"not_picked":["Shockwave+1","Body Slam","Sentinel+1"],"picked":"SKIP","floor":29},{"not_picked":["Clash","Perfected Strike+1"],"picked":"Rage+1","floor":31},{"not_picked":["Juggernaut","Fiend Fire"],"picked":"Impervious+1","floor":33},{"not_picked":["Power Through+1","Shrug It Off+1"],"picked":"Sword Boomerang","floor":35},{"not_picked":["Anger+1","Pummel"],"picked":"Corruption+1","floor":37},{"not_picked":["Clash+1","Sever Soul+1"],"picked":"Limit Break+1","floor":38},{"not_picked":["Clothesline+1","Warcry+1"],"picked":"True Grit+1","floor":39},{"not_picked":["Uppercut+1","Second Wind+1"],"picked":"Battle Trance+1","floor":41},{"not_picked":["Rupture","Bloodletting+1"],"picked":"Entrench+1","floor":44},{"not_picked":["Warcry+1","Entrench+1"],"picked":"Limit Break+1","floor":45},{"not_picked":["Perfected Strike+1","Rage+1"],"picked":"Rampage+1","floor":46},{"not_picked":["Blood for Blood+1","Shockwave+1"],"picked":"Sword Boomerang+1","floor":48}],"player_experience":188465,"relics_obtained":[{"floor":7.0,"key":"Self Forming Clay"},{"floor":9.0,"key":"Pantograph"},{"floor":14.0,"key":"Pear"},{"floor":22.0,"key":"Bag of Preparation"},{"floor":24.0,"key":"Bottled Tornado"},{"floor":26.0,"key":"Meat on the Bone"},{"floor":27,"key":"Potion Belt"},{"floor":31,"key":"Incense Burner"},{"floor":31,"key":"Bottled Flame"},{"floor":41,"key":"Ornamental Fan"},{"floor":43,"key":"Blood Vial"},{"floor":43,"key":"Singing Bowl"},{"floor":44,"key":"Ginger"},{"floor":45,"key":"Bag of Marbles"}],"event_choices":[{"damage_healed":0.0,"max_hp_gain":0.0,"max_hp_loss":0.0,"gold_gain":0.0,"event_name":"Living Wall","player_choice":"Grow","floor":2.0,"gold_loss":0.0,"damage_taken":0.0,"cards_upgraded":["Bash"]},{"damage_healed":0.0,"max_hp_gain":0.0,"max_hp_loss":0.0,"gold_gain":275.0,"event_name":"Golden Shrine","player_choice":"Desecrate","floor":3.0,"gold_loss":0.0,"damage_taken":0.0,"cards_obtained":["Regret"]},{"damage_healed":0.0,"max_hp_gain":0.0,"max_hp_loss":0.0,"gold_gain":0.0,"event_name":"The Library","player_choice":"Read","floor":19.0,"gold_loss":0.0,"damage_taken":0.0,"cards_obtained":["Metallicize"]},{"damage_healed":0.0,"max_hp_gain":0.0,"max_hp_loss":0.0,"gold_gain":0.0,"event_name":"Vampires","player_choice":"Ignored","floor":20.0,"gold_loss":0.0,"damage_taken":0.0},{"damage_healed":0,"gold_gain":0,"player_choice":"Fight","damage_taken":0,"max_hp_gain":0,"max_hp_loss":0,"event_name":"Colosseum","floor":31,"gold_loss":0},{"damage_healed":0,"gold_gain":0,"player_choice":"Fought Nobs","damage_taken":0,"max_hp_gain":0,"max_hp_loss":0,"event_name":"Colosseum","floor":31,"gold_loss":0},{"damage_healed":0,"gold_gain":0,"player_choice":"Upgraded Two","damage_taken":0,"max_hp_gain":0,"max_hp_loss":0,"event_name":"Designer","floor":36,"gold_loss":40,"cards_upgraded":["Defend_R","Exhume"]},{"damage_healed":0,"gold_gain":0,"player_choice":"Fight","damage_taken":0,"max_hp_gain":0,"max_hp_loss":0,"event_name":"Mysterious Sphere","floor":44,"gold_loss":0}],"is_beta":false,"boss_relics":[{"not_picked":["Philosopher\u0027s Stone","Black Star"],"picked":"Mark of Pain"},{"not_picked":["Coffee Dripper","Eternal Feather"],"picked":"Velvet Choker"}],"items_purged_floors":[10],"is_endless":false,"potions_floor_spawned":[4,8,16,24,28,31,33,35,37,39,41],"ascension_level":8}