{"gold_per_floor":[119,134,134,149,162,188,188,188,188,44,57,67,67,83,83,179,179,153,169,179,104,115,115,141,155,155,172,172,25,25,25,25,25],"floor_reached":33,"playtime":4470,"items_purged":[],"score":271,"play_id":"64305ddc-0b11-47f6-9796-994e7027f216","local_time":"20180701225458","is_ascension_mode":false,"campfire_choices":[{"data":"Zap","floor":8,"key":"SMITH"},{"floor":13,"key":"REST"},{"data":"Stack","floor":15,"key":"SMITH"},{"floor":23,"key":"REST"},{"floor":28,"key":"REST"},{"floor":30,"key":"REST"},{"data":"Echo Form","floor":32,"key":"SMITH"}],"neow_cost":"NONE","seed_source_timestamp":361275165290026,"circlet_count":0,"master_deck":["Strike_B","Strike_B","Defend_B","Defend_B","Defend_B","Defend_B","Zap+1","Dualcast","Compile Driver","Compile Driver","Stack+1","White Noise","Echo Form+1","Self Repair","Coolheaded+1","Scrape+1","Barrage+1","Self Repair+1"],"relics":["Cracked Core","Kunai","Shuriken","Regal Pillow","Lizard Tail","Blood Vial","Frozen Egg 2"],"potions_floor_usage":[16,16,16,20,24,25,25,25,25,33,33,33],"damage_taken":[{"damage":2,"enemies":"2 Louse","floor":1,"turns":3},{"damage":10,"enemies":"Small Slimes","floor":2,"turns":2},{"damage":0,"enemies":"Jaw Worm","floor":4,"turns":4},{"damage":13,"enemies":"Looter","floor":5,"turns":3},{"damage":8,"enemies":"3 Sentries","floor":6,"turns":5},{"damage":2,"enemies":"2 Fungi Beasts","floor":11,"turns":4},{"damage":8,"enemies":"3 Louse","floor":12,"turns":3},{"damage":10,"enemies":"Looter","floor":14,"turns":3},{"damage":61,"enemies":"Slime Boss","floor":16,"turns":9},{"damage":26,"enemies":"2 Thieves","floor":18,"turns":5},{"damage":35,"enemies":"Chosen","floor":19,"turns":7},{"damage":14,"enemies":"Sentry and Sphere","floor":20,"turns":10},{"damage":5,"enemies":"Snecko","floor":22,"turns":8},{"damage":116,"enemies":"Book of Stabbing","floor":24,"turns":10},{"damage":1,"enemies":"Snake Plant","floor":25,"turns":3},{"damage":12,"enemies":"Centurion and Healer","floor":27,"turns":9},{"damage":88,"enemies":"Automaton","floor":33,"turns":10}],"seed_played":"-6369396296266980401","potions_obtained":[{"floor":4,"key":"FearPotion"},{"floor":5,"key":"Energy Potion"},{"floor":12,"key":"FearPotion"},{"floor":18,"key":"Ancient Potion"},{"floor":20,"key":"Strength Potion"},{"floor":24,"key":"EntropicBrew"}],"is_trial":false,"path_per_floor":["M","M","?","M","M","E","?","R","T","$","M","M","R","M","R","B",null,"M","M","M","?","M","R","E","M","T","M","R","$","R","?","R"],"character_chosen":"DEFECT","items_purchased":["Regal Pillow","PowerPotion","Fire Potion","Block Potion"],"campfire_rested":4,"item_purchase_floors":[10,29,29,29],"current_hp_per_floor":[73,63,68,68,55,47,47,47,47,47,45,37,76,66,66,19,80,68,40,33,33,42,80,11,12,12,9,48,48,80,80,80,0],"gold":25,"neow_bonus":"THREE_CARDS","is_prod":false,"is_daily":false,"chose_seed":false,"campfire_upgraded":3,"win_rate":0.0,"timestamp":1530500098,"path_taken":["M","M","?","M","M","E","?","R","T","$","M","M","R","M","R","BOSS","M","M","M","?","?","R","E","M","T","M","R","$","R","?","R","BOSS"],"build_version":"2018-06-28","purchased_purges":0,"victory":false,"max_hp_per_floor":[75,75,80,80,80,80,80,80,80,80,80,80,80,80,80,80,80,80,80,80,80,80,80,80,80,80,80,80,80,80,80,80,80],"card_choices":[{"not_picked":["Redo","Double Energy"],"picked":"Compile Driver","floor":0},{"not_picked":["Sweeping Beam","Undo"],"picked":"Compile Driver","floor":1},{"not_picked":["Go for the Eyes","Barrage"],"picked":"Stack","floor":2},{"not_picked":["Hello World","Doom and Gloom"],"picked":"White Noise","floor":4},{"not_picked":["Beam Cell","Aggregate","Lockon"],"picked":"SKIP","floor":5},{"not_picked":["Steam","Fusion"],"picked":"Echo Form","floor":6},{"not_picked":["Skim","Beam Cell","Undo"],"picked":"SKIP","floor":11},{"not_picked":["Force Field","Consume","Static Discharge"],"picked":"SKIP","floor":12},{"not_picked":["Defragment","Rebound"],"picked":"Self Repair","floor":14},{"not_picked":["Darkness","Hello World","White Noise"],"picked":"SKIP","floor":18},{"not_picked":["Go for the Eyes+1","Reinforced Body+1"],"picked":"Coolheaded+1","floor":19},{"not_picked":["Loop","Heatsinks+1"],"picked":"Scrape+1","floor":20},{"not_picked":["Darkness","Ball Lightning","Reprogram"],"picked":"SKIP","floor":22},{"not_picked":["Scrape","Hologram+1"],"picked":"Barrage+1","floor":24},{"not_picked":["Ball Lightning","Reprogram","Sweeping Beam"],"picked":"SKIP","floor":25},{"not_picked":["Gash","Barrage"],"picked":"Self Repair+1","floor":27}],"player_experience":38061,"relics_obtained":[{"floor":6,"key":"Kunai"},{"floor":9,"key":"Shuriken"},{"floor":24,"key":"Blood Vial"},{"floor":26,"key":"Frozen Egg 2"}],"event_choices":[{"event_name":"Big Fish","player_choice":"Donut","floor":3,"damage_taken":0},{"event_name":"Living Wall","player_choice":"Forget","floor":7,"damage_taken":0},{"event_name":"Beggar","player_choice":"Gave Gold","floor":21,"damage_taken":0},{"event_name":"Addict","player_choice":"Ignored","floor":31,"damage_taken":0}],"boss_relics":[{"not_picked":["Runic Pyramid","White Beast Statue"],"picked":"Lizard Tail"}],"items_purged_floors":[],"is_endless":false,"potions_floor_spawned":[4,5,12,18,20,24],"killed_by":"Automaton","ascension_level":0}