{"gold_per_floor":[109,125,7,7,27,27,60,60,60,60,60,60,60,72,72,150,150,160,179,229,12,30,62,62,80,107,122,122,142,162,176,176,176],"floor_reached":33,"playtime":2177,"items_purged":["Strike_G"],"score":636,"play_id":"0b1f9583-853d-4ef6-ba1e-d47e9004749a","local_time":"20190226164702","is_ascension_mode":true,"campfire_choices":[{"data":"Footwork","floor":6,"key":"SMITH"},{"data":"Crippling Poison","floor":10,"key":"SMITH"},{"data":"Neutralize","floor":12,"key":"SMITH"},{"data":"Dagger Spray","floor":15,"key":"SMITH"},{"data":"Survivor","floor":24,"key":"SMITH"},{"floor":28,"key":"REST"},{"floor":32,"key":"REST"}],"neow_cost":"NONE","seed_source_timestamp":1204152217157714,"circlet_count":0,"master_deck":["AscendersBane","Defend_G","Defend_G","Defend_G","Defend_G","Defend_G","Strike_G","Strike_G","Strike_G","Survivor+1","Neutralize+1","Poisoned Stab","Quick Slash","Footwork+1","Crippling Poison+1","Crippling Poison","Dagger Spray+1","Corpse Explosion","Backstab","Deadly Poison","Blur","Dodge and Roll+1","PiercingWail","Backflip"],"relics":["Ring of the Snake","Orichalcum","Torii","Gambling Chip","Blood Vial","Black Star","Happy Flower","Nunchaku","Question Card","Boot"],"potions_floor_usage":[16,23,23,31,33,33],"damage_taken":[{"damage":2,"enemies":"2 Louse","floor":1,"turns":3},{"damage":1,"enemies":"Cultist","floor":2,"turns":4},{"damage":6,"enemies":"Jaw Worm","floor":5,"turns":5},{"damage":18,"enemies":"Gremlin Nob","floor":7,"turns":6},{"damage":0,"enemies":"2 Fungi Beasts","floor":14,"turns":3},{"damage":0,"enemies":"The Guardian","floor":16,"turns":13},{"damage":12,"enemies":"Spheric Guardian","floor":18,"turns":8},{"damage":6,"enemies":"Shell Parasite","floor":19,"turns":6},{"damage":1,"enemies":"3 Cultists","floor":22,"turns":3},{"damage":13,"enemies":"Slavers","floor":23,"turns":4},{"damage":17,"enemies":"Sentry and Sphere","floor":25,"turns":7},{"damage":10,"enemies":"Cultist and Chosen","floor":27,"turns":5},{"damage":10,"enemies":"Shelled Parasite and Fungi","floor":29,"turns":7},{"damage":9,"enemies":"Sentry and Sphere","floor":30,"turns":7},{"damage":1,"enemies":"Snecko","floor":31,"turns":5},{"damage":50,"enemies":"Champ","floor":33,"turns":11}],"seed_played":"-2606532507713900522","potions_obtained":[{"floor":7,"key":"Energy Potion"},{"floor":14,"key":"Block Potion"},{"floor":16,"key":"Ancient Potion"},{"floor":23,"key":"Ancient Potion"},{"floor":30,"key":"Weak Potion"},{"floor":31,"key":"SkillPotion"}],"is_trial":false,"path_per_floor":["M","M","$","?","M","R","E","?","T","R","?","R","?","M","R","B",null,"M","M","?","$","M","E","R","M","T","M","R","M","M","M","R","B"],"character_chosen":"THE_SILENT","items_purchased":["Footwork","Happy Flower","SpeedPotion"],"campfire_rested":2,"item_purchase_floors":[3,21,21],"current_hp_per_floor":[57,56,56,56,50,50,32,54,54,54,43,43,43,45,45,47,61,51,47,41,41,42,31,31,16,16,8,27,19,12,13,32,0],"gold":176,"neow_bonus":"RANDOM_COMMON_RELIC","is_prod":false,"is_daily":false,"chose_seed":false,"campfire_upgraded":5,"win_rate":0,"timestamp":1551228422,"path_taken":["M","M","$","?","?","R","E","?","T","R","?","R","?","M","R","BOSS","M","?","?","$","M","E","R","M","T","M","R","?","M","?","R","BOSS"],"build_version":"2019-01-23","purchased_purges":1,"victory":false,"max_hp_per_floor":[66,66,66,66,66,66,66,66,66,66,66,66,66,66,66,66,66,66,66,66,66,66,66,66,66,66,66,66,66,66,66,66,66],"card_choices":[{"not_picked":["Prepared","Setup"],"picked":"Poisoned Stab","floor":1},{"not_picked":["Blur","Concentrate"],"picked":"Quick Slash","floor":2},{"not_picked":["Bane","Calculated Gamble"],"picked":"Crippling Poison","floor":5},{"not_picked":["Flying Knee","Concentrate","Bane"],"picked":"SKIP","floor":7},{"not_picked":["Predator","Escape Plan"],"picked":"Dagger Spray","floor":14},{"not_picked":["Night Terror","Grand Finale"],"picked":"Corpse Explosion","floor":16},{"not_picked":["Dodge and Roll","Predator"],"picked":"Backstab","floor":18},{"not_picked":["Dagger Throw","Distraction","Flying Knee"],"picked":"SKIP","floor":19},{"not_picked":["Dagger Spray","Blade Dance+1"],"picked":"Deadly Poison","floor":22},{"not_picked":["Dagger Throw","Dash"],"picked":"Blur","floor":23},{"not_picked":["Outmaneuver","All Out Attack","Bane","Finisher+1"],"picked":"SKIP","floor":25},{"not_picked":["Quick Slash","Dagger Spray","Backflip"],"picked":"Dodge and Roll+1","floor":27},{"not_picked":["Acrobatics","Distraction","Bouncing Flask"],"picked":"PiercingWail","floor":29},{"not_picked":["Underhanded Strike+1","Venomology","Poisoned Stab","Dagger Spray+1"],"picked":"SKIP","floor":30},{"not_picked":["Reflex","Distraction","Dagger Spray"],"picked":"Backflip","floor":31}],"player_experience":257805,"relics_obtained":[{"floor":7,"key":"Torii"},{"floor":9,"key":"Gambling Chip"},{"floor":23,"key":"Nunchaku"},{"floor":23,"key":"Question Card"},{"floor":26,"key":"Boot"}],"event_choices":[{"damage_healed":0,"gold_gain":0,"player_choice":"Ignored","damage_taken":0,"max_hp_gain":0,"max_hp_loss":0,"event_name":"WeMeetAgain","floor":4,"gold_loss":0},{"damage_healed":22,"gold_gain":0,"player_choice":"Banana","damage_taken":0,"max_hp_gain":0,"max_hp_loss":0,"event_name":"Big Fish","floor":8,"gold_loss":0},{"damage_healed":0,"gold_gain":0,"player_choice":"Success","damage_taken":11,"relics_obtained":["Blood Vial"],"max_hp_gain":0,"max_hp_loss":0,"event_name":"Scrap Ooze","floor":11,"gold_loss":0},{"damage_healed":0,"gold_gain":0,"cards_transformed":["Strike_G"],"player_choice":"Transformed","damage_taken":0,"max_hp_gain":0,"max_hp_loss":0,"event_name":"Transmorgrifier","floor":13,"gold_loss":0,"cards_obtained":["Crippling Poison"]},{"damage_healed":0,"gold_gain":50,"player_choice":"Touch","damage_taken":6,"max_hp_gain":0,"max_hp_loss":0,"event_name":"FaceTrader","floor":20,"gold_loss":0}],"is_beta":false,"boss_relics":[{"not_picked":["Eternal Feather","Cursed Key"],"picked":"Black Star"}],"items_purged_floors":[3],"is_endless":false,"potions_floor_spawned":[7,14,16,18,22,23,30,31],"killed_by":"Champ","ascension_level":17}