{"gold_per_floor":[11,11,23,23,23,51,51,51,98,114,114,139,139,139,139,243,243,260,260,271,271,271,271],"floor_reached":23,"playtime":1393,"items_purged":[],"score":249,"play_id":"1655a4cd-ecca-490b-a27c-a073126ed622","local_time":"20190123004725","is_ascension_mode":true,"campfire_choices":[{"floor":8,"key":"REST"},{"data":"Genetic Algorithm","floor":13,"key":"SMITH"},{"data":"Zap","floor":15,"key":"SMITH"}],"neow_cost":"NO_GOLD","seed_source_timestamp":908560851760784,"circlet_count":0,"master_deck":["Defend_B","Defend_B","Defend_B","Zap+1","Dualcast","BootSequence","Compile Driver","Defragment+1","Cold Snap","Genetic Algorithm+1","Biased Cognition","Shame","Loop","Stack","Bite","Bite","Bite","Bite","Bite"],"relics":["Cracked Core","Incense Burner","Calipers","Omamori","Pear","Calling Bell","Shovel","Mercury Hourglass","Art of War","Potion Belt"],"potions_floor_usage":[],"damage_taken":[{"damage":0,"enemies":"Small Slimes","floor":1,"turns":3},{"damage":0,"enemies":"Jaw Worm","floor":3,"turns":3},{"damage":39,"enemies":"Gremlin Nob","floor":6,"turns":5},{"damage":1,"enemies":"Cultist","floor":10,"turns":4},{"damage":16,"enemies":"3 Sentries","floor":12,"turns":6},{"damage":18,"enemies":"The Guardian","floor":16,"turns":12},{"damage":3,"enemies":"Spheric Guardian","floor":18,"turns":4},{"damage":0,"enemies":"Chosen","floor":20,"turns":4},{"damage":67,"enemies":"Slavers","floor":23,"turns":4}],"seed_played":"8631018101925051414","potions_obtained":[{"floor":10,"key":"SteroidPotion"},{"floor":12,"key":"Regen Potion"}],"is_trial":false,"path_per_floor":["M","?","M","?","$","E","?","R","T","M","?","E","R","$","R","B",null,"M","?","M","?","?","E"],"character_chosen":"DEFECT","items_purchased":[],"campfire_rested":1,"item_purchase_floors":[],"current_hp_per_floor":[75,68,68,68,68,29,29,51,51,50,75,69,69,69,69,51,85,82,66,66,63,63,0],"gold":271,"neow_bonus":"ONE_RARE_RELIC","is_prod":false,"is_daily":false,"chose_seed":false,"campfire_upgraded":2,"win_rate":0,"timestamp":1548233245,"path_taken":["M","?","M","?","$","E","?","R","T","?","?","E","R","$","R","BOSS","M","?","M","?","?","E"],"build_version":"2019-01-17v2","purchased_purges":0,"victory":false,"max_hp_per_floor":[75,75,75,75,75,75,75,75,75,75,75,85,85,85,85,85,85,85,90,90,63,63,63],"card_choices":[{"not_picked":["Hologram","Reinforced Body"],"picked":"BootSequence","floor":1},{"not_picked":["Beam Cell","Gash"],"picked":"Compile Driver","floor":3},{"not_picked":["Compile Driver","All For One"],"picked":"Defragment","floor":6},{"not_picked":["Defragment","Stack"],"picked":"Cold Snap","floor":10},{"not_picked":["Skim","Force Field"],"picked":"Genetic Algorithm","floor":12},{"not_picked":["Thunder Strike","Seek"],"picked":"Biased Cognition","floor":16},{"not_picked":["Self Repair","Conserve Battery"],"picked":"Loop","floor":18},{"not_picked":["Double Energy","Auto Shields"],"picked":"Stack","floor":20}],"player_experience":205339,"relics_obtained":[{"floor":6,"key":"Calipers"},{"floor":9,"key":"Omamori"},{"floor":12,"key":"Pear"},{"floor":17,"key":"Shovel"},{"floor":17,"key":"Mercury Hourglass"},{"floor":17,"key":"Art of War"}],"event_choices":[{"cards_removed":["Defend_B"],"damage_healed":0,"gold_gain":0,"player_choice":"Card Removal","damage_taken":7,"max_hp_gain":0,"max_hp_loss":0,"event_name":"Golden Wing","floor":2,"gold_loss":0},{"damage_healed":0,"gold_gain":0,"cards_transformed":["Strike_B"],"player_choice":"Change","damage_taken":0,"max_hp_gain":0,"max_hp_loss":0,"event_name":"Living Wall","floor":4,"gold_loss":0,"cards_obtained":["Double Energy"]},{"damage_healed":0,"gold_gain":0,"player_choice":"Upgraded","damage_taken":0,"max_hp_gain":0,"max_hp_loss":0,"event_name":"Upgrade Shrine","floor":7,"gold_loss":0,"cards_upgraded":["Defragment"]},{"cards_removed":["Double Energy"],"damage_healed":25,"gold_gain":0,"player_choice":"Offered Uncommon","damage_taken":0,"max_hp_gain":0,"max_hp_loss":0,"event_name":"Bonfire Elementals","floor":11,"gold_loss":0},{"damage_healed":0,"gold_gain":0,"player_choice":"Shed Blood","damage_taken":21,"max_hp_gain":5,"max_hp_loss":0,"event_name":"Forgotten Altar","floor":19,"gold_loss":0},{"damage_healed":0,"gold_gain":0,"player_choice":"Became a vampire","damage_taken":0,"max_hp_gain":0,"max_hp_loss":27,"event_name":"Vampires","floor":21,"gold_loss":0,"cards_obtained":["Bite","Bite","Bite","Bite","Bite"]},{"damage_healed":0,"gold_gain":0,"player_choice":"Gave Potion","damage_taken":0,"relics_obtained":["Potion Belt"],"max_hp_gain":0,"max_hp_loss":0,"event_name":"WeMeetAgain","floor":22,"gold_loss":0}],"is_beta":false,"boss_relics":[{"not_picked":["Tiny House","FrozenCore"],"picked":"Calling Bell"}],"items_purged_floors":[],"is_endless":false,"potions_floor_spawned":[10,12],"killed_by":"Slavers","ascension_level":3}