{"gold_per_floor":[112,163,163,182,132,157,54,54,79,79,79,79,94,109,109,206,206,216,45,63,82,92,122,122,135,165,197,210,210,210,309,309,404,404,422,422,442,490,490,490,515,515,515,525,543,556,582,157,157,157],"floor_reached":51,"playtime":2145,"items_purged":["Strike_G","Strike_G"],"score":922,"play_id":"a488f76f-d850-46f5-a7ac-e426b1ce4aac","local_time":"20190118203935","is_ascension_mode":true,"campfire_choices":[{"data":"After Image","floor":12.0,"key":"SMITH"},{"data":"Caltrops","floor":15.0,"key":"SMITH"},{"data":"Bouncing Flask","floor":24.0,"key":"SMITH"},{"data":"Footwork","floor":32.0,"key":"SMITH"},{"data":"Envenom","floor":40,"key":"SMITH"},{"floor":42,"key":"REST"},{"floor":49,"key":"REST"}],"neow_cost":"NONE","seed_source_timestamp":499487752035075,"circlet_count":0,"master_deck":["Defend_G","Defend_G","Defend_G","Defend_G","Defend_G","Strike_G","Survivor","Neutralize","After Image+1","All Out Attack","Terror","Dagger Spray","Footwork+1","Leg Sweep","Caltrops+1","Unload","Predator","Bouncing Flask+1","Poisoned Stab","Bane+1","Poisoned Stab+1","Crippling Poison+1","Bane+1","Corpse Explosion","Blur","Envenom+1","Footwork+1","Mind Blast+1"],"special_seed":0,"relics":["Ring of the Snake","Juzu Bracelet","Oddly Smooth Stone","Thread and Needle","Lantern","Singing Bowl","Velvet Choker","Dodecahedron","Tiny Chest","Regal Pillow","Busted Crown","Ginger","Molten Egg 2","The Specimen","Centennial Puzzle","Art of War"],"potions_floor_usage":[45,50],"damage_taken":[{"damage":0.0,"enemies":"Small Slimes","floor":1.0,"turns":5.0},{"damage":0.0,"enemies":"Jaw Worm","floor":4.0,"turns":6.0},{"damage":25.0,"enemies":"Gremlin Nob","floor":6.0,"turns":6.0},{"damage":0.0,"enemies":"Cultist","floor":13.0,"turns":4.0},{"damage":0.0,"enemies":"Blue Slaver","floor":14.0,"turns":4.0},{"damage":10.0,"enemies":"The Guardian","floor":16.0,"turns":13.0},{"damage":0.0,"enemies":"Spheric Guardian","floor":18.0,"turns":5.0},{"damage":0.0,"enemies":"Chosen","floor":20.0,"turns":4.0},{"damage":4.0,"enemies":"Snake Plant","floor":21.0,"turns":3.0},{"damage":0.0,"enemies":"3 Cultists","floor":22.0,"turns":3.0},{"damage":15.0,"enemies":"Gremlin Leader","floor":23.0,"turns":5.0},{"damage":0.0,"enemies":"Centurion and Healer","floor":25.0,"turns":6.0},{"damage":5.0,"enemies":"Book of Stabbing","floor":27.0,"turns":4.0},{"damage":9.0,"enemies":"Snake Plant","floor":28.0,"turns":4.0},{"damage":0.0,"enemies":"Automaton","floor":33.0,"turns":11.0},{"damage":0,"enemies":"3 Shapes","floor":35,"turns":4},{"damage":0,"enemies":"Orb Walker","floor":37,"turns":4},{"damage":9,"enemies":"2 Orb Walkers","floor":38,"turns":3},{"damage":0,"enemies":"Reptomancer","floor":41,"turns":6},{"damage":0,"enemies":"Sphere and 2 Shapes","floor":44,"turns":4},{"damage":0,"enemies":"4 Shapes","floor":45,"turns":3},{"damage":3,"enemies":"Writhing Mass","floor":46,"turns":6},{"damage":24,"enemies":"Nemesis","floor":47,"turns":7},{"damage":28,"enemies":"Time Eater","floor":50,"turns":12}],"seed_played":"567550810209550406","potions_obtained":[{"floor":1.0,"key":"FearPotion"},{"floor":13.0,"key":"Strength Potion"},{"floor":16.0,"key":"Explosive Potion"},{"floor":20.0,"key":"Explosive Potion"},{"floor":27.0,"key":"SkillPotion"},{"floor":33.0,"key":"Energy Potion"},{"floor":35,"key":"GamblersBrew"},{"floor":46,"key":"Energy Potion"}],"is_trial":false,"path_per_floor":["M","?","?","M","?","E","$","?","T","?","T","R","M","M","R","B",null,"M","$","M","M","M","E","R","M","T","E","M","?","?","?","R","B",null,"M","?","M","?","?","R","E","R","T","M","M","M","E","$","R","B",null],"character_chosen":"THE_SILENT","items_purchased":["Footwork","Leg Sweep","Bouncing Flask","Poisoned Stab","Art of War","EssenceOfSteel","Mind Blast+1"],"campfire_rested":2,"item_purchase_floors":[7,7,19,19,48,48,48],"current_hp_per_floor":[70,70,67,67,67,42,42,42,42,47,47,47,47,49,49,39,77,77,77,77,75,75,60,60,62,62,57,48,48,48,48,48,48,81,83,85,87,78,78,78,80,89,89,91,93,92,70,70,97,69],"gold":157,"neow_bonus":"ONE_RANDOM_RARE_CARD","is_prod":false,"is_daily":false,"chose_seed":false,"campfire_upgraded":5,"win_rate":0,"timestamp":1547836775,"path_taken":["M","?","?","M","?","E","?","?","T","?","?","R","M","M","R","BOSS","M","$","M","M","M","E","R","M","T","E","M","?","?","?","R","BOSS","M","?","M","?","?","R","E","R","T","M","M","M","E","$","R","BOSS"],"build_version":"2019-01-17v2","purchased_purges":2,"victory":true,"max_hp_per_floor":[70,70,70,70,70,70,70,70,70,75,75,75,75,77,77,77,77,77,77,77,79,79,79,79,81,81,81,81,81,81,81,81,81,81,83,85,87,87,87,87,89,89,89,91,93,95,97,97,97,97],"card_choices":[{"not_picked":["Concentrate","Flechettes"],"picked":"All Out Attack","floor":1.0},{"not_picked":["Endless Agony","Bane"],"picked":"Terror","floor":4.0},{"not_picked":["Underhanded Strike","Sucker Punch"],"picked":"Dagger Spray","floor":6.0},{"not_picked":["Bane","Tactician"],"picked":"Caltrops","floor":13.0},{"not_picked":["Prepared","Dagger Spray","Flying Knee"],"picked":"Singing Bowl","floor":14.0},{"not_picked":["Die Die Die","Phantasmal Killer"],"picked":"Unload","floor":16.0},{"not_picked":["Flying Knee+1","Blade Dance"],"picked":"Predator","floor":18.0},{"not_picked":["Quick Slash","Deadly Poison"],"picked":"Bane+1","floor":20.0},{"not_picked":["Dash+1","Masterful Stab","Sucker Punch"],"picked":"Singing Bowl","floor":21.0},{"not_picked":["Outmaneuver","Bane"],"picked":"Poisoned Stab+1","floor":22.0},{"not_picked":["Burst","Blade Dance"],"picked":"Crippling Poison+1","floor":23.0},{"not_picked":["Prepared","Cloak And Dagger","Endless Agony"],"picked":"Singing Bowl","floor":25.0},{"not_picked":["Sucker Punch+1","Accuracy"],"picked":"Bane+1","floor":27.0},{"not_picked":["Well Laid Plans+1","Dagger Throw"],"picked":"Corpse Explosion","floor":28.0},{"not_picked":["Corpse Explosion","Grand Finale"],"picked":"Envenom","floor":33.0},{"not_picked":["Deflect+1"],"picked":"Singing Bowl","floor":35},{"not_picked":["Swift Strike"],"picked":"Singing Bowl","floor":36},{"not_picked":["Reflex"],"picked":"Singing Bowl","floor":37},{"not_picked":[],"picked":"Footwork+1","floor":38},{"not_picked":["Caltrops"],"picked":"Singing Bowl","floor":41},{"not_picked":["Blade Dance+1"],"picked":"Singing Bowl","floor":44},{"not_picked":["Terror+1"],"picked":"Singing Bowl","floor":45},{"not_picked":["Sucker Punch+1"],"picked":"Singing Bowl","floor":46},{"not_picked":["Dagger Throw+1"],"picked":"Singing Bowl","floor":47}],"player_experience":99850,"relics_obtained":[{"floor":6.0,"key":"Oddly Smooth Stone"},{"floor":9.0,"key":"Lantern"},{"floor":11.0,"key":"Singing Bowl"},{"floor":23.0,"key":"Dodecahedron"},{"floor":26.0,"key":"Tiny Chest"},{"floor":27.0,"key":"Regal Pillow"},{"floor":38,"key":"Ginger"},{"floor":41,"key":"Molten Egg 2"},{"floor":43,"key":"The Specimen"},{"floor":47,"key":"Centennial Puzzle"}],"event_choices":[{"damage_healed":0.0,"max_hp_gain":0.0,"max_hp_loss":0.0,"gold_gain":51.0,"event_name":"Golden Wing","player_choice":"Gained Gold","floor":2.0,"gold_loss":0.0,"damage_taken":0.0},{"damage_healed":0.0,"max_hp_gain":0.0,"max_hp_loss":0.0,"gold_gain":0.0,"event_name":"Scrap Ooze","player_choice":"Success","floor":3.0,"gold_loss":0.0,"damage_taken":3.0,"relics_obtained":["Juzu Bracelet"]},{"cards_removed":["Strike_G"],"damage_healed":0.0,"max_hp_gain":0.0,"max_hp_loss":0.0,"gold_gain":0.0,"event_name":"The Cleric","player_choice":"Card Removal","floor":5.0,"gold_loss":50.0,"damage_taken":0.0},{"damage_healed":0.0,"max_hp_gain":0.0,"max_hp_loss":0.0,"gold_gain":0.0,"event_name":"Dead Adventurer","player_choice":"Searched \u00271\u0027 times","floor":8.0,"gold_loss":0.0,"damage_taken":0.0,"relics_obtained":["Thread and Needle"]},{"damage_healed":0.0,"max_hp_gain":5.0,"max_hp_loss":0.0,"gold_gain":0.0,"event_name":"Big Fish","player_choice":"Donut","floor":10.0,"gold_loss":0.0,"damage_taken":0.0},{"damage_healed":0.0,"max_hp_gain":0.0,"max_hp_loss":0.0,"gold_gain":0.0,"event_name":"The Library","player_choice":"Read","floor":29.0,"gold_loss":0.0,"damage_taken":0.0,"cards_obtained":["Blur"]},{"damage_healed":0.0,"max_hp_gain":0.0,"max_hp_loss":0.0,"gold_gain":0.0,"event_name":"Ghosts","player_choice":"Ignored","floor":30.0,"gold_loss":0.0,"damage_taken":0.0},{"damage_healed":0.0,"max_hp_gain":0.0,"max_hp_loss":0.0,"gold_gain":99.0,"event_name":"Nest","player_choice":"Stole From Cult","floor":31.0,"gold_loss":0.0,"damage_taken":0.0},{"damage_healed":0,"gold_gain":0,"player_choice":"Memory 1","damage_taken":0,"max_hp_gain":0,"max_hp_loss":0,"event_name":"SensoryStone","floor":36,"gold_loss":0},{"damage_healed":0,"gold_gain":0,"player_choice":"Fight","damage_taken":0,"max_hp_gain":0,"max_hp_loss":0,"event_name":"Mysterious Sphere","floor":38,"gold_loss":0},{"cards_removed":["Strike_G"],"damage_healed":0,"gold_gain":0,"player_choice":"Purged","damage_taken":0,"max_hp_gain":0,"max_hp_loss":0,"event_name":"Purifier","floor":39,"gold_loss":0}],"is_beta":false,"boss_relics":[{"not_picked":["Astrolabe","Cursed Key"],"picked":"Velvet Choker"},{"not_picked":["HoveringKite","Lizard Tail"],"picked":"Busted Crown"}],"items_purged_floors":[19,48],"is_endless":false,"potions_floor_spawned":[1,13,16,20,21,27,33,35,44,46,47],"ascension_level":2}