{"gold_per_floor":[117,128,93,103,103,129,129,102,125,156,33,33,65,77,77,174,174,185,185,185,185,185,185,185,199,199,50,50,50,103,120,120,220,220,236,133,153,153,169,169,180,180,180,190,63,81,81,93,93,93],"floor_reached":51,"playtime":6883,"items_purged":["Strike_B"],"score":776,"play_id":"1ed12fc9-fcfc-4c74-8d63-37a14b9c0ccd","local_time":"20190226005843","is_ascension_mode":true,"campfire_choices":[{"data":"Zap","floor":7,"key":"SMITH"},{"floor":12,"key":"REST"},{"data":"Defragment","floor":15,"key":"SMITH"},{"data":"Creative AI","floor":23,"key":"SMITH"},{"data":"Double Energy","floor":29,"key":"SMITH"},{"data":"Dualcast","floor":32,"key":"SMITH"},{"data":"Chill","floor":40,"key":"SMITH"},{"data":"Go for the Eyes","floor":42,"key":"SMITH"},{"data":"Chill","floor":49,"key":"SMITH"}],"neow_cost":"NONE","seed_source_timestamp":717344696086953,"circlet_count":0,"master_deck":["Strike_B+1","Defend_B+1","Defend_B+1","Defend_B+1","Defend_B+1","Zap+1","Dualcast+1","Glacier+1","BootSequence+1","Double Energy+1","Rebound+1","Conserve Battery+1","Doom and Gloom+1","Defragment+1","Conserve Battery+1","Gash+1","Coolheaded+1","Hologram+1","Creative AI+1","Ball Lightning+1","RitualDagger+1","Gash+1","Storm+1","Glacier+1","Skim+1","Leap+1","Meteor Strike+1","Reinforced Body+1","Gash+1","Go for the Eyes+1","Chill+1","Mayhem+1","Reinforced Body+1","Leap+1","Gash+1","Tempest+1","Tempest+1","Chill+1"],"relics":["Cracked Core","Happy Flower","Vajra","Kunai","MawBank","Juzu Bracelet","Coffee Dripper","Ancient Tea Set","FaceOfCleric","Pocketwatch","Whetstone","Runic Pyramid","Sundial","Mark of the Bloom"],"potions_floor_usage":[16,16,16,33,48,48,50],"damage_taken":[{"damage":12,"enemies":"Small Slimes","floor":1,"turns":3},{"damage":2,"enemies":"2 Louse","floor":2,"turns":3},{"damage":0,"enemies":"Cultist","floor":4,"turns":4},{"damage":23,"enemies":"3 Sentries","floor":6,"turns":9},{"damage":2,"enemies":"3 Louse","floor":10,"turns":3},{"damage":5,"enemies":"Lagavulin","floor":13,"turns":5},{"damage":8,"enemies":"Blue Slaver","floor":14,"turns":3},{"damage":9,"enemies":"The Guardian","floor":16,"turns":12},{"damage":3,"enemies":"Chosen","floor":18,"turns":6},{"damage":15,"enemies":"Colosseum Slavers","floor":24,"turns":4},{"damage":12,"enemies":"2 Thieves","floor":25,"turns":3},{"damage":9,"enemies":"Snecko","floor":31,"turns":4},{"damage":13,"enemies":"Champ","floor":33,"turns":8},{"damage":3,"enemies":"Orb Walker","floor":35,"turns":4},{"damage":1,"enemies":"3 Darklings","floor":37,"turns":8},{"damage":20,"enemies":"Jaw Worm Horde","floor":39,"turns":5},{"damage":0,"enemies":"4 Shapes","floor":41,"turns":5},{"damage":7,"enemies":"Writhing Mass","floor":44,"turns":8},{"damage":6,"enemies":"Maw","floor":46,"turns":8},{"damage":0,"enemies":"Transient","floor":48,"turns":5},{"damage":29,"enemies":"Awakened One","floor":50,"turns":15}],"seed_played":"5600663568798911362","potions_obtained":[{"floor":4,"key":"GamblersBrew"},{"floor":6,"key":"Block Potion"},{"floor":13,"key":"Weak Potion"},{"floor":14,"key":"Poison Potion"},{"floor":31,"key":"SkillPotion"},{"floor":39,"key":"Block Potion"},{"floor":44,"key":"Poison Potion"},{"floor":46,"key":"Strength Potion"}],"is_trial":false,"path_per_floor":["M","M","?","M","?","E","R","$","T","M","$","R","E","M","R","B",null,"M","?","?","?","?","R","?","M","T","$","?","R","T","M","R","B",null,"M","$","M","?","M","R","M","R","T","M","$","M","?","M","R","B",null],"character_chosen":"DEFECT","items_purchased":["Conserve Battery","Defragment","Conserve Battery","Gash","Skim","Gash","Go for the Eyes","Gash","Tempest"],"campfire_rested":1,"item_purchase_floors":[8,11,11,11,27,36,36,45,45],"current_hp_per_floor":[63,61,75,75,72,49,49,49,49,47,47,69,64,56,56,47,75,72,66,66,66,66,66,52,41,41,41,41,41,41,33,33,21,79,77,77,77,77,58,58,59,59,59,53,53,48,48,48,48,19],"gold":93,"neow_bonus":"RANDOM_COMMON_RELIC","is_prod":false,"is_daily":false,"chose_seed":false,"campfire_upgraded":8,"win_rate":0,"timestamp":1551160723,"path_taken":["M","M","?","M","?","E","R","$","T","M","$","R","E","M","R","BOSS","M","?","?","?","?","R","?","M","T","$","?","R","?","M","R","BOSS","M","$","M","?","M","R","M","R","T","M","$","M","?","M","R","BOSS"],"build_version":"2019-01-23","purchased_purges":1,"victory":true,"max_hp_per_floor":[75,75,75,75,75,75,75,75,75,75,75,75,75,75,75,75,75,75,75,75,75,75,75,76,77,77,77,77,77,77,78,78,79,79,80,80,81,81,82,82,83,83,83,84,84,85,85,86,86,87],"card_choices":[{"not_picked":["Rebound","Auto Shields"],"picked":"Glacier","floor":1},{"not_picked":["Coolheaded","Go for the Eyes"],"picked":"BootSequence","floor":2},{"not_picked":["Stack","Steam Power"],"picked":"Double Energy","floor":4},{"not_picked":["Steam","Beam Cell"],"picked":"Rebound","floor":6},{"not_picked":["Loop","Leap"],"picked":"Doom and Gloom","floor":10},{"not_picked":["Streamline","Barrage"],"picked":"Coolheaded","floor":13},{"not_picked":["Reprogram","Barrage"],"picked":"Hologram","floor":14},{"not_picked":["Rainbow","Buffer"],"picked":"Creative AI","floor":16},{"not_picked":["Beam Cell","Undo"],"picked":"Ball Lightning+1","floor":18},{"not_picked":["Auto Shields","Conserve Battery"],"picked":"Glacier","floor":25},{"not_picked":["Tempest+1","Streamline+1"],"picked":"Leap","floor":31},{"not_picked":["Hyperbeam","Reboot"],"picked":"Meteor Strike","floor":33},{"not_picked":["Conserve Battery+1","Coolheaded"],"picked":"Reinforced Body","floor":35},{"not_picked":["Auto Shields+1","Stack"],"picked":"Chill","floor":37},{"not_picked":["Trip","Thinking Ahead"],"picked":"Mayhem","floor":38},{"not_picked":["Compile Driver","Heatsinks","Redo"],"picked":"SKIP","floor":39},{"not_picked":["Ball Lightning","Coolheaded"],"picked":"Reinforced Body+1","floor":41},{"not_picked":["Ball Lightning","Stack"],"picked":"Leap","floor":44},{"not_picked":["Ball Lightning","Gash+1"],"picked":"Tempest+1","floor":46},{"not_picked":["Cold Snap","Compile Driver+1"],"picked":"Chill","floor":48}],"player_experience":315627,"relics_obtained":[{"floor":6,"key":"Kunai"},{"floor":9,"key":"MawBank"},{"floor":13,"key":"Juzu Bracelet"},{"floor":26,"key":"Pocketwatch"},{"floor":30,"key":"Whetstone"},{"floor":43,"key":"Sundial"}],"event_choices":[{"damage_healed":18,"gold_gain":0,"player_choice":"Healed","damage_taken":0,"max_hp_gain":0,"max_hp_loss":0,"event_name":"The Cleric","floor":3,"gold_loss":35},{"damage_healed":0,"gold_gain":0,"player_choice":"Success","damage_taken":3,"relics_obtained":["Vajra"],"max_hp_gain":0,"max_hp_loss":0,"event_name":"Scrap Ooze","floor":5,"gold_loss":0},{"damage_healed":0,"gold_gain":0,"player_choice":"Joined the Cult","damage_taken":6,"max_hp_gain":0,"max_hp_loss":0,"event_name":"Nest","floor":19,"gold_loss":0,"cards_obtained":["RitualDagger"]},{"damage_healed":0,"gold_gain":0,"cards_transformed":["Strike_B","Strike_B"],"player_choice":"Became Test Subject","damage_taken":0,"max_hp_gain":0,"max_hp_loss":0,"event_name":"Drug Dealer","floor":20,"gold_loss":0,"cards_obtained":["Gash","Storm"]},{"damage_healed":0,"gold_gain":0,"player_choice":"Opened","damage_taken":0,"relics_obtained":["Ancient Tea Set"],"max_hp_gain":0,"max_hp_loss":0,"event_name":"The Mausoleum","floor":21,"gold_loss":0},{"damage_healed":0,"gold_gain":0,"player_choice":"Trade","damage_taken":0,"relics_obtained":["FaceOfCleric"],"max_hp_gain":0,"max_hp_loss":0,"event_name":"FaceTrader","floor":22,"gold_loss":0},{"damage_healed":0,"gold_gain":0,"player_choice":"Fight","damage_taken":0,"max_hp_gain":0,"max_hp_loss":0,"event_name":"Colosseum","floor":24,"gold_loss":0},{"damage_healed":0,"gold_gain":0,"player_choice":"Fled From Nobs","damage_taken":0,"max_hp_gain":0,"max_hp_loss":0,"event_name":"Colosseum","floor":24,"gold_loss":0},{"damage_healed":0,"gold_gain":0,"player_choice":"Ignored","damage_taken":0,"max_hp_gain":0,"max_hp_loss":0,"event_name":"Ghosts","floor":28,"gold_loss":0},{"damage_healed":0,"gold_gain":0,"player_choice":"Memory 1","damage_taken":0,"max_hp_gain":0,"max_hp_loss":0,"event_name":"SensoryStone","floor":38,"gold_loss":0},{"damage_healed":0,"gold_gain":0,"player_choice":"Upgrade","damage_taken":0,"relics_obtained":["Mark of the Bloom"],"max_hp_gain":0,"max_hp_loss":0,"event_name":"MindBloom","floor":47,"gold_loss":0,"cards_upgraded":["Strike_B","Defend_B","Defend_B","Defend_B","Defend_B","Glacier","BootSequence","Conserve Battery","Conserve Battery","Gash","Coolheaded","Hologram","RitualDagger","Gash","Storm","Glacier","Skim","Leap","Meteor Strike","Reinforced Body","Gash","Mayhem","Leap","Gash","Tempest"]}],"is_beta":false,"boss_relics":[{"not_picked":["Lizard Tail","Orrery"],"picked":"Coffee Dripper"},{"not_picked":["Calling Bell","FrozenCore"],"picked":"Runic Pyramid"}],"items_purged_floors":[27],"is_endless":false,"potions_floor_spawned":[4,6,13,14,31,39,44,46],"ascension_level":4}