{"gold_per_floor":[111,129,129,57,74,74,94,122,191,191,266,177,177,177,177,303,303,321,335,335,79,79],"floor_reached":22,"playtime":907,"items_purged":[],"score":230,"play_id":"f6146bc9-bf57-482d-be50-ca186696f890","local_time":"20181208021249","is_ascension_mode":true,"campfire_choices":[{"data":"Choke","floor":6.0,"key":"SMITH"},{"floor":10.0,"key":"REST"},{"floor":15.0,"key":"REST"}],"neow_cost":"NONE","seed_source_timestamp":697642545484351,"circlet_count":0,"master_deck":["Defend_G","Defend_G","Defend_G","Defend_G","Defend_G","Strike_G","Strike_G","Strike_G","Survivor","Neutralize","Choke+1","Blade Dance","Well Laid Plans","Cloak And Dagger","Cloak And Dagger","Predator","Blade Dance","Backstab","Backflip","Injury","A Thousand Cuts","Cloak And Dagger","Outmaneuver+1","Deflect","A Thousand Cuts"],"special_seed":0,"relics":["Philosopher\u0027s Stone","Ice Cream","Question Card","Golden Idol","WristBlade","Pantograph"],"potions_floor_usage":[22],"damage_taken":[{"damage":2.0,"enemies":"Jaw Worm","floor":1.0,"turns":4.0},{"damage":0.0,"enemies":"2 Louse","floor":2.0,"turns":3.0},{"damage":0.0,"enemies":"Cultist","floor":5.0,"turns":2.0},{"damage":2.0,"enemies":"Exordium Wildlife","floor":7.0,"turns":3.0},{"damage":31.0,"enemies":"Gremlin Nob","floor":8.0,"turns":4.0},{"damage":0.0,"enemies":"2 Fungi Beasts","floor":13.0,"turns":3.0},{"damage":29.0,"enemies":"Slime Boss","floor":16.0,"turns":12.0},{"damage":26.0,"enemies":"3 Byrds","floor":18.0,"turns":4.0},{"damage":20.0,"enemies":"Shell Parasite","floor":19.0,"turns":4.0},{"damage":24,"enemies":"Shelled Parasite and Fungi","floor":22,"turns":2}],"seed_played":"9106459688403615433","potions_obtained":[{"floor":1.0,"key":"Poison Potion"},{"floor":5.0,"key":"Poison Potion"},{"floor":7.0,"key":"SteroidPotion"},{"floor":16.0,"key":"Ancient Potion"}],"is_trial":false,"path_per_floor":["M","M","?","$","M","R","M","E","T","R","?","$","M","?","R","B",null,"M","M","?","$","M"],"character_chosen":"THE_SILENT","items_purchased":["Well Laid Plans","Blade Dance","Backstab","Pantograph"],"campfire_rested":2,"item_purchase_floors":[4,12,12,21],"current_hp_per_floor":[68,68,68,68,68,68,66,35,35,56,56,56,56,56,70,41,63,37,17,17,17,0],"gold":79,"neow_bonus":"BOSS_RELIC","is_prod":false,"is_daily":false,"chose_seed":false,"campfire_upgraded":1,"win_rate":0,"timestamp":1544253169,"path_taken":["M","M","?","$","M","R","M","E","T","R","?","?","?","?","R","BOSS","M","M","?","$","M"],"build_version":"2018-12-06","purchased_purges":0,"victory":false,"max_hp_per_floor":[70,70,70,70,70,70,70,70,70,70,70,70,70,70,70,70,70,70,70,70,70,70],"card_choices":[{"not_picked":["Infinite Blades","Eviscerate"],"picked":"Choke","floor":1.0},{"not_picked":["Bane","Distraction"],"picked":"Blade Dance","floor":2.0},{"not_picked":["Deflect","Tactician"],"picked":"Cloak And Dagger","floor":5.0},{"not_picked":["Outmaneuver","Flying Knee"],"picked":"Cloak And Dagger","floor":7.0},{"not_picked":["Poisoned Stab","Acrobatics"],"picked":"Predator","floor":8.0},{"not_picked":["Poisoned Stab","Crippling Poison","Acrobatics"],"picked":"Backflip","floor":13.0},{"not_picked":["Doppelganger","Envenom","Venomology"],"picked":"A Thousand Cuts","floor":16.0},{"not_picked":["Backflip","Blade Dance","Sucker Punch+1"],"picked":"Cloak And Dagger","floor":18.0},{"not_picked":["Heel Hook+1","Sucker Punch","Flying Knee"],"picked":"Outmaneuver+1","floor":19.0}],"player_experience":234318,"relics_obtained":[{"floor":8.0,"key":"Ice Cream"},{"floor":9.0,"key":"Question Card"}],"event_choices":[{"damage_healed":0.0,"max_hp_gain":0.0,"max_hp_loss":0.0,"gold_gain":0.0,"event_name":"The Cleric","player_choice":"Leave","floor":3.0,"gold_loss":0.0,"damage_taken":0.0},{"damage_healed":0.0,"max_hp_gain":0.0,"max_hp_loss":0.0,"gold_gain":75.0,"event_name":"Golden Wing","player_choice":"Gained Gold","floor":11.0,"gold_loss":0.0,"damage_taken":0.0},{"damage_healed":0.0,"max_hp_gain":0.0,"max_hp_loss":0.0,"gold_gain":0.0,"event_name":"Golden Idol","player_choice":"Take Wound","floor":14.0,"gold_loss":0.0,"damage_taken":0.0,"relics_obtained":["Golden Idol"],"cards_obtained":["Injury"]},{"damage_healed":0.0,"max_hp_gain":0.0,"max_hp_loss":0.0,"gold_gain":0.0,"cards_transformed":["Strike_G","Strike_G"],"event_name":"Drug Dealer","player_choice":"Became Test Subject","floor":20.0,"gold_loss":0.0,"damage_taken":0.0,"cards_obtained":["Deflect","A Thousand Cuts"]}],"is_beta":false,"boss_relics":[{"not_picked":["Runic Pyramid","Velvet Choker"],"picked":"WristBlade"}],"items_purged_floors":[],"is_endless":false,"potions_floor_spawned":[1,5,7,16,18],"killed_by":"Shelled Parasite and Fungi","ascension_level":5}