{"gold_per_floor":[129,180,240,300,360,462,462,549,572,626,671,43,8,8,8,311,311],"floor_reached":17,"playtime":1041,"items_purged":["Defend_R"],"score":194,"play_id":"808bb177-a98a-411e-a58a-c9f373aeabda","local_time":"20181016184359","daily_mods":["Colorless Cards","Cursed Run","Midas"],"is_ascension_mode":false,"campfire_choices":[{"floor":15.0,"key":"REST"}],"neow_cost":"","seed_source_timestamp":0,"circlet_count":0,"master_deck":["Strike_R","Strike_R","Strike_R","Strike_R","Strike_R","Defend_R","Defend_R","Defend_R","Bash","Perfected Strike","Sword Boomerang+1","Jack Of All Trades","Heavy Blade","Dark Shackles+1","Barricade","Writhe","Shrug It Off+1","Warcry+1","Secret Technique+1","Perfected Strike","Offering+1","Disarm+1","Pain","Parasite","Mayhem"],"special_seed":0,"relics":["Cursed Key","Darkstone Periapt","Du-Vu Doll","Self Forming Clay","Toxic Egg 2","Bronze Scales","Blue Candle"],"potions_floor_usage":[],"damage_taken":[{"damage":0.0,"enemies":"2 Louse","floor":1.0,"turns":2.0},{"damage":0.0,"enemies":"Jaw Worm","floor":2.0,"turns":4.0},{"damage":0.0,"enemies":"Small Slimes","floor":3.0,"turns":2.0},{"damage":8.0,"enemies":"Red Slaver","floor":4.0,"turns":2.0},{"damage":9.0,"enemies":"Blue Slaver","floor":5.0,"turns":3.0},{"damage":3.0,"enemies":"Gremlin Nob","floor":6.0,"turns":3.0},{"damage":16.0,"enemies":"Lagavulin","floor":8.0,"turns":5.0},{"damage":13.0,"enemies":"Gremlin Gang","floor":10.0,"turns":3.0},{"damage":8.0,"enemies":"Exordium Thugs","floor":11.0,"turns":5.0},{"damage":13.0,"enemies":"The Guardian","floor":16.0,"turns":6.0}],"seed_played":"-737395859500637342","potions_obtained":[{"floor":3.0,"key":"SpeedPotion"},{"floor":5.0,"key":"Swift Potion"},{"floor":6.0,"key":"Fire Potion"}],"is_trial":true,"path_per_floor":["M","M","M","M","M","E","?","E","T","M","M","$","?","T","R","B"],"character_chosen":"IRONCLAD","items_purchased":["Secret Technique+1","Perfected Strike","Offering+1","Disarm+1","BloodPotion"],"campfire_rested":1,"item_purchase_floors":[12,12,12,12,12],"current_hp_per_floor":[80,80,80,72,63,60,44,28,34,21,13,13,34,40,67,60,60],"gold":311,"neow_bonus":"","is_prod":false,"is_daily":false,"chose_seed":false,"campfire_upgraded":0,"win_rate":0,"timestamp":1539711839,"path_taken":["M","M","M","M","M","E","?","E","T","M","M","$","?","?","R","BOSS"],"build_version":"2018-10-11","purchased_purges":1,"victory":false,"max_hp_per_floor":[80,80,80,80,80,80,80,80,86,86,86,86,86,92,92,98,98],"card_choices":[{"not_picked":["Pommel Strike","Anger"],"picked":"Perfected Strike","floor":1.0},{"not_picked":["Enlightenment","Headbutt"],"picked":"Sword Boomerang","floor":2.0},{"not_picked":["Purity","Havoc"],"picked":"Jack Of All Trades","floor":3.0},{"not_picked":["Iron Wave","Purity"],"picked":"Heavy Blade","floor":4.0},{"not_picked":["Heavy Blade","Enlightenment"],"picked":"Dark Shackles","floor":5.0},{"not_picked":["Thunderclap","Perfected Strike"],"picked":"Barricade","floor":6.0},{"not_picked":["Wild Strike","Forethought","Fiend Fire"],"picked":"SKIP","floor":8.0},{"not_picked":["Clothesline","Clash"],"picked":"Shrug It Off+1","floor":10.0},{"not_picked":["Fire Breathing","Mind Blast"],"picked":"Warcry+1","floor":11.0},{"not_picked":["Fiend Fire","Double Tap+1"],"picked":"Mayhem","floor":16.0}],"player_experience":85791,"relics_obtained":[{"floor":6.0,"key":"Self Forming Clay"},{"floor":8.0,"key":"Toxic Egg 2"},{"floor":9.0,"key":"Bronze Scales"},{"floor":14.0,"key":"Blue Candle"}],"event_choices":[{"event_name":"Shining Light","player_choice":"Entered Light","floor":7.0,"damage_taken":0.0},{"event_name":"The Cleric","player_choice":"Healed","floor":13.0,"damage_taken":0.0}],"is_beta":false,"boss_relics":[],"items_purged_floors":[12],"is_endless":false,"potions_floor_spawned":[3,5,6,16],"ascension_level":0}