{"gold_per_floor":[109,109,109,109,120,151,5,5,5,31,31,51,51,51,51,147,147,166,22,32,32,32,61,79,79,150,175,175,190,63,80,80,177,177,194,211,211,225,29,29,29,45,45,58,158,170,170,190,190,190],"floor_reached":50,"playtime":2068,"items_purged":["Strike_B"],"score":540,"play_id":"e3acd1f3-2bac-4f5c-b364-32c18607cbc7","local_time":"20190103234933","is_ascension_mode":false,"campfire_choices":[{"data":"Zap","floor":8.0,"key":"SMITH"},{"data":"Streamline","floor":11.0,"key":"SMITH"},{"data":"Dualcast","floor":13.0,"key":"SMITH"},{"data":"Streamline","floor":15.0,"key":"SMITH"},{"floor":25.0,"key":"REST"},{"floor":28.0,"key":"REST"},{"data":"Hologram","floor":32.0,"key":"SMITH"},{"floor":40.0,"key":"REST"},{"floor":47.0,"key":"REST"},{"floor":49,"key":"REST"}],"neow_cost":"NONE","seed_source_timestamp":108679741237333,"circlet_count":0,"master_deck":["Strike_B","Strike_B","Defend_B","Defend_B","Defend_B","Defend_B","Zap+1","Dualcast+1","Conserve Battery","Streamline+1","Machine Learning","Leap","Streamline+1","Core Surge","Darkness+1","Darkness+1","Cold Snap","Hologram+1","Coolheaded","Creative AI","Redo+1","Darkness+1","Biased Cognition","Parasite"],"special_seed":0,"relics":["Cracked Core","NeowsBlessing","Turnip","Incense Burner","Orichalcum","Dodecahedron","Bottled Tornado","NlothsMask","Busted Crown","Oddly Smooth Stone","Anchor","DataDisk","Smiling Mask","Philosopher\u0027s Stone","Runic Capacitor","Art of War","StoneCalendar"],"potions_floor_usage":[50,50],"damage_taken":[{"damage":0.0,"enemies":"2 Louse","floor":1.0,"turns":1.0},{"damage":0.0,"enemies":"Small Slimes","floor":5.0,"turns":1.0},{"damage":0.0,"enemies":"Gremlin Nob","floor":6.0,"turns":1.0},{"damage":21.0,"enemies":"Lagavulin","floor":10.0,"turns":7.0},{"damage":0.0,"enemies":"Cultist","floor":12.0,"turns":3.0},{"damage":13.0,"enemies":"Hexaghost","floor":16.0,"turns":9.0},{"damage":8.0,"enemies":"Shell Parasite","floor":18.0,"turns":5.0},{"damage":18.0,"enemies":"2 Thieves","floor":20.0,"turns":4.0},{"damage":17.0,"enemies":"Slavers","floor":23.0,"turns":7.0},{"damage":10.0,"enemies":"3 Cultists","floor":24.0,"turns":5.0},{"damage":28.0,"enemies":"Gremlin Leader","floor":27.0,"turns":6.0},{"damage":0.0,"enemies":"Shelled Parasite and Fungi","floor":29.0,"turns":5.0},{"damage":10.0,"enemies":"Chosen and Byrds","floor":31.0,"turns":5.0},{"damage":7.0,"enemies":"Collector","floor":33.0,"turns":7.0},{"damage":2.0,"enemies":"Orb Walker","floor":35.0,"turns":4.0},{"damage":7.0,"enemies":"3 Darklings","floor":36.0,"turns":6.0},{"damage":50.0,"enemies":"Jaw Worm Horde","floor":38.0,"turns":5.0},{"damage":3.0,"enemies":"Writhing Mass","floor":42.0,"turns":8.0},{"damage":10.0,"enemies":"Sphere and 2 Shapes","floor":44.0,"turns":5.0},{"damage":3.0,"enemies":"Mind Bloom Boss Battle","floor":45.0,"turns":7.0},{"damage":4.0,"enemies":"Spire Growth","floor":46.0,"turns":4.0},{"damage":15,"enemies":"Writhing Mass","floor":48,"turns":5},{"damage":48,"enemies":"Donu and Deca","floor":50,"turns":6}],"seed_played":"7619567324312588294","potions_obtained":[{"floor":1.0,"key":"FearPotion"},{"floor":10.0,"key":"SteroidPotion"},{"floor":12.0,"key":"Energy Potion"},{"floor":16.0,"key":"Weak Potion"},{"floor":18.0,"key":"Strength Potion"},{"floor":27.0,"key":"SteroidPotion"},{"floor":31.0,"key":"FocusPotion"},{"floor":46.0,"key":"Fire Potion"},{"floor":48,"key":"SteroidPotion"}],"is_trial":false,"path_per_floor":["M","?","?","?","M","E","$","R","T","E","R","M","R","?","R","B",null,"M","$","M","$","?","E","M","R","T","E","R","M","$","M","R","B",null,"M","M","?","M","$","R","$","M","T","M","?","M","R","M","R","B"],"character_chosen":"DEFECT","items_purchased":["Orichalcum","Oddly Smooth Stone","Hologram","Coolheaded","Runic Capacitor"],"campfire_rested":5,"item_purchase_floors":[7,19,30,30,39],"current_hp_per_floor":[75,75,72,72,72,72,72,72,72,51,51,51,51,51,51,38,75,67,67,49,49,49,32,22,44,44,16,38,38,38,28,28,21,75,73,66,66,16,16,38,38,35,35,25,22,18,40,25,47,0],"gold":190,"neow_bonus":"THREE_ENEMY_KILL","is_prod":false,"is_daily":false,"chose_seed":false,"campfire_upgraded":5,"win_rate":0,"timestamp":1546552173,"path_taken":["M","?","?","?","?","E","$","R","T","E","R","M","R","?","R","BOSS","M","?","?","$","?","E","?","R","T","E","R","?","?","M","R","BOSS","M","M","?","M","$","R","?","?","T","M","?","M","R","M","R","BOSS"],"build_version":"2018-12-20","purchased_purges":1,"victory":false,"max_hp_per_floor":[75,75,75,75,75,75,75,75,75,75,75,75,75,75,75,75,75,75,75,75,75,75,75,75,75,75,75,75,75,75,75,75,75,75,75,75,75,75,75,75,75,75,75,75,75,75,75,75,75,75],"card_choices":[{"not_picked":["Redo","Barrage"],"picked":"Conserve Battery","floor":1.0},{"not_picked":["Ball Lightning","Conserve Battery"],"picked":"Streamline","floor":5.0},{"not_picked":["Static Discharge","Leap"],"picked":"Machine Learning","floor":6.0},{"not_picked":["Redo","Gash"],"picked":"Leap","floor":10.0},{"not_picked":["Steam","Barrage"],"picked":"Streamline","floor":12.0},{"not_picked":["All For One","Thunder Strike"],"picked":"Core Surge","floor":16.0},{"not_picked":[],"picked":"Darkness+1","floor":18.0},{"not_picked":["Reprogram+1"],"picked":"SKIP","floor":20.0},{"not_picked":[],"picked":"Darkness+1","floor":23.0},{"not_picked":["Steam"],"picked":"SKIP","floor":24.0},{"not_picked":[],"picked":"Cold Snap","floor":27.0},{"not_picked":["Turbo+1"],"picked":"SKIP","floor":29.0},{"not_picked":["Gash"],"picked":"SKIP","floor":31.0},{"not_picked":[],"picked":"Creative AI","floor":33.0},{"not_picked":[],"picked":"Redo+1","floor":35.0},{"not_picked":["Streamline+1"],"picked":"SKIP","floor":36.0},{"not_picked":["Coolheaded"],"picked":"SKIP","floor":38.0},{"not_picked":["Streamline+1"],"picked":"SKIP","floor":42.0},{"not_picked":[],"picked":"Darkness+1","floor":44.0},{"not_picked":[],"picked":"Biased Cognition","floor":46.0},{"not_picked":["Static Discharge+1"],"picked":"SKIP","floor":48}],"player_experience":84316,"relics_obtained":[{"floor":6.0,"key":"Incense Burner"},{"floor":9.0,"key":"Dodecahedron"},{"floor":10.0,"key":"Bottled Tornado"},{"floor":23.0,"key":"DataDisk"},{"floor":27.0,"key":"Smiling Mask"},{"floor":43.0,"key":"Art of War"},{"floor":45.0,"key":"StoneCalendar"}],"event_choices":[{"damage_healed":0.0,"max_hp_gain":0.0,"max_hp_loss":0.0,"gold_gain":0.0,"event_name":"Liars Game","player_choice":"Ignored","floor":2.0,"gold_loss":0.0,"damage_taken":0.0},{"damage_healed":0.0,"max_hp_gain":0.0,"max_hp_loss":0.0,"gold_gain":0.0,"event_name":"Scrap Ooze","player_choice":"Success","floor":3.0,"gold_loss":0.0,"damage_taken":3.0,"relics_obtained":["Turnip"]},{"damage_healed":0.0,"max_hp_gain":0.0,"max_hp_loss":0.0,"gold_gain":0.0,"event_name":"The Woman in Blue","player_choice":"Bought 0 Potions","floor":4.0,"gold_loss":0.0,"damage_taken":0.0},{"damage_healed":0.0,"max_hp_gain":0.0,"max_hp_loss":0.0,"gold_gain":0.0,"event_name":"FaceTrader","player_choice":"Trade","floor":14.0,"gold_loss":0.0,"damage_taken":0.0,"relics_obtained":["NlothsMask"]},{"damage_healed":0.0,"max_hp_gain":0.0,"max_hp_loss":0.0,"gold_gain":0.0,"event_name":"WeMeetAgain","player_choice":"Gave Potion","floor":22.0,"gold_loss":0.0,"damage_taken":0.0,"relics_obtained":["Anchor"]},{"cards_removed":["Strike_B"],"damage_healed":0.0,"max_hp_gain":0.0,"max_hp_loss":0.0,"gold_gain":0.0,"event_name":"Purifier","player_choice":"Purged","floor":37.0,"gold_loss":0.0,"damage_taken":0.0},{"damage_healed":0.0,"max_hp_gain":0.0,"max_hp_loss":0.0,"gold_gain":0.0,"event_name":"MindBloom","player_choice":"Fight","floor":45.0,"gold_loss":0.0,"damage_taken":0.0}],"is_beta":false,"boss_relics":[{"not_picked":["Fusion Hammer","Ectoplasm"],"picked":"Busted Crown"},{"not_picked":["Lizard Tail","White Beast Statue"],"picked":"Philosopher\u0027s Stone"}],"items_purged_floors":[30],"is_endless":false,"potions_floor_spawned":[1,10,12,16,18,27,31,36,46,48],"killed_by":"Donu and Deca","ascension_level":0}