{"gold_per_floor":[115,128,140,99,99,131,97,129,183,183,211,211,244,16,16,114,114,132,132,143,143,143,169,26,26,53,53,87,103,129,142,142,242,242,254,254,267,286,33,33],"floor_reached":40,"playtime":3417,"items_purged":["Strike_B","Normality"],"score":752,"play_id":"c34c3e29-65e1-44d5-8b3f-26d761f2992d","local_time":"20190210014509","is_ascension_mode":true,"campfire_choices":[{"floor":10,"key":"REST"},{"floor":12,"key":"REST"},{"floor":15,"key":"REST"},{"floor":32,"key":"REST"}],"neow_cost":"NONE","seed_source_timestamp":2465214200967731,"circlet_count":0,"master_deck":["Strike_B+1","Strike_B+1","Strike_B","Defend_B","Defend_B","Zap","Dualcast","Conserve Battery","White Noise","Coolheaded","Defragment","White Noise","Defragment","Leap","Cold Snap","Conserve Battery","Electrodynamics","Leap+1","Capacitor","Static Discharge","Sweeping Beam","Self Repair","Echo Form","Shame","Doubt","Go for the Eyes+1","Writhe","Steam+1","Leap"],"relics":["Cracked Core","NeowsBlessing","Kunai","Bronze Scales","Bag of Marbles","Omamori","Darkstone Periapt","Juzu Bracelet","Whetstone","Cursed Key","Orichalcum","Pear","Lantern","Happy Flower","Anchor","Vajra","Molten Egg 2","Calling Bell","Dream Catcher","Matryoshka","Bird Faced Urn","Oddly Smooth Stone"],"potions_floor_usage":[6,20,28,28,31,33,40],"damage_taken":[{"damage":0,"enemies":"Cultist","floor":1,"turns":1},{"damage":0,"enemies":"Small Slimes","floor":2,"turns":1},{"damage":0,"enemies":"2 Louse","floor":3,"turns":1},{"damage":5,"enemies":"Lagavulin","floor":6,"turns":7},{"damage":30,"enemies":"3 Sentries","floor":8,"turns":8},{"damage":18,"enemies":"Lagavulin","floor":11,"turns":5},{"damage":11,"enemies":"Gremlin Nob","floor":13,"turns":4},{"damage":57,"enemies":"Slime Boss","floor":16,"turns":9},{"damage":4,"enemies":"Shell Parasite","floor":18,"turns":5},{"damage":11,"enemies":"3 Byrds","floor":20,"turns":1},{"damage":12,"enemies":"Gremlin Leader","floor":23,"turns":6},{"damage":21,"enemies":"Slavers","floor":28,"turns":3},{"damage":18,"enemies":"Snecko","floor":29,"turns":6},{"damage":13,"enemies":"Book of Stabbing","floor":30,"turns":5},{"damage":14,"enemies":"Shelled Parasite and Fungi","floor":31,"turns":4},{"damage":0,"enemies":"Collector","floor":33,"turns":9},{"damage":53,"enemies":"3 Darklings","floor":35,"turns":4},{"damage":21,"enemies":"3 Shapes","floor":37,"turns":2},{"damage":78,"enemies":"Transient","floor":38,"turns":5},{"damage":49,"enemies":"Nemesis","floor":40,"turns":5}],"seed_played":"2064934009295438469","potions_obtained":[{"floor":2,"key":"Explosive Potion"},{"floor":6,"key":"Weak Potion"},{"floor":8,"key":"EssenceOfSteel"},{"floor":16,"key":"Explosive Potion"},{"floor":20,"key":"LiquidBronze"},{"floor":29,"key":"FocusPotion"},{"floor":30,"key":"SkillPotion"},{"floor":37,"key":"EssenceOfSteel"}],"is_trial":false,"path_per_floor":["M","M","M","$","T","E","$","E","T","R","E","R","E","$","R","B",null,"M","?","M","?","?","E","$","?","T","?","E","M","E","M","R","B",null,"M","?","M","M","$","E"],"character_chosen":"DEFECT","items_purchased":["Defragment","Defragment","Whetstone","Happy Flower","Oddly Smooth Stone"],"campfire_rested":4,"item_purchase_floors":[4,7,14,24,39],"current_hp_per_floor":[68,68,68,68,68,63,63,33,33,55,37,59,48,48,70,13,60,56,56,45,45,55,43,43,43,43,71,50,32,19,12,37,44,93,61,93,78,27,27,0],"gold":33,"neow_bonus":"THREE_ENEMY_KILL","is_prod":false,"is_daily":false,"chose_seed":false,"campfire_upgraded":0,"win_rate":0,"timestamp":1549791909,"path_taken":["M","?","M","$","?","E","$","E","T","R","E","R","E","$","R","BOSS","M","?","M","?","?","E","?","?","T","?","E","M","E","M","R","BOSS","M","?","M","M","$","E"],"build_version":"2019-01-23","purchased_purges":2,"victory":false,"max_hp_per_floor":[75,75,75,75,75,75,75,75,75,75,75,75,75,75,75,75,75,75,75,75,75,85,85,85,85,85,85,85,85,85,85,85,85,103,103,109,109,109,109,109],"card_choices":[{"not_picked":["Lockon","Turbo"],"picked":"Conserve Battery","floor":1},{"not_picked":["Glacier","Redo"],"picked":"White Noise","floor":2},{"not_picked":["Capacitor","Streamline"],"picked":"Coolheaded","floor":3},{"not_picked":["Force Field","Beam Cell"],"picked":"White Noise","floor":6},{"not_picked":["Glacier","Rip and Tear"],"picked":"Leap","floor":8},{"not_picked":["Blizzard","Barrage"],"picked":"Cold Snap","floor":11},{"not_picked":["Compile Driver","Reboot"],"picked":"Conserve Battery","floor":13},{"not_picked":["Seek","Fission"],"picked":"Electrodynamics","floor":16},{"not_picked":["Rebound","Turbo","Melter"],"picked":"SKIP","floor":18},{"not_picked":["Turbo","Chaos+1"],"picked":"Leap+1","floor":20},{"not_picked":["Turbo","Cold Snap"],"picked":"Capacitor","floor":23},{"not_picked":["Darkness","Hologram"],"picked":"Static Discharge","floor":28},{"not_picked":["Lockon","BootSequence"],"picked":"Sweeping Beam","floor":29},{"not_picked":["Sweeping Beam","Streamline"],"picked":"Self Repair","floor":30},{"not_picked":["Sunder+1","Lockon+1","Consume"],"picked":"SKIP","floor":31},{"not_picked":["Machine Learning","Fission"],"picked":"Echo Form","floor":33},{"not_picked":["Turbo+1","Static Discharge"],"picked":"Go for the Eyes+1","floor":35},{"not_picked":["Chaos+1","Cold Snap+1"],"picked":"Steam+1","floor":37},{"not_picked":["Scrape+1","Sunder+1"],"picked":"Leap","floor":38}],"player_experience":317569,"relics_obtained":[{"floor":5,"key":"Kunai"},{"floor":6,"key":"Bronze Scales"},{"floor":8,"key":"Bag of Marbles"},{"floor":9,"key":"Omamori"},{"floor":11,"key":"Darkstone Periapt"},{"floor":13,"key":"Juzu Bracelet"},{"floor":23,"key":"Lantern"},{"floor":26,"key":"Anchor"},{"floor":28,"key":"Vajra"},{"floor":30,"key":"Molten Egg 2"},{"floor":34,"key":"Dream Catcher"},{"floor":34,"key":"Matryoshka"},{"floor":34,"key":"Bird Faced Urn"}],"event_choices":[{"cards_removed":["Defend_B"],"damage_healed":0,"gold_gain":0,"player_choice":"Purged","damage_taken":0,"max_hp_gain":0,"max_hp_loss":0,"event_name":"Purifier","floor":19,"gold_loss":0},{"damage_healed":0,"gold_gain":0,"player_choice":"Stole Relic","damage_taken":0,"relics_obtained":["Orichalcum"],"max_hp_gain":0,"max_hp_loss":0,"event_name":"Addict","floor":21,"gold_loss":0,"cards_obtained":["Shame"]},{"damage_healed":0,"gold_gain":0,"player_choice":"Gave Potion","damage_taken":0,"relics_obtained":["Pear"],"max_hp_gain":0,"max_hp_loss":0,"event_name":"WeMeetAgain","floor":22,"gold_loss":0},{"cards_removed":["Defend_B"],"damage_healed":0,"gold_gain":0,"player_choice":"Elegance","damage_taken":0,"max_hp_gain":0,"max_hp_loss":0,"event_name":"Back to Basics","floor":25,"gold_loss":0},{"damage_healed":28,"gold_gain":0,"player_choice":"Heal","damage_taken":0,"max_hp_gain":0,"max_hp_loss":0,"event_name":"The Library","floor":27,"gold_loss":0},{"damage_healed":26,"gold_gain":0,"player_choice":"Writhe","damage_taken":0,"max_hp_gain":0,"max_hp_loss":0,"event_name":"Winding Halls","floor":36,"gold_loss":0,"cards_obtained":["Writhe"]}],"is_beta":false,"boss_relics":[{"not_picked":["Philosopher\u0027s Stone","Snecko Eye"],"picked":"Cursed Key"},{"not_picked":["Fusion Hammer","Velvet Choker"],"picked":"Calling Bell"}],"items_purged_floors":[14,39],"is_endless":false,"potions_floor_spawned":[2,6,8,16,20,29,30,37],"killed_by":"Nemesis","ascension_level":7}