{"gold_per_floor":[118,148,148,169,192,233,233,256,283,299,312,312,351,374,374,374],"floor_reached":16,"playtime":674,"items_purged":[],"score":118,"play_id":"fea7b292-f617-4dbb-8936-1f104f1dc387","local_time":"20181227212706","is_ascension_mode":true,"campfire_choices":[{"data":"Machine Learning","floor":7,"key":"SMITH"},{"floor":12,"key":"REST"},{"floor":15,"key":"REST"}],"neow_cost":"NONE","seed_source_timestamp":541902462433389,"circlet_count":0,"master_deck":["Strike_B","Strike_B","Strike_B","Strike_B","Defend_B","Defend_B","Defend_B","Defend_B","Zap","Dualcast","Electrodynamics","Undo","Beam Cell","Machine Learning+1","Go for the Eyes","Ball Lightning","Genetic Algorithm","Glacier"],"relics":["Cracked Core","Tiny Chest","Golden Idol","Vajra","PreservedInsect","Ancient Tea Set"],"potions_floor_usage":[6,13,14],"damage_taken":[{"damage":0,"enemies":"Small Slimes","floor":1,"turns":2},{"damage":7,"enemies":"2 Louse","floor":4,"turns":2},{"damage":24,"enemies":"Gremlin Nob","floor":6,"turns":4},{"damage":6,"enemies":"Jaw Worm","floor":8,"turns":3},{"damage":0,"enemies":"Large Slime","floor":10,"turns":4},{"damage":24,"enemies":"Lots of Slimes","floor":11,"turns":3},{"damage":8,"enemies":"Lagavulin","floor":13,"turns":4},{"damage":7,"enemies":"3 Louse","floor":14,"turns":3},{"damage":16,"enemies":"Hexaghost","floor":16,"turns":11}],"seed_played":"-13686546039062710","potions_obtained":[{"floor":1,"key":"Block Potion"},{"floor":8,"key":"Dexterity Potion"},{"floor":11,"key":"FocusPotion"},{"floor":13,"key":"Fruit Juice"},{"floor":14,"key":"Strength Potion"}],"is_trial":false,"path_per_floor":["M","?","?","M","T","E","R","M","T","M","M","R","E","M","R","B"],"character_chosen":"DEFECT","items_purchased":[],"campfire_rested":2,"item_purchase_floors":[],"current_hp_per_floor":[75,63,63,56,56,32,32,26,26,26,2,22,14,12,34,18],"gold":374,"neow_bonus":"ONE_RANDOM_RARE_CARD","is_prod":false,"is_daily":false,"chose_seed":false,"campfire_upgraded":1,"win_rate":1,"timestamp":1545938826,"path_taken":["M","?","?","M","?","E","R","M","T","M","M","R","E","M","R","BOSS"],"build_version":"2018-12-20","purchased_purges":0,"victory":false,"max_hp_per_floor":[75,75,69,69,69,69,69,69,69,69,69,69,69,74,74,74],"card_choices":[{"not_picked":["Reprogram","Cold Snap"],"picked":"Undo","floor":1},{"not_picked":["Compile Driver","Scrape"],"picked":"Beam Cell","floor":4},{"not_picked":["Darkness","Steam Power"],"picked":"Machine Learning","floor":6},{"not_picked":["Static Discharge","Stack"],"picked":"Go for the Eyes","floor":8},{"not_picked":["Gash","Redo","Lockon"],"picked":"SKIP","floor":10},{"not_picked":["Stack","Barrage"],"picked":"Ball Lightning","floor":11},{"not_picked":["Darkness","Thunder Strike"],"picked":"Genetic Algorithm","floor":13},{"not_picked":["Skim","Double Energy"],"picked":"Glacier","floor":14}],"player_experience":30174,"relics_obtained":[{"floor":5,"key":"Vajra"},{"floor":6,"key":"PreservedInsect"},{"floor":13,"key":"Ancient Tea Set"}],"event_choices":[{"damage_healed":0,"gold_gain":0,"player_choice":"Success","damage_taken":12,"relics_obtained":["Tiny Chest"],"max_hp_gain":0,"max_hp_loss":0,"event_name":"Scrap Ooze","floor":2,"gold_loss":0},{"damage_healed":0,"gold_gain":0,"player_choice":"Lose Max HP","damage_taken":0,"relics_obtained":["Golden Idol"],"max_hp_gain":0,"max_hp_loss":6,"event_name":"Golden Idol","floor":3,"gold_loss":0}],"is_beta":false,"boss_relics":[],"items_purged_floors":[],"is_endless":false,"potions_floor_spawned":[1,8,11,13,14],"killed_by":"Hexaghost","ascension_level":1}