{"gold_per_floor":[110,185,203,203,215,245,260,290,366,389,422,422,457,457,457,457],"floor_reached":16,"playtime":1845,"items_purged":[],"score":148,"play_id":"b7ec6362-e8f9-40a0-94d2-0d8de3a428dc","local_time":"20190131233301","is_ascension_mode":true,"campfire_choices":[{"floor":12,"key":"REST"},{"floor":15,"key":"REST"}],"neow_cost":"NONE","seed_source_timestamp":1681251712785858,"circlet_count":0,"master_deck":["Strike_R","Strike_R","Strike_R","Strike_R","Strike_R","Defend_R","Defend_R","Defend_R","Bash","Armaments","Iron Wave","Flame Barrier","Heavy Blade","Armaments","Battle Trance+1","Thunderclap","Flex+1"],"relics":["Burning Blood","Incense Burner","Tiny Chest","Toxic Egg 2","Odd Mushroom","Omamori","Frozen Egg 2","Lantern"],"potions_floor_usage":[6,11,13,16],"damage_taken":[{"damage":5,"enemies":"Small Slimes","floor":1,"turns":3},{"damage":11,"enemies":"2 Louse","floor":3,"turns":3},{"damage":1,"enemies":"Cultist","floor":5,"turns":3},{"damage":35,"enemies":"3 Sentries","floor":6,"turns":13},{"damage":4,"enemies":"Large Slime","floor":7,"turns":8},{"damage":24,"enemies":"The Mushroom Lair","floor":10,"turns":7},{"damage":6,"enemies":"Lagavulin","floor":11,"turns":12},{"damage":29,"enemies":"3 Sentries","floor":13,"turns":8},{"damage":59,"enemies":"The Guardian","floor":16,"turns":17}],"seed_played":"188285503510677424","potions_obtained":[{"floor":5,"key":"Strength Potion"},{"floor":6,"key":"FearPotion"},{"floor":7,"key":"SpeedPotion"},{"floor":11,"key":"Energy Potion"}],"is_trial":false,"path_per_floor":["M","?","M","?","M","E","M","?","T","?","E","R","E","T","R","B"],"character_chosen":"IRONCLAD","items_purchased":[],"campfire_rested":2,"item_purchase_floors":[],"current_hp_per_floor":[88,77,72,72,77,48,50,43,43,25,25,51,28,28,54,0],"gold":457,"neow_bonus":"TEN_PERCENT_HP_BONUS","is_prod":false,"is_daily":false,"chose_seed":false,"campfire_upgraded":0,"win_rate":0,"timestamp":1549006381,"path_taken":["M","?","M","?","?","E","M","?","T","?","E","R","E","?","R","BOSS"],"build_version":"2019-01-23","purchased_purges":0,"victory":false,"max_hp_per_floor":[88,88,88,88,88,88,88,88,88,88,88,88,88,88,88,88],"card_choices":[{"not_picked":["Warcry","Perfected Strike"],"picked":"Armaments","floor":1},{"not_picked":["Combust","Armaments"],"picked":"Iron Wave","floor":3},{"not_picked":["Twin Strike","Armaments"],"picked":"Flame Barrier","floor":5},{"not_picked":["Blood for Blood","Perfected Strike"],"picked":"Heavy Blade","floor":6},{"not_picked":["Uppercut","Clothesline"],"picked":"Armaments","floor":7},{"not_picked":["Cleave","Disarm+1"],"picked":"Battle Trance+1","floor":10},{"not_picked":["Limit Break+1","Headbutt"],"picked":"Thunderclap","floor":11},{"not_picked":["Hemokinesis","Immolate"],"picked":"Flex+1","floor":13}],"player_experience":245880,"relics_obtained":[{"floor":6,"key":"Incense Burner"},{"floor":9,"key":"Toxic Egg 2"},{"floor":10,"key":"Odd Mushroom"},{"floor":11,"key":"Omamori"},{"floor":13,"key":"Frozen Egg 2"},{"floor":14,"key":"Lantern"}],"event_choices":[{"damage_healed":0,"gold_gain":75,"player_choice":"Gather Gold","damage_taken":11,"max_hp_gain":0,"max_hp_loss":0,"event_name":"World of Goop","floor":2,"gold_loss":0},{"cards_removed":["Defend_R"],"damage_healed":0,"gold_gain":0,"player_choice":"Card Removal","damage_taken":0,"max_hp_gain":0,"max_hp_loss":0,"event_name":"Wheel of Change","floor":4,"gold_loss":0},{"damage_healed":0,"gold_gain":0,"player_choice":"Success","damage_taken":7,"relics_obtained":["Tiny Chest"],"max_hp_gain":0,"max_hp_loss":0,"event_name":"Scrap Ooze","floor":8,"gold_loss":0},{"damage_healed":0,"gold_gain":0,"player_choice":"Fought Mushrooms","damage_taken":0,"max_hp_gain":0,"max_hp_loss":0,"event_name":"Mushrooms","floor":10,"gold_loss":0}],"is_beta":false,"boss_relics":[],"items_purged_floors":[],"is_endless":false,"potions_floor_spawned":[5,6,7,11],"killed_by":"The Guardian","ascension_level":5}