{"gold_per_floor":[109,119,119,65,65,65,77,111,111,111,13,31,31,31,31,132,132,150,165,90,189,189,189,205,224,248,248,268,280,280,300,300,402,402,413,413,413,52,0,0,30,30,110,121,41,41,68,84,84,84],"floor_reached":50,"playtime":2686,"items_purged":["Defend_G","Writhe"],"score":648,"play_id":"1905ca44-50d1-4e2f-9524-5debe49b77fe","local_time":"20181210235321","is_ascension_mode":true,"campfire_choices":[{"data":"Cloak And Dagger","floor":6.0,"key":"SMITH"},{"floor":10.0,"key":"REST"},{"data":"Noxious Fumes","floor":13.0,"key":"SMITH"},{"data":"Terror","floor":15.0,"key":"SMITH"},{"floor":23.0,"key":"REST"},{"floor":27.0,"key":"REST"},{"floor":32.0,"key":"REST"},{"data":"Accuracy","floor":40.0,"key":"SMITH"},{"floor":42.0,"key":"REST"},{"floor":46.0,"key":"REST"},{"floor":49.0,"key":"REST"}],"neow_cost":"NONE","seed_source_timestamp":202170517863343,"circlet_count":0,"master_deck":["Defend_G","Defend_G","Defend_G","Defend_G","Strike_G","Strike_G","Survivor","Neutralize","Sucker Punch","Terror+1","Cloak And Dagger+1","Die Die Die","Choke","Flying Knee","Bullet Time","Cloak And Dagger","Noxious Fumes+1","Glass Knife","Leg Sweep+1","Deadly Poison","Blade Dance","Accuracy","Footwork","Expertise+1","Predator","Footwork","Blade Dance+1","Corpse Explosion","Footwork","Accuracy+1","Cloak And Dagger+1","Deflect+1","Accuracy","Blur+1","Deflect+1"],"special_seed":0,"relics":["Ring of the Snake","Prayer Wheel","Strawberry","Incense Burner","WristBlade","Art of War","Lizard Tail","Toxic Egg 2","Ornamental Fan","Red Mask","Centennial Puzzle","Molten Egg 2","War Paint"],"potions_floor_usage":[],"damage_taken":[{"damage":0.0,"enemies":"Jaw Worm","floor":1.0,"turns":6.0},{"damage":0.0,"enemies":"Small Slimes","floor":2.0,"turns":3.0},{"damage":0.0,"enemies":"Cultist","floor":7.0,"turns":2.0},{"damage":20.0,"enemies":"3 Sentries","floor":8.0,"turns":8.0},{"damage":1.0,"enemies":"3 Louse","floor":12.0,"turns":3.0},{"damage":28.0,"enemies":"Hexaghost","floor":16.0,"turns":6.0},{"damage":21.0,"enemies":"Shell Parasite","floor":18.0,"turns":4.0},{"damage":13.0,"enemies":"Spheric Guardian","floor":19.0,"turns":4.0},{"damage":20.0,"enemies":"Snecko","floor":24.0,"turns":5.0},{"damage":1.0,"enemies":"Centurion and Healer","floor":25.0,"turns":4.0},{"damage":12.0,"enemies":"Snake Plant","floor":28.0,"turns":6.0},{"damage":6.0,"enemies":"Chosen and Byrds","floor":29.0,"turns":4.0},{"damage":32.0,"enemies":"Sentry and Sphere","floor":31.0,"turns":7.0},{"damage":64.0,"enemies":"Automaton","floor":33.0,"turns":10.0},{"damage":8.0,"enemies":"Orb Walker","floor":35.0,"turns":3.0},{"damage":39.0,"enemies":"Giant Head","floor":41.0,"turns":7.0},{"damage":10.0,"enemies":"3 Darklings","floor":44.0,"turns":4.0},{"damage":24.0,"enemies":"Reptomancer","floor":47.0,"turns":6.0},{"damage":8.0,"enemies":"Spire Growth","floor":48.0,"turns":5.0},{"damage":117,"enemies":"Time Eater","floor":50,"turns":10}],"seed_played":"-6826835646264720432","potions_obtained":[{"floor":7.0,"key":"SkillPotion"},{"floor":8.0,"key":"LiquidBronze"},{"floor":12.0,"key":"SteroidPotion"},{"floor":19.0,"key":"Explosive Potion"},{"floor":28.0,"key":"Explosive Potion"},{"floor":31.0,"key":"PowerPotion"},{"floor":35.0,"key":"Swift Potion"},{"floor":41.0,"key":"Explosive Potion"}],"is_trial":false,"path_per_floor":["M","M","?","$","?","R","M","E","T","R","$","M","R","?","R","B",null,"M","M","$","?","?","R","M","M","T","R","M","M","?","M","R","B",null,"M","?","T","$","?","R","E","R","T","M","$","R","E","M","R","B"],"character_chosen":"THE_SILENT","items_purchased":["Cloak And Dagger","Cloak And Dagger","Accuracy","Ornamental Fan","Accuracy"],"campfire_rested":7,"item_purchase_floors":[4,11,20,38,45],"current_hp_per_floor":[77,77,65,65,65,65,65,52,52,77,77,76,76,68,68,40,73,52,39,39,39,39,64,44,43,43,68,56,50,78,46,71,7,65,57,78,78,78,78,78,39,64,64,54,54,79,55,47,72,0],"gold":84,"neow_bonus":"TEN_PERCENT_HP_BONUS","is_prod":false,"is_daily":false,"chose_seed":false,"campfire_upgraded":4,"win_rate":0,"timestamp":1544504001,"path_taken":["M","M","?","$","?","R","M","E","T","R","$","M","R","?","R","BOSS","M","M","$","?","?","R","M","M","T","R","M","M","?","M","R","BOSS","M","?","?","$","?","R","E","R","T","M","?","R","E","?","R","BOSS"],"build_version":"2018-12-06","purchased_purges":2,"victory":false,"max_hp_per_floor":[77,77,77,77,77,77,77,84,84,84,84,84,84,84,84,84,84,84,84,84,84,84,84,84,84,84,84,84,84,84,84,84,84,84,84,84,84,84,84,84,84,84,84,84,84,84,84,84,84,84],"card_choices":[{"not_picked":["Dagger Spray","Bane"],"picked":"Sucker Punch","floor":1.0},{"not_picked":["Catalyst","Underhanded Strike"],"picked":"Terror","floor":2.0},{"not_picked":["Bane","Deadly Poison"],"picked":"Choke","floor":7.0},{"not_picked":["Deadly Poison","Prepared"],"picked":"Flying Knee","floor":7.0},{"not_picked":["Sucker Punch","Bane"],"picked":"Bullet Time","floor":8.0},{"not_picked":["Blade Dance","Catalyst"],"picked":"Noxious Fumes","floor":12.0},{"not_picked":["Dodge and Roll","Flechettes","Backstab"],"picked":"SKIP","floor":12.0},{"not_picked":["Venomology","Die Die Die"],"picked":"Glass Knife","floor":16.0},{"not_picked":["Flying Knee","Skewer+1"],"picked":"Leg Sweep","floor":18.0},{"not_picked":["Dagger Throw","PiercingWail","Dodge and Roll"],"picked":"SKIP","floor":18.0},{"not_picked":["Acrobatics+1","Endless Agony+1"],"picked":"Deadly Poison","floor":19.0},{"not_picked":["Deflect","Dodge and Roll+1"],"picked":"Blade Dance","floor":19.0},{"not_picked":["PiercingWail+1","Venomology"],"picked":"Predator","floor":24.0},{"not_picked":["Deadly Poison","Sucker Punch","Underhanded Strike+1"],"picked":"SKIP","floor":24.0},{"not_picked":["Slice+1","Skewer"],"picked":"Footwork","floor":25.0},{"not_picked":["Prepared+1","Dagger Throw"],"picked":"Blade Dance+1","floor":25.0},{"not_picked":["Flechettes","Caltrops","Leg Sweep"],"picked":"SKIP","floor":28.0},{"not_picked":["Dodge and Roll","Quick Slash","Caltrops"],"picked":"SKIP","floor":28.0},{"not_picked":["Dagger Spray","Unload","Dagger Throw"],"picked":"SKIP","floor":29.0},{"not_picked":["Quick Slash","Flechettes","Flying Knee"],"picked":"SKIP","floor":29.0},{"not_picked":["Dodge and Roll","Expertise","Skewer+1"],"picked":"SKIP","floor":31.0},{"not_picked":["Flying Knee","Predator","Well Laid Plans"],"picked":"SKIP","floor":31.0},{"not_picked":["Night Terror","Unload"],"picked":"Corpse Explosion","floor":33.0},{"not_picked":["Sucker Punch+1","Slice+1"],"picked":"Footwork","floor":35.0},{"not_picked":["Tactician+1","Dagger Throw+1"],"picked":"Accuracy","floor":35.0},{"not_picked":["Caltrops","Bane","Dagger Throw+1"],"picked":"SKIP","floor":41.0},{"not_picked":["Flechettes+1","Bane+1"],"picked":"Cloak And Dagger+1","floor":44.0},{"not_picked":["Setup+1","Dodge and Roll+1"],"picked":"Deflect+1","floor":44.0},{"not_picked":["Blade Dance+1","Infinite Blades+1","Escape Plan+1"],"picked":"SKIP","floor":47.0},{"not_picked":["Tools of the Trade","Blade Dance+1"],"picked":"Blur+1","floor":48.0},{"not_picked":["Blade Dance+1","Sucker Punch+1"],"picked":"Deflect+1","floor":48.0}],"player_experience":251575,"relics_obtained":[{"floor":8.0,"key":"Strawberry"},{"floor":9.0,"key":"Incense Burner"},{"floor":26.0,"key":"Art of War"},{"floor":37.0,"key":"Toxic Egg 2"},{"floor":41.0,"key":"Centennial Puzzle"},{"floor":43.0,"key":"Molten Egg 2"},{"floor":47.0,"key":"War Paint"}],"event_choices":[{"damage_healed":0.0,"max_hp_gain":0.0,"max_hp_loss":0.0,"gold_gain":0.0,"event_name":"Scrap Ooze","player_choice":"Success","floor":3.0,"gold_loss":0.0,"damage_taken":12.0,"relics_obtained":["Prayer Wheel"]},{"damage_healed":0.0,"max_hp_gain":0.0,"max_hp_loss":0.0,"gold_gain":0.0,"cards_transformed":["Strike_G"],"event_name":"Living Wall","player_choice":"Change","floor":5.0,"gold_loss":0.0,"damage_taken":0.0,"cards_obtained":["Die Die Die"]},{"damage_healed":0.0,"max_hp_gain":0.0,"max_hp_loss":0.0,"gold_gain":0.0,"event_name":"Wheel of Change","player_choice":"Damaged","floor":14.0,"gold_loss":0.0,"damage_taken":8.0},{"damage_healed":0.0,"max_hp_gain":0.0,"max_hp_loss":0.0,"gold_gain":99.0,"event_name":"Nest","player_choice":"Stole From Cult","floor":21.0,"gold_loss":0.0,"damage_taken":0.0},{"damage_healed":0.0,"max_hp_gain":0.0,"max_hp_loss":0.0,"gold_gain":0.0,"cards_transformed":["Strike_G","Strike_G"],"event_name":"Drug Dealer","player_choice":"Became Test Subject","floor":22.0,"gold_loss":0.0,"damage_taken":0.0,"cards_obtained":["Footwork","Expertise"]},{"damage_healed":28.0,"max_hp_gain":0.0,"max_hp_loss":0.0,"gold_gain":0.0,"event_name":"The Library","player_choice":"Heal","floor":30.0,"gold_loss":0.0,"damage_taken":0.0},{"damage_healed":21.0,"max_hp_gain":0.0,"max_hp_loss":0.0,"gold_gain":0.0,"event_name":"Winding Halls","player_choice":"Writhe","floor":36.0,"gold_loss":0.0,"damage_taken":0.0,"cards_obtained":["Writhe"]},{"damage_healed":0.0,"max_hp_gain":0.0,"max_hp_loss":0.0,"gold_gain":0.0,"event_name":"Tomb of Lord Red Mask","player_choice":"Paid","floor":39.0,"gold_loss":52.0,"damage_taken":0.0,"relics_obtained":["Red Mask"]}],"is_beta":false,"boss_relics":[{"not_picked":["Velvet Choker","Runic Dome"],"picked":"WristBlade"},{"not_picked":["Coffee Dripper","Black Star"],"picked":"Lizard Tail"}],"items_purged_floors":[11,38],"is_endless":false,"potions_floor_spawned":[7,8,12,19,28,31,35,41],"killed_by":"Time Eater","ascension_level":5}