{"gold_per_floor":[362,362,376,155,172,172,237,269,269,280,297,297,7,7,7,105,105,105,105,105,105,105,105,105,26,26,26,26,26,26,26,26,26],"floor_reached":33,"playtime":2467,"items_purged":["Defend_B"],"score":377,"play_id":"347646a2-90cf-4b91-a3bf-03cca4367302","local_time":"20190215011714","is_ascension_mode":true,"campfire_choices":[{"floor":6,"key":"REST"},{"floor":12,"key":"REST"},{"floor":15,"key":"REST"},{"floor":23,"key":"REST"},{"floor":28,"key":"REST"},{"floor":32,"key":"REST"}],"neow_cost":"TEN_PERCENT_HP_LOSS","seed_source_timestamp":87658296369578,"circlet_count":0,"master_deck":["Strike_B","Strike_B","Strike_B","Strike_B+1","Defend_B","Defend_B","Defend_B","Zap","Dualcast+1","Compile Driver","Conserve Battery","Sweeping Beam+1","Leap","Cold Snap","Self Repair","BootSequence","Reboot+1","Beam Cell+1","FTL+1","Gash","Conserve Battery","Ball Lightning","Defragment","Loop+1","Gash+1"],"relics":["Cracked Core","NlothsMask","Regal Pillow","Whetstone","Pen Nib","Letter Opener","Dodecahedron","Ectoplasm","War Paint","Juzu Bracelet"],"potions_floor_usage":[11,16,16,20,30,33],"damage_taken":[{"damage":9,"enemies":"2 Louse","floor":1,"turns":2},{"damage":1,"enemies":"Cultist","floor":3,"turns":3},{"damage":7,"enemies":"Jaw Worm","floor":5,"turns":3},{"damage":31,"enemies":"3 Sentries","floor":7,"turns":8},{"damage":17,"enemies":"Lagavulin","floor":8,"turns":7},{"damage":4,"enemies":"Blue Slaver","floor":10,"turns":4},{"damage":9,"enemies":"Gremlin Gang","floor":11,"turns":3},{"damage":31,"enemies":"Hexaghost","floor":16,"turns":11},{"damage":5,"enemies":"3 Byrds","floor":18,"turns":5},{"damage":0,"enemies":"Chosen","floor":19,"turns":4},{"damage":12,"enemies":"Centurion and Healer","floor":20,"turns":6},{"damage":16,"enemies":"Chosen and Byrds","floor":22,"turns":5},{"damage":48,"enemies":"Book of Stabbing","floor":24,"turns":6},{"damage":20,"enemies":"Snecko","floor":27,"turns":4},{"damage":17,"enemies":"Snake Plant","floor":30,"turns":4},{"damage":7,"enemies":"Chosen and Byrds","floor":31,"turns":4},{"damage":70,"enemies":"Champ","floor":33,"turns":8}],"seed_played":"1323066328574285401","potions_obtained":[{"floor":1,"key":"Poison Potion"},{"floor":7,"key":"Energy Potion"},{"floor":10,"key":"Poison Potion"},{"floor":18,"key":"SkillPotion"},{"floor":24,"key":"Fire Potion"},{"floor":27,"key":"Explosive Potion"}],"is_trial":false,"path_per_floor":["M","?","M","$","M","R","?","E","T","M","M","R","$","?","R","B",null,"M","M","M","?","M","R","E","$","T","M","R","?","M","M","R","B"],"character_chosen":"DEFECT","items_purchased":["Regal Pillow","Letter Opener","Block Potion","Defragment"],"campfire_rested":6,"item_purchase_floors":[4,13,13,25],"current_hp_per_floor":[59,59,58,58,51,68,37,20,20,16,14,49,49,49,68,44,62,57,64,59,41,32,67,26,26,26,6,41,41,31,31,66,0],"gold":26,"neow_bonus":"TWO_FIFTY_GOLD","is_prod":false,"is_daily":false,"chose_seed":false,"campfire_upgraded":0,"win_rate":0,"timestamp":1550222234,"path_taken":["M","?","?","$","M","R","?","E","T","M","M","R","$","?","R","BOSS","M","?","?","?","?","R","E","$","T","M","R","?","M","M","R","BOSS"],"build_version":"2019-01-23","purchased_purges":1,"victory":false,"max_hp_per_floor":[68,68,68,68,68,68,68,68,68,68,68,68,68,68,68,68,68,68,68,68,68,68,68,68,68,68,68,68,68,68,68,68,68],"card_choices":[{"not_picked":["Go for the Eyes","Rebound"],"picked":"Compile Driver","floor":1},{"not_picked":["Chaos","Recycle"],"picked":"Conserve Battery","floor":3},{"not_picked":["Gash","Redo"],"picked":"Sweeping Beam","floor":5},{"not_picked":["Fission","Stack"],"picked":"Leap","floor":7},{"not_picked":["Chill","Recycle"],"picked":"Cold Snap","floor":8},{"not_picked":["Barrage","Glacier"],"picked":"Self Repair","floor":10},{"not_picked":["Darkness","Redo"],"picked":"BootSequence","floor":11},{"not_picked":["Thunder Strike","Fission"],"picked":"Reboot","floor":16},{"not_picked":["Hologram+1","Rebound+1"],"picked":"Beam Cell+1","floor":18},{"not_picked":["Rebound","Cold Snap"],"picked":"FTL+1","floor":19},{"not_picked":["Consume","Tempest"],"picked":"Gash","floor":20},{"not_picked":["Barrage","Compile Driver"],"picked":"Conserve Battery","floor":22},{"not_picked":["Gash","Barrage"],"picked":"Ball Lightning","floor":24},{"not_picked":["Hologram","Leap"],"picked":"Loop+1","floor":27},{"not_picked":["Heatsinks","Beam Cell","Turbo"],"picked":"SKIP","floor":30},{"not_picked":["Hello World+1","Amplify"],"picked":"Gash+1","floor":31}],"player_experience":402549,"relics_obtained":[{"floor":7,"key":"Whetstone"},{"floor":8,"key":"Pen Nib"},{"floor":24,"key":"War Paint"},{"floor":26,"key":"Juzu Bracelet"}],"event_choices":[{"damage_healed":0,"gold_gain":0,"player_choice":"Trade","damage_taken":0,"relics_obtained":["NlothsMask"],"max_hp_gain":0,"max_hp_loss":0,"event_name":"FaceTrader","floor":2,"gold_loss":0},{"damage_healed":0,"gold_gain":0,"player_choice":"Searched \u00271\u0027 times","damage_taken":0,"max_hp_gain":0,"max_hp_loss":0,"event_name":"Dead Adventurer","floor":7,"gold_loss":0},{"damage_healed":0,"gold_gain":0,"player_choice":"Gave Potion","damage_taken":0,"relics_obtained":["Dodecahedron"],"max_hp_gain":0,"max_hp_loss":0,"event_name":"WeMeetAgain","floor":14,"gold_loss":0},{"damage_healed":0,"gold_gain":180,"player_choice":"GOLD GOLD ","damage_taken":18,"max_hp_gain":0,"max_hp_loss":0,"event_name":"Knowing Skull","floor":21,"potions_obtained":[],"gold_loss":0,"cards_obtained":[]},{"damage_healed":0,"gold_gain":0,"player_choice":"Ignored","damage_taken":0,"max_hp_gain":0,"max_hp_loss":0,"event_name":"Beggar","floor":29,"gold_loss":0}],"is_beta":false,"boss_relics":[{"not_picked":["Orrery","Fusion Hammer"],"picked":"Ectoplasm"}],"items_purged_floors":[4],"is_endless":false,"potions_floor_spawned":[1,7,10,18,24,27],"killed_by":"Champ","ascension_level":8}