{"gold_per_floor":[109,125,125,125,125,125,153,73,151,30,40,58,58,92,92,169,169,186,286,18,32,32,32,64,82,82,98,98,110,110,124,124,201,201,221,234,253,253,37,37,53,86,112,112,112,112,126,46,46,46],"floor_reached":51,"playtime":4983,"items_purged":["Strike_G","Defend_G"],"score":1397,"play_id":"477fef17-8924-4489-b722-cabef9c6d431","local_time":"20190226181029","is_ascension_mode":true,"campfire_choices":[{"data":"Doppelganger","floor":6,"key":"SMITH"},{"data":"Malaise","floor":13,"key":"SMITH"},{"data":"Poisoned Stab","floor":15,"key":"SMITH"},{"data":"Footwork","floor":23,"key":"SMITH"},{"data":"Noxious Fumes","floor":28,"key":"SMITH"},{"data":"Bouncing Flask","floor":30,"key":"SMITH"},{"data":"Crippling Poison","floor":32,"key":"SMITH"},{"floor":40,"key":"REST"},{"floor":44,"key":"REST"},{"floor":46,"key":"REST"},{"floor":49,"key":"RECALL"}],"neow_cost":"NONE","seed_source_timestamp":1206343135630906,"circlet_count":0,"master_deck":["AscendersBane","Defend_G","Defend_G+1","Defend_G","Defend_G","Strike_G","Strike_G","Survivor","Neutralize","Cloak And Dagger","Doppelganger+1","Malaise+1","Footwork+1","Leg Sweep","Well Laid Plans","Poisoned Stab+1","Calculated Gamble+1","Storm of Steel","Bouncing Flask+1","Dodge and Roll","Noxious Fumes+1","Cloak And Dagger","Acrobatics","Calculated Gamble+1","Crippling Poison+1","After Image","Backflip","Backstab","Backflip","Noxious Fumes","Footwork"],"relics":["Ring of the Snake","NeowsBlessing","Mercury Hourglass","Thread and Needle","Bottled Lightning","Oddly Smooth Stone","Philosopher\u0027s Stone","StoneCalendar","Mummified Hand","Chemical X","The Courier","Lantern","Fusion Hammer","War Paint","Question Card","Anchor"],"potions_floor_usage":[19,19,21,35,50],"damage_taken":[{"damage":0,"enemies":"Cultist","floor":1,"turns":1},{"damage":0,"enemies":"Jaw Worm","floor":2,"turns":1},{"damage":0,"enemies":"Gremlin Nob","floor":7,"turns":1},{"damage":0,"enemies":"2 Louse","floor":11,"turns":3},{"damage":0,"enemies":"Blue Slaver","floor":12,"turns":5},{"damage":0,"enemies":"Lagavulin","floor":14,"turns":9},{"damage":14,"enemies":"The Guardian","floor":16,"turns":14},{"damage":2,"enemies":"Spheric Guardian","floor":18,"turns":7},{"damage":17,"enemies":"Colosseum Slavers","floor":19,"turns":6},{"damage":58,"enemies":"Colosseum Nobs","floor":19,"turns":8},{"damage":0,"enemies":"Shell Parasite","floor":21,"turns":5},{"damage":21,"enemies":"Gremlin Leader","floor":24,"turns":7},{"damage":0,"enemies":"Snake Plant","floor":25,"turns":4},{"damage":1,"enemies":"Chosen and Byrds","floor":27,"turns":7},{"damage":4,"enemies":"Centurion and Healer","floor":29,"turns":5},{"damage":0,"enemies":"Sentry and Sphere","floor":31,"turns":3},{"damage":0,"enemies":"Automaton","floor":33,"turns":9},{"damage":29,"enemies":"3 Shapes","floor":35,"turns":5},{"damage":0,"enemies":"Orb Walker","floor":36,"turns":4},{"damage":1,"enemies":"Spire Growth","floor":37,"turns":6},{"damage":0,"enemies":"Maw","floor":41,"turns":7},{"damage":19,"enemies":"Reptomancer","floor":42,"turns":7},{"damage":0,"enemies":"4 Shapes","floor":47,"turns":4},{"damage":13,"enemies":"Donu and Deca","floor":50,"turns":10}],"seed_played":"2688189108264211588","potions_obtained":[{"floor":1,"key":"Regen Potion"},{"floor":11,"key":"Weak Potion"},{"floor":16,"key":"GhostInAJar"},{"floor":25,"key":"SmokeBomb"},{"floor":27,"key":"Fire Potion"},{"floor":31,"key":"GhostInAJar"},{"floor":37,"key":"Fire Potion"}],"is_trial":false,"path_per_floor":["M","M","?","T","?","R","E","$","T","$","M","M","R","E","R","B",null,"M","?","$","M","?","R","E","M","T","M","R","M","R","M","R","B",null,"M","M","M","?","$","R","M","E","T","R","?","R","M","$","R","B",null],"character_chosen":"THE_SILENT","items_purchased":["Footwork","Leg Sweep","Well Laid Plans","Chemical X","Block Potion","Noxious Fumes","War Paint"],"campfire_rested":3,"item_purchase_floors":[8,10,10,20,20,39,39],"current_hp_per_floor":[59,59,64,64,64,64,64,64,64,64,64,64,64,64,64,50,66,64,4,4,4,71,71,50,50,50,49,49,45,45,45,45,45,65,36,36,35,35,35,56,56,37,37,58,58,71,71,71,71,58],"gold":46,"neow_bonus":"THREE_ENEMY_KILL","is_prod":false,"is_daily":false,"chose_seed":false,"campfire_upgraded":7,"win_rate":0,"timestamp":1551233429,"path_taken":["M","?","?","?","?","R","E","?","T","$","?","M","R","E","R","BOSS","M","?","$","M","?","R","E","M","T","?","R","M","R","M","R","BOSS","M","M","M","?","$","R","M","E","T","R","?","R","M","$","R","BOSS"],"build_version":"2019-01-23","purchased_purges":2,"victory":true,"max_hp_per_floor":[66,66,71,71,71,71,71,71,71,71,71,71,71,71,71,71,71,71,71,71,71,71,71,71,71,71,71,71,71,71,71,71,71,71,71,71,71,71,71,71,71,71,71,71,71,71,71,71,71,71],"card_choices":[{"not_picked":["Heel Hook","PiercingWail"],"picked":"Cloak And Dagger","floor":1},{"not_picked":["Sucker Punch","Expertise","Underhanded Strike"],"picked":"SKIP","floor":2},{"not_picked":["Eviscerate","Underhanded Strike"],"picked":"Malaise","floor":7},{"not_picked":["Endless Agony","Prepared","Flying Knee"],"picked":"SKIP","floor":11},{"not_picked":["Eviscerate","Tactician"],"picked":"Poisoned Stab","floor":12},{"not_picked":["Masterful Stab","Concentrate"],"picked":"Calculated Gamble","floor":14},{"not_picked":["Malaise","Die Die Die"],"picked":"Storm of Steel","floor":16},{"not_picked":["Riddle With Holes","Predator"],"picked":"Bouncing Flask","floor":18},{"not_picked":["Underhanded Strike","Blade Dance"],"picked":"Dodge and Roll","floor":19},{"not_picked":["Caltrops","Dagger Throw"],"picked":"Noxious Fumes","floor":21},{"not_picked":["Quick Slash","Slice+1","Flying Knee"],"picked":"SKIP","floor":24},{"not_picked":["Choke+1","Dagger Spray"],"picked":"Cloak And Dagger","floor":25},{"not_picked":["Dagger Throw","Sucker Punch"],"picked":"Acrobatics","floor":27},{"not_picked":["Eviscerate","Masterful Stab"],"picked":"Calculated Gamble+1","floor":29},{"not_picked":["Poisoned Stab","Heel Hook"],"picked":"Crippling Poison","floor":31},{"not_picked":["Glass Knife","Envenom"],"picked":"After Image","floor":33},{"not_picked":["Crippling Poison+1","Prepared"],"picked":"Backflip","floor":35},{"not_picked":["Prepared","Setup"],"picked":"Backstab","floor":36},{"not_picked":["Acrobatics","Sucker Punch+1"],"picked":"Backflip","floor":37},{"not_picked":["Dagger Throw","Masterful Stab","Outmaneuver+1"],"picked":"SKIP","floor":41},{"not_picked":["Calculated Gamble","Flechettes","Terror"],"picked":"SKIP","floor":42},{"not_picked":["Dodge and Roll+1","Bane+1","Underhanded Strike+1"],"picked":"Footwork","floor":47}],"player_experience":259982,"relics_obtained":[{"floor":4,"key":"Mercury Hourglass"},{"floor":7,"key":"Thread and Needle"},{"floor":9,"key":"Bottled Lightning"},{"floor":14,"key":"Oddly Smooth Stone"},{"floor":19,"key":"StoneCalendar"},{"floor":19,"key":"Mummified Hand"},{"floor":24,"key":"The Courier"},{"floor":26,"key":"Lantern"},{"floor":42,"key":"Question Card"},{"floor":43,"key":"Anchor"}],"event_choices":[{"damage_healed":0,"gold_gain":0,"player_choice":"Donut","damage_taken":0,"max_hp_gain":5,"max_hp_loss":0,"event_name":"Big Fish","floor":3,"gold_loss":0},{"damage_healed":0,"gold_gain":0,"cards_transformed":["Strike_G"],"player_choice":"Change","damage_taken":0,"max_hp_gain":0,"max_hp_loss":0,"event_name":"Living Wall","floor":5,"gold_loss":0,"cards_obtained":["Doppelganger"]},{"damage_healed":0,"gold_gain":0,"player_choice":"Fight","damage_taken":0,"max_hp_gain":0,"max_hp_loss":0,"event_name":"Colosseum","floor":19,"gold_loss":0},{"damage_healed":0,"gold_gain":0,"player_choice":"Fought Nobs","damage_taken":0,"max_hp_gain":0,"max_hp_loss":0,"event_name":"Colosseum","floor":19,"gold_loss":0},{"damage_healed":67,"gold_gain":0,"player_choice":"Full Heal","damage_taken":0,"max_hp_gain":0,"max_hp_loss":0,"event_name":"Wheel of Change","floor":22,"gold_loss":0},{"damage_healed":0,"gold_gain":0,"player_choice":"Ignored","damage_taken":0,"max_hp_gain":0,"max_hp_loss":0,"event_name":"The Moai Head","floor":38,"gold_loss":0},{"cards_removed":["Strike_G"],"damage_healed":0,"gold_gain":0,"player_choice":"Purged","damage_taken":0,"max_hp_gain":0,"max_hp_loss":0,"event_name":"Purifier","floor":45,"gold_loss":0}],"is_beta":false,"boss_relics":[{"not_picked":["Velvet Choker","Calling Bell"],"picked":"Philosopher\u0027s Stone"},{"not_picked":["Runic Dome","Tiny House"],"picked":"Fusion Hammer"}],"items_purged_floors":[39,48],"is_endless":false,"potions_floor_spawned":[1,11,12,14,16,18,25,27,31,33,37],"ascension_level":17}