{"gold_per_floor":[209,209,225,225,0,43,118,118,187,206,225,225,225],"floor_reached":13,"playtime":596,"items_purged":["Defend_B"],"score":120,"play_id":"8ce9e2ad-5885-4835-848d-19f6fbe6ff4d","local_time":"20190220020021","is_ascension_mode":true,"campfire_choices":[{"floor":8,"key":"REST"}],"neow_cost":"NONE","seed_source_timestamp":372538882517134,"circlet_count":0,"master_deck":["Strike_B","Strike_B","Strike_B","Strike_B","Defend_B","Defend_B","Defend_B","Zap","Dualcast","Capacitor","Conserve Battery","Leap","Conserve Battery","Decay"],"relics":["Cracked Core","Golden Idol","Regal Pillow","Question Card","Singing Bowl"],"potions_floor_usage":[6,11,13],"damage_taken":[{"damage":3,"enemies":"2 Louse","floor":1,"turns":3},{"damage":1,"enemies":"Cultist","floor":3,"turns":3},{"damage":39,"enemies":"Lagavulin","floor":6,"turns":8},{"damage":2,"enemies":"Jaw Worm","floor":10,"turns":5},{"damage":6,"enemies":"3 Louse","floor":11,"turns":3},{"damage":108,"enemies":"Gremlin Nob","floor":13,"turns":6}],"seed_played":"667805852689340932","potions_obtained":[{"floor":2,"key":"Regen Potion"},{"floor":2,"key":"SpeedPotion"},{"floor":2,"key":"FairyPotion"},{"floor":3,"key":"LiquidBronze"},{"floor":6,"key":"Dexterity Potion"}],"is_trial":false,"path_per_floor":["M","?","M","?","$","E","?","R","T","M","M","?","E"],"character_chosen":"DEFECT","items_purchased":["Regal Pillow"],"campfire_rested":1,"item_purchase_floors":[5],"current_hp_per_floor":[65,65,64,46,46,22,11,48,48,46,42,42,0],"gold":225,"neow_bonus":"HUNDRED_GOLD","is_prod":false,"is_daily":false,"chose_seed":false,"campfire_upgraded":0,"win_rate":0,"timestamp":1550656821,"path_taken":["M","?","?","?","$","E","?","R","T","M","M","?","E"],"build_version":"2019-01-23","purchased_purges":1,"victory":false,"max_hp_per_floor":[75,75,75,75,75,75,75,75,75,75,77,77,77],"card_choices":[{"not_picked":["Beam Cell","Consume"],"picked":"Capacitor","floor":1},{"not_picked":["Sweeping Beam","Beam Cell"],"picked":"Conserve Battery","floor":3},{"not_picked":["Gash","Go for the Eyes"],"picked":"Leap","floor":6},{"not_picked":["Capacitor","Creative AI","Barrage"],"picked":"Conserve Battery","floor":10},{"not_picked":["Capacitor","Redo","Sweeping Beam","Compile Driver"],"picked":"Singing Bowl","floor":11}],"player_experience":452970,"relics_obtained":[{"floor":6,"key":"Question Card"},{"floor":9,"key":"Singing Bowl"}],"event_choices":[{"damage_healed":0,"gold_gain":0,"player_choice":"Got Potions","damage_taken":0,"max_hp_gain":0,"max_hp_loss":0,"event_name":"Lab","floor":2,"gold_loss":0},{"damage_healed":0,"gold_gain":0,"player_choice":"Take Damage","damage_taken":18,"relics_obtained":["Golden Idol"],"max_hp_gain":0,"max_hp_loss":0,"event_name":"Golden Idol","floor":4,"gold_loss":0},{"damage_healed":0,"gold_gain":75,"player_choice":"Gather Gold","damage_taken":11,"max_hp_gain":0,"max_hp_loss":0,"event_name":"World of Goop","floor":7,"gold_loss":0},{"damage_healed":0,"gold_gain":0,"player_choice":"Cursed","damage_taken":0,"max_hp_gain":0,"max_hp_loss":0,"event_name":"Wheel of Change","floor":12,"gold_loss":0,"cards_obtained":["Decay"]}],"is_beta":false,"boss_relics":[],"items_purged_floors":[5],"is_endless":false,"potions_floor_spawned":[3,6],"killed_by":"Gremlin Nob","ascension_level":9}