{"gold_per_floor":[359,377,133,133,133,168,168,68,91,114,138,151,192,22,22,118,118,139,162,162,177,192,192,1,1,1,36,36,52,52,65,65,65],"floor_reached":33,"playtime":1334,"items_purged":["Strike_R","Defend_R","Strike_R"],"score":471,"play_id":"1cdce001-ea78-47d1-a0da-735052fb1a39","local_time":"20190225213656","is_ascension_mode":true,"campfire_choices":[{"floor":7,"key":"REST"},{"floor":15,"key":"REST"},{"data":"Armaments","floor":23,"key":"SMITH"},{"data":"Whirlwind","floor":25,"key":"SMITH"},{"data":"Inflame","floor":32,"key":"SMITH"}],"neow_cost":"TEN_PERCENT_HP_LOSS","seed_source_timestamp":7689672614153,"circlet_count":0,"master_deck":["AscendersBane","Strike_R","Strike_R","Strike_R","Defend_R","Defend_R","Defend_R+1","Bash+1","Rage","Clothesline","Shrug It Off","Pommel Strike","True Grit","Battle Trance","Inflame+1","Seeing Red+1","Armaments+1","Impervious","Iron Wave","Whirlwind+1"],"relics":["Burning Blood","Tiny Chest","Golden Idol","PreservedInsect","Boot","StoneCalendar","Coffee Dripper","Chemical X","Mercury Hourglass","Question Card"],"potions_floor_usage":[6,16,16,21,21,21,31,33],"damage_taken":[{"damage":12,"enemies":"Small Slimes","floor":1,"turns":3},{"damage":2,"enemies":"2 Louse","floor":2,"turns":2},{"damage":30,"enemies":"Gremlin Nob","floor":6,"turns":5},{"damage":6,"enemies":"Jaw Worm","floor":10,"turns":2},{"damage":5,"enemies":"3 Louse","floor":11,"turns":4},{"damage":23,"enemies":"Lots of Slimes","floor":12,"turns":5},{"damage":26,"enemies":"Lagavulin","floor":13,"turns":4},{"damage":21,"enemies":"The Guardian","floor":16,"turns":16},{"damage":3,"enemies":"Shell Parasite","floor":18,"turns":7},{"damage":20,"enemies":"Spheric Guardian","floor":19,"turns":7},{"damage":18,"enemies":"Cultist and Chosen","floor":21,"turns":7},{"damage":20,"enemies":"Chosen and Byrds","floor":22,"turns":7},{"damage":21,"enemies":"Gremlin Leader","floor":27,"turns":4},{"damage":5,"enemies":"Snecko","floor":29,"turns":4},{"damage":4,"enemies":"Centurion and Healer","floor":31,"turns":3},{"damage":26,"enemies":"Collector","floor":33,"turns":5}],"seed_played":"-5416823732874255975","potions_obtained":[{"floor":1,"key":"LiquidBronze"},{"floor":2,"key":"Poison Potion"},{"floor":12,"key":"EssenceOfSteel"},{"floor":16,"key":"SpeedPotion"},{"floor":19,"key":"SteroidPotion"},{"floor":20,"key":"Explosive Potion"},{"floor":20,"key":"EntropicBrew"},{"floor":29,"key":"Regen Potion"}],"is_trial":false,"path_per_floor":["M","M","$","?","?","E","R","$","T","M","M","M","E","$","R","B",null,"M","M","?","M","M","R","$","R","T","E","?","M","?","M","R","B"],"character_chosen":"IRONCLAD","items_purchased":["Tiny Chest","Shrug It Off","Armaments","Chemical X"],"campfire_rested":2,"item_purchase_floors":[3,3,14,24],"current_hp_per_floor":[62,66,66,52,52,28,46,46,46,46,47,30,10,10,28,13,51,54,40,40,43,29,29,29,29,29,14,14,15,15,26,26,0],"gold":65,"neow_bonus":"TWO_FIFTY_GOLD","is_prod":false,"is_daily":false,"chose_seed":false,"campfire_upgraded":3,"win_rate":0,"timestamp":1551123416,"path_taken":["M","M","$","?","?","E","R","?","T","M","M","M","E","$","R","BOSS","M","M","?","?","M","R","?","R","T","E","?","?","?","M","R","BOSS"],"build_version":"2019-01-23","purchased_purges":3,"victory":false,"max_hp_per_floor":[68,68,68,68,63,63,63,63,63,63,63,63,63,63,63,63,63,63,63,63,63,63,63,63,63,63,63,63,63,63,63,63,63],"card_choices":[{"not_picked":["Reckless Charge","Sentinel"],"picked":"Rage","floor":1},{"not_picked":["Hemokinesis","Iron Wave"],"picked":"Clothesline","floor":2},{"not_picked":["Anger","Warcry"],"picked":"Pommel Strike","floor":6},{"not_picked":["Burning Pact","Iron Wave"],"picked":"True Grit","floor":10},{"not_picked":["Perfected Strike","Sword Boomerang"],"picked":"Battle Trance","floor":11},{"not_picked":["Heavy Blade","Berserk"],"picked":"Inflame","floor":12},{"not_picked":["Sentinel","Combust"],"picked":"Seeing Red","floor":13},{"not_picked":["Fiend Fire","Bludgeon"],"picked":"Impervious","floor":16},{"not_picked":["Sentinel","Sword Boomerang"],"picked":"Iron Wave","floor":18},{"not_picked":["Warcry","True Grit"],"picked":"Whirlwind","floor":19},{"not_picked":["Berserk","Infernal Blade","Whirlwind"],"picked":"SKIP","floor":21},{"not_picked":["Heavy Blade","Cleave","Hemokinesis"],"picked":"SKIP","floor":22},{"not_picked":["Burning Pact","Seeing Red","Pommel Strike+1"],"picked":"SKIP","floor":27},{"not_picked":["Carnage","Second Wind","Anger","Burning Pact"],"picked":"SKIP","floor":29},{"not_picked":["Havoc","Headbutt","Perfected Strike","Pommel Strike"],"picked":"SKIP","floor":31}],"player_experience":224905,"relics_obtained":[{"floor":6,"key":"PreservedInsect"},{"floor":9,"key":"Boot"},{"floor":13,"key":"StoneCalendar"},{"floor":26,"key":"Mercury Hourglass"},{"floor":27,"key":"Question Card"}],"event_choices":[{"damage_healed":0,"gold_gain":0,"player_choice":"Entered Light","damage_taken":14,"max_hp_gain":0,"max_hp_loss":0,"event_name":"Shining Light","floor":4,"gold_loss":0,"cards_upgraded":["Bash","Defend_R"]},{"damage_healed":0,"gold_gain":0,"player_choice":"Lose Max HP","damage_taken":0,"relics_obtained":["Golden Idol"],"max_hp_gain":0,"max_hp_loss":5,"event_name":"Golden Idol","floor":5,"gold_loss":0},{"damage_healed":0,"gold_gain":0,"player_choice":"Got Potions","damage_taken":0,"max_hp_gain":0,"max_hp_loss":0,"event_name":"Lab","floor":20,"gold_loss":0},{"damage_healed":0,"gold_gain":0,"player_choice":"Upgraded","damage_taken":0,"max_hp_gain":0,"max_hp_loss":0,"event_name":"Upgrade Shrine","floor":28,"gold_loss":0,"cards_upgraded":["Seeing Red"]},{"damage_healed":0,"gold_gain":0,"player_choice":"Ignored","damage_taken":0,"max_hp_gain":0,"max_hp_loss":0,"event_name":"Cursed Tome","floor":30,"gold_loss":0}],"is_beta":false,"boss_relics":[{"not_picked":["Eternal Feather","Runic Dome"],"picked":"Coffee Dripper"}],"items_purged_floors":[3,8,14],"is_endless":false,"potions_floor_spawned":[1,2,12,16,19,29],"killed_by":"Collector","ascension_level":14}