{"gold_per_floor":[111,122,122,49,73,111,123,135,172,203,215,227,239,221,233,374,386,419,424,450,316,316],"floor_reached":22,"playtime":819,"items_purged":["Strike_G"],"score":184,"play_id":"4b3bdfc6-ff46-4a08-8048-6e95db6b2b87","local_time":"20190104000323","is_ascension_mode":false,"campfire_choices":[{"data":"Neutralize","floor":7,"key":"SMITH"},{"data":"Noxious Fumes","floor":12,"key":"SMITH"},{"floor":15,"key":"REST"}],"neow_cost":"NONE","seed_source_timestamp":110804752983384,"circlet_count":0,"master_deck":["Defend_G","Defend_G","Defend_G","Defend_G","Strike_G","Strike_G","Survivor","Neutralize+1","Noxious Fumes+1","Infinite Blades","Well Laid Plans","Acrobatics","Burst","Deadly Poison","Envenom","Bullet Time+1","Underhanded Strike+1","Accuracy+1","Backflip","Finisher+1","Footwork"],"relics":["Ring of the Snake","NeowsBlessing","Golden Idol","MawBank","Dream Catcher","Darkstone Periapt","Astrolabe"],"potions_floor_usage":[6,6],"damage_taken":[{"damage":0,"enemies":"Small Slimes","floor":1,"turns":1},{"damage":0,"enemies":"2 Louse","floor":2,"turns":1},{"damage":0,"enemies":"Jaw Worm","floor":5,"turns":1},{"damage":13,"enemies":"3 Sentries","floor":6,"turns":4},{"damage":2,"enemies":"Blue Slaver","floor":10,"turns":5},{"damage":0,"enemies":"Looter","floor":14,"turns":4},{"damage":32,"enemies":"The Guardian","floor":16,"turns":12},{"damage":8,"enemies":"Chosen","floor":18,"turns":4},{"damage":18,"enemies":"2 Thieves","floor":19,"turns":4},{"damage":34,"enemies":"Snake Plant","floor":20,"turns":6},{"damage":0,"enemies":"Sentry and Sphere","floor":22,"turns":1}],"seed_played":"-2232892089615933633","potions_obtained":[{"floor":1,"key":"PowerPotion"},{"floor":5,"key":"PowerPotion"},{"floor":18,"key":"Poison Potion"}],"is_trial":false,"path_per_floor":["M","M","?","$","M","E","R","?","T","M","?","R","T","M","R","B",null,"M","M","M","$","M"],"character_chosen":"THE_SILENT","items_purchased":["Well Laid Plans","Footwork"],"campfire_rested":1,"item_purchase_floors":[4,21],"current_hp_per_floor":[70,70,53,53,53,40,40,40,40,38,43,43,43,43,65,33,75,67,49,15,15,15],"gold":316,"neow_bonus":"THREE_ENEMY_KILL","is_prod":false,"is_daily":false,"chose_seed":false,"campfire_upgraded":2,"win_rate":0,"timestamp":1546553003,"path_taken":["M","M","?","$","M","E","R","?","T","M","?","R","?","?","R","BOSS","M","M","M","$","M"],"build_version":"2018-12-20","purchased_purges":1,"victory":false,"max_hp_per_floor":[70,70,70,70,70,70,70,70,70,70,75,75,75,75,75,75,75,75,75,75,75,75],"card_choices":[{"not_picked":["Escape Plan","Backflip"],"picked":"Noxious Fumes","floor":1},{"not_picked":["Cloak And Dagger","Quick Slash"],"picked":"Infinite Blades","floor":2},{"not_picked":["Quick Slash","Reflex","Riddle With Holes"],"picked":"SKIP","floor":5},{"not_picked":["Well Laid Plans","Escape Plan"],"picked":"Acrobatics","floor":6},{"not_picked":["PiercingWail","Eviscerate"],"picked":"Burst","floor":10},{"not_picked":["Finisher","Escape Plan"],"picked":"Deadly Poison","floor":14},{"not_picked":["Tools of the Trade","Wraith Form v2"],"picked":"Envenom","floor":16},{"not_picked":["Masterful Stab","Dash","Tactician"],"picked":"SKIP","floor":18},{"not_picked":["Skewer+1","PiercingWail"],"picked":"Backflip","floor":19},{"not_picked":["Dagger Throw","Cloak And Dagger"],"picked":"Finisher+1","floor":20}],"player_experience":86384,"relics_obtained":[{"floor":6,"key":"MawBank"},{"floor":9,"key":"Dream Catcher"},{"floor":13,"key":"Darkstone Periapt"}],"event_choices":[{"damage_healed":0,"gold_gain":0,"player_choice":"Take Damage","damage_taken":17,"relics_obtained":["Golden Idol"],"max_hp_gain":0,"max_hp_loss":0,"event_name":"Golden Idol","floor":3,"gold_loss":0},{"damage_healed":0,"gold_gain":0,"player_choice":"Ignored","damage_taken":0,"max_hp_gain":0,"max_hp_loss":0,"event_name":"Liars Game","floor":8,"gold_loss":0},{"damage_healed":0,"gold_gain":0,"player_choice":"Donut","damage_taken":0,"max_hp_gain":5,"max_hp_loss":0,"event_name":"Big Fish","floor":11,"gold_loss":0}],"is_beta":false,"boss_relics":[{"not_picked":["Coffee Dripper","Tiny House"],"picked":"Astrolabe"}],"items_purged_floors":[21],"is_endless":false,"potions_floor_spawned":[1,5,18],"killed_by":"Sentry and Sphere","ascension_level":0}