{"gold_per_floor":[113,113,113,113,113,113,113,153,153,153,197,217,233,246,246,365,365,384,51,72,72,72,110,124,143,193,193,233,158,158,183,183,183],"floor_reached":33,"playtime":1674,"items_purged":["Defend_B"],"score":497,"play_id":"a0c17569-d840-4e50-8db6-08c56a7e7980","local_time":"20190220223533","is_ascension_mode":true,"campfire_choices":[{"floor":6.0,"key":"REST"},{"data":"Zap","floor":10.0,"key":"SMITH"},{"data":"Redo","floor":15.0,"key":"SMITH"},{"floor":27.0,"key":"REST"},{"floor":32.0,"key":"REST"}],"neow_cost":"NONE","seed_source_timestamp":445250958316253,"circlet_count":0,"master_deck":["Defend_B+1","Defend_B+1","Zap+1","Dualcast","Redo+1","Sunder","Sweeping Beam","Cold Snap","Leap","Machine Learning","Gash+1","Auto Shields+1","Barrage+1","Conserve Battery","Apotheosis","Ball Lightning+1","Capacitor","Sweeping Beam","Self Repair","Barrage+1","Compile Driver"],"special_seed":0,"relics":["Cracked Core","NeowsBlessing","Bag of Marbles","Golden Idol","Meat on the Bone","Pantograph","Bronze Scales","Astrolabe","Oddly Smooth Stone","Sundial","Art of War","Strawberry"],"potions_floor_usage":[33],"damage_taken":[{"damage":0.0,"enemies":"2 Louse","floor":1.0,"turns":1.0},{"damage":0.0,"enemies":"3 Sentries","floor":8.0,"turns":1.0},{"damage":0.0,"enemies":"Lagavulin","floor":11.0,"turns":1.0},{"damage":0.0,"enemies":"Small Slimes","floor":12.0,"turns":1.0},{"damage":0.0,"enemies":"Cultist","floor":13.0,"turns":2.0},{"damage":5.0,"enemies":"Exordium Wildlife","floor":14.0,"turns":3.0},{"damage":27.0,"enemies":"Slime Boss","floor":16.0,"turns":9.0},{"damage":0.0,"enemies":"3 Byrds","floor":18.0,"turns":3.0},{"damage":4.0,"enemies":"Spheric Guardian","floor":20.0,"turns":4.0},{"damage":14.0,"enemies":"Book of Stabbing","floor":23.0,"turns":5.0},{"damage":25.0,"enemies":"Snecko","floor":24.0,"turns":4.0},{"damage":23.0,"enemies":"Centurion and Healer","floor":25.0,"turns":4.0},{"damage":27.0,"enemies":"Slavers","floor":28.0,"turns":5.0},{"damage":26.0,"enemies":"Shelled Parasite and Fungi","floor":31.0,"turns":5.0},{"damage":83,"enemies":"Collector","floor":33,"turns":8}],"seed_played":"4492908759310307617","potions_obtained":[{"floor":1.0,"key":"Strength Potion"},{"floor":11.0,"key":"Poison Potion"},{"floor":14.0,"key":"Weak Potion"},{"floor":18.0,"key":"Block Potion"},{"floor":23.0,"key":"GamblersBrew"},{"floor":28.0,"key":"Energy Potion"}],"is_trial":false,"path_per_floor":["M","?","$","?","?","R","?","E","T","R","E","M","M","M","R","B",null,"M","$","M","?","$","E","M","M","T","R","E","$","?","M","R","B"],"character_chosen":"DEFECT","items_purchased":["Apotheosis","Oddly Smooth Stone"],"campfire_rested":3,"item_purchase_floors":[19,19],"current_hp_per_floor":[68,53,53,35,35,57,39,39,39,39,39,39,39,46,46,44,67,67,67,63,56,56,42,29,18,18,40,39,39,39,25,49,0],"gold":183,"neow_bonus":"THREE_ENEMY_KILL","is_prod":false,"is_daily":false,"chose_seed":false,"campfire_upgraded":2,"win_rate":0,"timestamp":1550730933,"path_taken":["M","?","$","?","?","R","?","E","T","R","E","M","M","M","R","BOSS","M","$","M","?","?","E","M","M","T","R","E","?","?","?","R","BOSS"],"build_version":"2019-01-23","purchased_purges":1,"victory":false,"max_hp_per_floor":[75,75,75,75,75,75,75,75,75,75,75,75,75,75,75,75,75,75,75,75,75,75,75,75,75,75,75,82,82,82,82,82,82],"card_choices":[{"not_picked":["Genetic Algorithm","Hologram"],"picked":"Redo","floor":1.0},{"not_picked":["Streamline","Barrage"],"picked":"Sunder","floor":8.0},{"not_picked":["Fission","Stack"],"picked":"Sweeping Beam","floor":11.0},{"not_picked":["Beam Cell","Rebound"],"picked":"Cold Snap","floor":12.0},{"not_picked":["Force Field","Chill","Redo"],"picked":"SKIP","floor":13.0},{"not_picked":["Rip and Tear","Reinforced Body"],"picked":"Leap","floor":14.0},{"not_picked":["Creative AI","Amplify"],"picked":"Machine Learning","floor":16.0},{"not_picked":["Heatsinks","Go for the Eyes"],"picked":"Conserve Battery","floor":18.0},{"not_picked":["Cold Snap+1","Coolheaded"],"picked":"Ball Lightning+1","floor":20.0},{"not_picked":["Darkness","Steam"],"picked":"Capacitor","floor":23.0},{"not_picked":["Sunder","Undo"],"picked":"Sweeping Beam","floor":24.0},{"not_picked":["Reprogram","Hologram+1"],"picked":"Self Repair","floor":25.0},{"not_picked":["Force Field","Hyperbeam"],"picked":"Barrage+1","floor":28.0},{"not_picked":["Double Energy","Sunder"],"picked":"Compile Driver","floor":31.0}],"player_experience":454521,"relics_obtained":[{"floor":8.0,"key":"Meat on the Bone"},{"floor":9.0,"key":"Pantograph"},{"floor":11.0,"key":"Bronze Scales"},{"floor":23.0,"key":"Sundial"},{"floor":26.0,"key":"Art of War"},{"floor":28.0,"key":"Strawberry"}],"event_choices":[{"damage_healed":0.0,"max_hp_gain":0.0,"max_hp_loss":0.0,"gold_gain":0.0,"event_name":"Shining Light","player_choice":"Entered Light","floor":2.0,"gold_loss":0.0,"damage_taken":15.0,"cards_upgraded":["Defend_B","Defend_B"]},{"damage_healed":0.0,"max_hp_gain":0.0,"max_hp_loss":0.0,"gold_gain":0.0,"event_name":"Scrap Ooze","player_choice":"Success","floor":4.0,"gold_loss":0.0,"damage_taken":18.0,"relics_obtained":["Bag of Marbles"]},{"cards_removed":["Strike_B"],"damage_healed":0.0,"max_hp_gain":0.0,"max_hp_loss":0.0,"gold_gain":0.0,"event_name":"Living Wall","player_choice":"Forget","floor":5.0,"gold_loss":0.0,"damage_taken":0.0},{"damage_healed":0.0,"max_hp_gain":0.0,"max_hp_loss":0.0,"gold_gain":0.0,"event_name":"Golden Idol","player_choice":"Take Damage","floor":7.0,"gold_loss":0.0,"damage_taken":18.0,"relics_obtained":["Golden Idol"]},{"damage_healed":0.0,"max_hp_gain":0.0,"max_hp_loss":0.0,"gold_gain":0.0,"event_name":"Wheel of Change","player_choice":"Damaged","floor":21.0,"gold_loss":0.0,"damage_taken":7.0},{"cards_removed":["Strike_B"],"damage_healed":0.0,"max_hp_gain":0.0,"max_hp_loss":0.0,"gold_gain":0.0,"event_name":"Back to Basics","player_choice":"Elegance","floor":30.0,"gold_loss":0.0,"damage_taken":0.0}],"is_beta":false,"boss_relics":[{"not_picked":["Orrery","Tiny House"],"picked":"Astrolabe"}],"items_purged_floors":[29],"is_endless":false,"potions_floor_spawned":[1,11,14,18,23,28],"killed_by":"Collector","ascension_level":9}