{"gold_per_floor":[114,62,82,82,82,111,127,127,127,152,166,182,192,223,223,319,369,369],"floor_reached":18,"playtime":2150,"items_purged":[],"score":217,"play_id":"369b413c-b1cf-404b-aa59-8556baaf1773","local_time":"20190206175547","is_ascension_mode":true,"campfire_choices":[{"data":"Dual Wield","floor":8,"key":"SMITH"},{"data":"Searing Blow","floor":15,"key":"SMITH"}],"neow_cost":"NONE","seed_source_timestamp":685260799747600,"circlet_count":0,"master_deck":["Strike_R","Strike_R","Strike_R","Strike_R","Defend_R","Defend_R","Defend_R","Defend_R","Bash","Shrug It Off","Cleave+1","Armaments+1","Headbutt","Dual Wield+1","Uppercut","Iron Wave","Rage","Iron Wave","Searing Blow+1","Double Tap"],"relics":["Burning Blood","NeowsBlessing","Question Card","The Courier","Champion Belt","Bottled Flame","Tiny House"],"potions_floor_usage":[16,16],"damage_taken":[{"damage":0,"enemies":"2 Louse","floor":1,"turns":1},{"damage":0,"enemies":"Cultist","floor":3,"turns":1},{"damage":0,"enemies":"Gremlin Nob","floor":6,"turns":1},{"damage":6,"enemies":"Jaw Worm","floor":7,"turns":4},{"damage":24,"enemies":"3 Sentries","floor":10,"turns":8},{"damage":31,"enemies":"Exordium Thugs","floor":11,"turns":5},{"damage":5,"enemies":"Large Slime","floor":12,"turns":5},{"damage":5,"enemies":"Exordium Wildlife","floor":13,"turns":3},{"damage":9,"enemies":"Lagavulin","floor":14,"turns":8},{"damage":35,"enemies":"Slime Boss","floor":16,"turns":10},{"damage":0,"enemies":"Shell Parasite","floor":18,"turns":1}],"seed_played":"-5792280410264227083","potions_obtained":[{"floor":1,"key":"Energy Potion"},{"floor":6,"key":"Fire Potion"},{"floor":12,"key":"LiquidBronze"},{"floor":14,"key":"SteroidPotion"},{"floor":17,"key":"EssenceOfSteel"}],"is_trial":false,"path_per_floor":["M","$","M","?","?","E","M","R","T","E","M","M","M","E","R","B",null,"M"],"character_chosen":"IRONCLAD","items_purchased":["Cleave"],"campfire_rested":0,"item_purchase_floors":[2],"current_hp_per_floor":[80,80,80,80,80,80,80,80,80,62,37,38,39,36,36,7,85,85],"gold":369,"neow_bonus":"THREE_ENEMY_KILL","is_prod":false,"is_daily":false,"chose_seed":false,"campfire_upgraded":2,"win_rate":0,"timestamp":1549472147,"path_taken":["M","$","M","?","?","E","?","R","T","E","?","M","?","E","R","BOSS","M"],"build_version":"2019-01-23","purchased_purges":0,"victory":false,"max_hp_per_floor":[80,80,80,80,80,80,80,80,80,80,80,80,80,80,80,80,85,85],"card_choices":[{"not_picked":["Warcry","Anger"],"picked":"Shrug It Off","floor":1},{"not_picked":["Cleave","Shrug It Off"],"picked":"Armaments","floor":3},{"not_picked":["Flex","Shockwave"],"picked":"Headbutt","floor":6},{"not_picked":["Cleave","Burning Pact","Shrug It Off"],"picked":"Dual Wield","floor":7},{"not_picked":["Clash","Whirlwind","Fiend Fire"],"picked":"Uppercut","floor":10},{"not_picked":["Clothesline","Pommel Strike","Flame Barrier"],"picked":"Iron Wave","floor":11},{"not_picked":["Rupture","Perfected Strike","Blood for Blood"],"picked":"Rage","floor":12},{"not_picked":["Uppercut","Seeing Red","Perfected Strike"],"picked":"Iron Wave","floor":13},{"not_picked":["Twin Strike","Sword Boomerang","Blood for Blood"],"picked":"Searing Blow","floor":14},{"not_picked":["Fiend Fire","Feed","Impervious"],"picked":"Double Tap","floor":16}],"player_experience":54699,"relics_obtained":[{"floor":6,"key":"Question Card"},{"floor":9,"key":"The Courier"},{"floor":10,"key":"Champion Belt"},{"floor":14,"key":"Bottled Flame"}],"event_choices":[{"damage_healed":0,"gold_gain":0,"player_choice":"Grow","damage_taken":0,"max_hp_gain":0,"max_hp_loss":0,"event_name":"Living Wall","floor":4,"gold_loss":0,"cards_upgraded":["Armaments"]},{"cards_removed":["Strike_R"],"damage_healed":0,"gold_gain":0,"player_choice":"Offered Basic","damage_taken":0,"max_hp_gain":0,"max_hp_loss":0,"event_name":"Bonfire Elementals","floor":5,"gold_loss":0}],"is_beta":false,"boss_relics":[{"not_picked":["Fusion Hammer","Mark of Pain"],"picked":"Tiny House"}],"items_purged_floors":[],"is_endless":false,"potions_floor_spawned":[1,6,12,14],"killed_by":"Shell Parasite","ascension_level":1}