{"gold_per_floor":[119,83,99,26,26,57,72,89,89,101,127,139,151,175,187,304,366,396,408,420,432,456,468,73,92,119,81,94,94,106,206,206,206],"floor_reached":33,"playtime":1956,"items_purged":["Strike_B"],"score":395,"play_id":"467e8558-0955-44d1-81f3-fb9fdf51c0ca","local_time":"20190210003042","is_ascension_mode":true,"campfire_choices":[{"floor":13,"key":"REST"},{"floor":15,"key":"REST"},{"floor":23,"key":"REST"},{"floor":32,"key":"REST"}],"neow_cost":"NONE","seed_source_timestamp":2462207739022759,"circlet_count":0,"master_deck":["Strike_B","Strike_B","Defend_B","Defend_B","Defend_B","Defend_B","Zap","Dualcast","Defragment+1","Hello World","Static Discharge","Loop","Loop","Ball Lightning","Stack+1","FTL","Machine Learning","Sweeping Beam","Self Repair","Ghostly","Ghostly","Ghostly","Ghostly","Ghostly","Necronomicurse","Beam Cell","Capacitor","Conserve Battery","Defragment","Steam","Storm"],"relics":["Cracked Core","NeowsBlessing","Oddly Smooth Stone","MawBank","Tiny House","Necronomicon","Cables","Bronze Scales","Ice Cream","Mercury Hourglass"],"potions_floor_usage":[8,21,21,31,31],"damage_taken":[{"damage":0,"enemies":"Cultist","floor":1,"turns":1},{"damage":0,"enemies":"Small Slimes","floor":3,"turns":1},{"damage":0,"enemies":"Lagavulin","floor":6,"turns":2},{"damage":9,"enemies":"2 Louse","floor":7,"turns":3},{"damage":17,"enemies":"Exordium Wildlife","floor":8,"turns":5},{"damage":0,"enemies":"Large Slime","floor":11,"turns":4},{"damage":9,"enemies":"Blue Slaver","floor":14,"turns":3},{"damage":17,"enemies":"The Guardian","floor":16,"turns":8},{"damage":30,"enemies":"Spheric Guardian","floor":18,"turns":5},{"damage":6,"enemies":"3 Byrds","floor":21,"turns":2},{"damage":5,"enemies":"Shelled Parasite and Fungi","floor":22,"turns":6},{"damage":6,"enemies":"Centurion and Healer","floor":25,"turns":7},{"damage":7,"enemies":"Cultist and Chosen","floor":28,"turns":6},{"damage":19,"enemies":"3 Cultists","floor":30,"turns":4},{"damage":3,"enemies":"Colosseum Slavers","floor":31,"turns":6},{"damage":6,"enemies":"Colosseum Nobs","floor":31,"turns":4},{"damage":36,"enemies":"Collector","floor":33,"turns":7}],"seed_played":"-7055119361899407721","potions_obtained":[{"floor":6,"key":"AttackPotion"},{"floor":8,"key":"Explosive Potion"},{"floor":14,"key":"SmokeBomb"},{"floor":17,"key":"SpeedPotion"},{"floor":28,"key":"Poison Potion"},{"floor":30,"key":"AttackPotion"}],"is_trial":false,"path_per_floor":["M","$","M","$","$","E","M","M","T","?","M","?","R","M","R","B",null,"M","?","?","M","M","R","$","M","T","$","M","$","M","?","R","B"],"character_chosen":"DEFECT","items_purchased":["Hello World","Loop","Cables","Capacitor","Defragment"],"campfire_rested":4,"item_purchase_floors":[2,4,24,24,27],"current_hp_per_floor":[68,68,68,68,68,68,59,42,42,42,42,35,57,48,70,53,75,45,40,24,18,20,32,32,33,33,33,33,33,14,12,24,0],"gold":206,"neow_bonus":"THREE_ENEMY_KILL","is_prod":false,"is_daily":false,"chose_seed":false,"campfire_upgraded":0,"win_rate":0,"timestamp":1549787442,"path_taken":["M","$","M","?","$","E","M","?","T","?","M","?","R","M","R","BOSS","M","?","?","M","M","R","$","M","T","$","M","?","?","?","R","BOSS"],"build_version":"2019-01-23","purchased_purges":1,"victory":false,"max_hp_per_floor":[75,75,75,75,75,75,75,75,75,75,75,75,75,75,75,75,80,80,40,40,40,40,40,40,40,40,40,40,40,40,40,40,40],"card_choices":[{"not_picked":["Barrage","Stack"],"picked":"Defragment","floor":1},{"not_picked":["Turbo","Compile Driver"],"picked":"Static Discharge","floor":3},{"not_picked":["Compile Driver","Ball Lightning"],"picked":"Loop","floor":6},{"not_picked":["Gash","Redo"],"picked":"Ball Lightning","floor":7},{"not_picked":["Go for the Eyes","Static Discharge"],"picked":"Stack","floor":8},{"not_picked":["Turbo","Genetic Algorithm","Fission"],"picked":"SKIP","floor":11},{"not_picked":["Streamline","Hologram"],"picked":"FTL","floor":14},{"not_picked":["Amplify","Rainbow"],"picked":"Machine Learning","floor":16},{"not_picked":["Streamline","Coolheaded"],"picked":"Sweeping Beam","floor":17},{"not_picked":["Doom and Gloom+1","Go for the Eyes"],"picked":"Self Repair","floor":18},{"not_picked":["Rip and Tear","Hologram"],"picked":"Beam Cell","floor":22},{"not_picked":["Turbo","Recycle"],"picked":"Conserve Battery","floor":25},{"not_picked":["Genetic Algorithm","Blizzard"],"picked":"Steam","floor":28},{"not_picked":["Static Discharge","Beam Cell","Auto Shields+1"],"picked":"SKIP","floor":30},{"not_picked":["Scrape","Reprogram"],"picked":"Storm","floor":31}],"player_experience":314860,"relics_obtained":[{"floor":6,"key":"Oddly Smooth Stone"},{"floor":9,"key":"MawBank"},{"floor":20,"key":"Necronomicon"},{"floor":26,"key":"Bronze Scales"},{"floor":31,"key":"Ice Cream"},{"floor":31,"key":"Mercury Hourglass"}],"event_choices":[{"damage_healed":0,"gold_gain":0,"player_choice":"Grow","damage_taken":0,"max_hp_gain":0,"max_hp_loss":0,"event_name":"Living Wall","floor":10,"gold_loss":0,"cards_upgraded":["Defragment"]},{"cards_removed":["Strike_B"],"damage_healed":0,"gold_gain":0,"player_choice":"Card Removal","damage_taken":7,"max_hp_gain":0,"max_hp_loss":0,"event_name":"Golden Wing","floor":12,"gold_loss":0},{"damage_healed":0,"gold_gain":0,"player_choice":"Became a Ghost","damage_taken":0,"max_hp_gain":0,"max_hp_loss":40,"event_name":"Ghosts","floor":19,"gold_loss":0,"cards_obtained":["Ghostly","Ghostly","Ghostly","Ghostly","Ghostly"]},{"damage_healed":0,"gold_gain":0,"player_choice":"Obtained Book","damage_taken":16,"max_hp_gain":0,"max_hp_loss":0,"event_name":"Cursed Tome","floor":20,"gold_loss":0},{"damage_healed":0,"gold_gain":0,"player_choice":"Fight","damage_taken":0,"max_hp_gain":0,"max_hp_loss":0,"event_name":"Colosseum","floor":31,"gold_loss":0},{"damage_healed":0,"gold_gain":0,"player_choice":"Fought Nobs","damage_taken":0,"max_hp_gain":0,"max_hp_loss":0,"event_name":"Colosseum","floor":31,"gold_loss":0}],"is_beta":false,"boss_relics":[{"not_picked":["White Beast Statue","Coffee Dripper"],"picked":"Tiny House"}],"items_purged_floors":[24],"is_endless":false,"potions_floor_spawned":[6,8,14,21,28,30],"killed_by":"Collector","ascension_level":7}