{"gold_per_floor":[115,126,25,25,25,25,52,67,67,80,80,355,355,371,371,472,472,485,501],"floor_reached":19,"playtime":867,"items_purged":["Strike_R"],"score":202,"play_id":"6c8efca0-34c2-43cb-a1e0-8688bed8995c","local_time":"20190206230018","is_ascension_mode":true,"campfire_choices":[{"floor":6,"key":"REST"},{"floor":11,"key":"REST"},{"data":"Heavy Blade","floor":13,"key":"SMITH"},{"data":"Heavy Blade","floor":15,"key":"SMITH"}],"neow_cost":"PERCENT_DAMAGE","seed_source_timestamp":125853276021731,"circlet_count":0,"master_deck":["Strike_R+1","Strike_R","Strike_R","Defend_R","Defend_R","Defend_R+1","Defend_R","Bash","Heavy Blade+1","Heavy Blade+1","Pommel Strike","Sentinel","Pommel Strike","Rampage","Reckless Charge","Regret","Thunderclap","Limit Break","Inflame","Pommel Strike","Anger","Dual Wield","Bloodletting","Feed"],"relics":["Burning Blood","Pear","Happy Flower","Orrery"],"potions_floor_usage":[16,16,16],"damage_taken":[{"damage":12,"enemies":"Small Slimes","floor":1,"turns":4},{"damage":19,"enemies":"2 Louse","floor":2,"turns":3},{"damage":33,"enemies":"3 Sentries","floor":7,"turns":10},{"damage":1,"enemies":"Cultist","floor":8,"turns":3},{"damage":16,"enemies":"Lots of Slimes","floor":10,"turns":4},{"damage":5,"enemies":"Looter","floor":14,"turns":3},{"damage":71,"enemies":"The Guardian","floor":16,"turns":11},{"damage":22,"enemies":"Chosen","floor":18,"turns":5},{"damage":43,"enemies":"2 Thieves","floor":19,"turns":5}],"seed_played":"-2664073681846365431","potions_obtained":[{"floor":7,"key":"Regen Potion"},{"floor":8,"key":"Regen Potion"},{"floor":14,"key":"Block Potion"},{"floor":16,"key":"Energy Potion"},{"floor":19,"key":"EssenceOfSteel"}],"is_trial":false,"path_per_floor":["M","M","$","?","?","R","E","M","T","M","R","?","R","M","R","B",null,"M","M"],"character_chosen":"IRONCLAD","items_purchased":["Pommel Strike"],"campfire_rested":2,"item_purchase_floors":[3],"current_hp_per_floor":[66,53,53,53,34,62,45,50,50,40,71,71,71,72,72,46,106,90,53],"gold":501,"neow_bonus":"TWENTY_PERCENT_HP_BONUS","is_prod":false,"is_daily":false,"chose_seed":false,"campfire_upgraded":2,"win_rate":0,"timestamp":1549512018,"path_taken":["M","M","$","?","?","R","E","M","T","M","R","?","R","M","R","BOSS","M","M"],"build_version":"2019-01-23","purchased_purges":1,"victory":false,"max_hp_per_floor":[96,96,96,96,96,96,106,106,106,106,106,106,106,106,106,106,106,106,106],"card_choices":[{"not_picked":["Sword Boomerang","Reckless Charge"],"picked":"Heavy Blade","floor":1},{"not_picked":["Body Slam","Twin Strike"],"picked":"Heavy Blade","floor":2},{"not_picked":["Disarm","Warcry"],"picked":"Pommel Strike","floor":7},{"not_picked":["Pommel Strike","Iron Wave"],"picked":"Rampage","floor":8},{"not_picked":["Disarm","Body Slam"],"picked":"Reckless Charge","floor":10},{"not_picked":["Sentinel","Anger"],"picked":"Thunderclap","floor":14},{"not_picked":["Offering","Brutality"],"picked":"Limit Break","floor":16},{"not_picked":["Wild Strike","Anger"],"picked":"Inflame","floor":17},{"not_picked":["Anger","Fire Breathing"],"picked":"Pommel Strike","floor":17},{"not_picked":["Pummel","Perfected Strike"],"picked":"Anger","floor":17},{"not_picked":["Iron Wave","Pommel Strike"],"picked":"Dual Wield","floor":17},{"not_picked":["Perfected Strike","Pommel Strike"],"picked":"Bloodletting","floor":17},{"not_picked":["Corruption","Iron Wave"],"picked":"Feed","floor":18}],"player_experience":98407,"relics_obtained":[{"floor":7,"key":"Pear"},{"floor":9,"key":"Happy Flower"}],"event_choices":[{"damage_healed":0,"gold_gain":0,"cards_transformed":["Strike_R"],"player_choice":"Change","damage_taken":0,"max_hp_gain":0,"max_hp_loss":0,"event_name":"Living Wall","floor":4,"gold_loss":0,"cards_obtained":["Sentinel"]},{"damage_healed":0,"gold_gain":0,"player_choice":"Entered Light","damage_taken":19,"max_hp_gain":0,"max_hp_loss":0,"event_name":"Shining Light","floor":5,"gold_loss":0,"cards_upgraded":["Defend_R","Strike_R"]},{"damage_healed":0,"gold_gain":275,"player_choice":"Desecrate","damage_taken":0,"max_hp_gain":0,"max_hp_loss":0,"event_name":"Golden Shrine","floor":12,"gold_loss":0,"cards_obtained":["Regret"]}],"is_beta":false,"boss_relics":[{"not_picked":["Runic Pyramid","Mark of Pain"],"picked":"Orrery"}],"items_purged_floors":[3],"is_endless":false,"potions_floor_spawned":[7,8,14,16,19],"killed_by":"2 Thieves","ascension_level":1}