{"gold_per_floor":[110,110,129,51,63,63,98,98,148,148,148,207,227,9,9,107,107,117,117,40,40,40],"floor_reached":22,"playtime":981,"items_purged":[],"score":238,"play_id":"84f36bbd-fad2-4f96-86cd-a6acc2c3cd26","local_time":"20181208024452","is_ascension_mode":true,"campfire_choices":[{"floor":6,"key":"REST"},{"floor":8,"key":"REST"},{"data":"Neutralize","floor":10,"key":"SMITH"},{"floor":15,"key":"REST"}],"neow_cost":"NONE","seed_source_timestamp":699549716838796,"circlet_count":0,"master_deck":["Defend_G","Defend_G","Defend_G","Defend_G+1","Defend_G","Strike_G","Strike_G","Strike_G","Strike_G","Strike_G","Survivor+1","Neutralize+1","Deadly Poison","Flying Knee","Footwork","Infinite Blades","Dodge and Roll","Parasite","Sucker Punch","After Image","Glass Knife","Bullet Time","Pain","Normality","Clumsy","Backstab","Footwork"],"relics":["White Beast Statue","Bag of Preparation","Pocketwatch","Oddly Smooth Stone","Tiny Chest","Regal Pillow","Calling Bell","War Paint","Ninja Scroll","Gambling Chip","Tough Bandages"],"potions_floor_usage":[7,12,12],"damage_taken":[{"damage":6,"enemies":"Jaw Worm","floor":1,"turns":7},{"damage":0,"enemies":"Small Slimes","floor":3,"turns":2},{"damage":5,"enemies":"2 Louse","floor":5,"turns":3},{"damage":25,"enemies":"3 Sentries","floor":7,"turns":7},{"damage":15,"enemies":"Lagavulin","floor":12,"turns":7},{"damage":10,"enemies":"Gremlin Gang","floor":13,"turns":7},{"damage":29,"enemies":"Hexaghost","floor":16,"turns":15},{"damage":39,"enemies":"Chosen","floor":18,"turns":8},{"damage":21,"enemies":"Colosseum Slavers","floor":19,"turns":6},{"damage":4,"enemies":"3 Byrds","floor":22,"turns":2}],"seed_played":"-419331326434571739","potions_obtained":[{"floor":1,"key":"FearPotion"},{"floor":3,"key":"Poison Potion"},{"floor":5,"key":"Explosive Potion"},{"floor":7,"key":"LiquidBronze"},{"floor":12,"key":"Dexterity Potion"},{"floor":13,"key":"Ancient Potion"}],"is_trial":false,"path_per_floor":["M","?","M","$","M","R","E","R","T","R","?","E","M","$","R","B",null,"M","?","$","T","M"],"character_chosen":"THE_SILENT","items_purchased":["Footwork","Glass Knife","Regal Pillow","Footwork"],"campfire_rested":3,"item_purchase_floors":[4,14,14,20],"current_hp_per_floor":[64,52,52,52,47,68,43,64,64,64,70,55,45,45,70,41,63,24,3,3,3,0],"gold":40,"neow_bonus":"BOSS_RELIC","is_prod":false,"is_daily":false,"chose_seed":false,"campfire_upgraded":1,"win_rate":0,"timestamp":1544255092,"path_taken":["M","?","M","$","M","R","E","R","T","R","?","E","M","$","R","BOSS","M","?","$","?","M"],"build_version":"2018-12-06","purchased_purges":0,"victory":false,"max_hp_per_floor":[70,70,70,70,70,70,70,70,70,70,70,70,70,70,70,70,70,70,70,70,70,70],"card_choices":[{"not_picked":["Acrobatics","Eviscerate"],"picked":"Deadly Poison","floor":1},{"not_picked":["Slice","Dagger Throw"],"picked":"Flying Knee","floor":3},{"not_picked":["Prepared","Backflip"],"picked":"Infinite Blades","floor":5},{"not_picked":["Flying Knee","Bane"],"picked":"Dodge and Roll","floor":7},{"not_picked":["Infinite Blades","Poisoned Stab"],"picked":"Sucker Punch","floor":12},{"not_picked":["Masterful Stab","Well Laid Plans"],"picked":"After Image","floor":13},{"not_picked":["Unload","Burst"],"picked":"Bullet Time","floor":16},{"not_picked":["Dagger Throw","Tactician"],"picked":"Backstab","floor":18}],"player_experience":236003,"relics_obtained":[{"floor":7,"key":"Pocketwatch"},{"floor":9,"key":"Oddly Smooth Stone"},{"floor":12,"key":"Tiny Chest"},{"floor":17,"key":"War Paint"},{"floor":17,"key":"Ninja Scroll"},{"floor":17,"key":"Gambling Chip"},{"floor":21,"key":"Tough Bandages"}],"event_choices":[{"damage_healed":0,"gold_gain":0,"player_choice":"Success","damage_taken":12,"relics_obtained":["Bag of Preparation"],"max_hp_gain":0,"max_hp_loss":0,"event_name":"Scrap Ooze","floor":2,"gold_loss":0},{"damage_healed":17,"gold_gain":0,"player_choice":"Healed and dodged fight","damage_taken":0,"max_hp_gain":0,"max_hp_loss":0,"event_name":"Mushrooms","floor":11,"gold_loss":0,"cards_obtained":["Parasite"]},{"damage_healed":0,"gold_gain":0,"player_choice":"Fight","damage_taken":0,"max_hp_gain":0,"max_hp_loss":0,"event_name":"Colosseum","floor":19,"gold_loss":0},{"damage_healed":0,"gold_gain":0,"player_choice":"Fled From Nobs","damage_taken":0,"max_hp_gain":0,"max_hp_loss":0,"event_name":"Colosseum","floor":19,"gold_loss":0}],"is_beta":false,"boss_relics":[{"not_picked":["Lizard Tail","Astrolabe"],"picked":"Calling Bell"}],"items_purged_floors":[],"is_endless":false,"potions_floor_spawned":[1,3,5,7,12,13,16,18,19],"killed_by":"3 Byrds","ascension_level":5}