{"gold_per_floor":[114,125,50,69,55,55,55,55,80,145,145,145,161,182,182,306,306,327,227,251,251,176,214,235,235,235,334,209,209,223,239,239,360,360,379,392,415,116,132,132,156,156,183,206,206,244,257,0,0,0],"floor_reached":51,"playtime":1650,"items_purged":["Strike_R","Defend_R","Defend_R","Strike_R"],"score":791,"play_id":"ab8470c3-b59c-47da-b1b3-d6600f50bb42","local_time":"20190103214818","is_ascension_mode":false,"campfire_choices":[{"data":"Bash","floor":6.0,"key":"SMITH"},{"data":"Shrug It Off","floor":15.0,"key":"SMITH"},{"data":"Rampage","floor":25.0,"key":"SMITH"},{"data":"Dropkick","floor":32.0,"key":"SMITH"},{"data":"Dropkick","floor":40,"key":"SMITH"},{"floor":42,"key":"REST"},{"floor":45,"key":"REST"},{"floor":49,"key":"REST"}],"neow_cost":"NONE","seed_source_timestamp":101838136808615,"circlet_count":0,"master_deck":["Bash+1","Shrug It Off+1","Dropkick+1","Dropkick+1","Rampage+1"],"special_seed":0,"relics":["Burning Blood","NeowsBlessing","Centennial Puzzle","Pen Nib","Pantograph","Golden Idol","Empty Cage","Bronze Scales","Matryoshka","Runic Pyramid","Anchor","Omamori","Lantern","Potion Belt","Red Mask"],"potions_floor_usage":[50],"damage_taken":[{"damage":0.0,"enemies":"Small Slimes","floor":1.0,"turns":1.0},{"damage":0.0,"enemies":"Jaw Worm","floor":2.0,"turns":1.0},{"damage":0.0,"enemies":"2 Louse","floor":4.0,"turns":1.0},{"damage":14.0,"enemies":"Exordium Thugs","floor":5.0,"turns":4.0},{"damage":24.0,"enemies":"Gremlin Nob","floor":10.0,"turns":4.0},{"damage":0.0,"enemies":"Blue Slaver","floor":13.0,"turns":3.0},{"damage":0.0,"enemies":"2 Fungi Beasts","floor":14.0,"turns":3.0},{"damage":69.0,"enemies":"The Guardian","floor":16.0,"turns":13.0},{"damage":14.0,"enemies":"2 Thieves","floor":18.0,"turns":4.0},{"damage":3.0,"enemies":"Shell Parasite","floor":20.0,"turns":4.0},{"damage":2.0,"enemies":"Gremlin Leader","floor":23.0,"turns":2.0},{"damage":10.0,"enemies":"Snake Plant","floor":24.0,"turns":2.0},{"damage":20.0,"enemies":"Centurion and Healer","floor":30.0,"turns":2.0},{"damage":3.0,"enemies":"Snecko","floor":31.0,"turns":3.0},{"damage":64.0,"enemies":"Automaton","floor":33.0,"turns":7.0},{"damage":8,"enemies":"3 Shapes","floor":35,"turns":5},{"damage":20,"enemies":"3 Darklings","floor":36,"turns":4},{"damage":4,"enemies":"Writhing Mass","floor":37,"turns":2},{"damage":0,"enemies":"Transient","floor":39,"turns":1},{"damage":3,"enemies":"4 Shapes","floor":41,"turns":8},{"damage":0,"enemies":"Jaw Worm Horde","floor":44,"turns":3},{"damage":0,"enemies":"Nemesis","floor":46,"turns":1},{"damage":0,"enemies":"Writhing Mass","floor":47,"turns":1},{"damage":26,"enemies":"Time Eater","floor":50,"turns":4}],"seed_played":"-4492410838711152855","potions_obtained":[{"floor":4.0,"key":"Block Potion"},{"floor":10.0,"key":"SpeedPotion"},{"floor":16.0,"key":"Explosive Potion"},{"floor":31.0,"key":"EssenceOfSteel"},{"floor":33.0,"key":"Block Potion"},{"floor":35,"key":"Energy Potion"},{"floor":46,"key":"SkillPotion"},{"floor":47,"key":"Poison Potion"}],"is_trial":false,"path_per_floor":["M","M","$","M","M","R","?","$","T","?","?","?","M","M","R","B",null,"M","$","M","?","?","E","M","R","T","?","$","?","M","M","R","B",null,"M","M","M","$","M","R","M","R","T","M","R","E","M","?","R","B",null],"character_chosen":"IRONCLAD","items_purchased":["Anchor"],"campfire_rested":3,"item_purchase_floors":[38],"current_hp_per_floor":[80,80,80,80,72,72,60,60,60,42,42,42,48,54,54,11,74,66,66,69,69,69,73,69,69,69,69,69,74,60,63,63,16,74,72,58,60,60,66,66,69,74,74,74,74,74,74,74,74,54],"gold":0,"neow_bonus":"THREE_ENEMY_KILL","is_prod":false,"is_daily":false,"chose_seed":false,"campfire_upgraded":5,"win_rate":0,"timestamp":1546544898,"path_taken":["M","M","$","M","M","R","?","?","T","?","?","?","M","M","R","BOSS","M","$","M","?","?","E","M","R","T","?","$","?","?","M","R","BOSS","M","M","M","$","M","R","M","R","T","M","R","E","M","?","R","BOSS"],"build_version":"2018-12-20","purchased_purges":4,"victory":true,"max_hp_per_floor":[80,80,80,80,80,80,80,80,80,80,74,74,74,74,74,74,74,74,74,74,74,74,74,74,74,74,74,74,74,74,74,74,74,74,74,74,74,74,74,74,74,74,74,74,74,74,74,74,74,74],"card_choices":[{"not_picked":["Havoc","Warcry","Bloodletting"],"picked":"SKIP","floor":1.0},{"not_picked":["Heavy Blade","Shockwave"],"picked":"Shrug It Off","floor":2.0},{"not_picked":["Headbutt","Seeing Red","Disarm"],"picked":"SKIP","floor":4.0},{"not_picked":["Clash","Wild Strike"],"picked":"Dropkick","floor":5.0},{"not_picked":["Entrench","Corruption"],"picked":"Dropkick","floor":13.0},{"not_picked":["Metallicize","Warcry","Shrug It Off"],"picked":"SKIP","floor":14.0},{"not_picked":["Wild Strike+1","Reckless Charge+1"],"picked":"Rampage","floor":18.0},{"not_picked":["Cleave+1","Clash","Headbutt"],"picked":"SKIP","floor":20.0},{"not_picked":["Clash","Thunderclap","Armaments"],"picked":"SKIP","floor":23.0},{"not_picked":["Evolve","Impervious","Disarm"],"picked":"SKIP","floor":24.0},{"not_picked":["Bloodletting","Thunderclap","Second Wind+1"],"picked":"SKIP","floor":30.0},{"not_picked":["Whirlwind+1","Anger","Twin Strike"],"picked":"SKIP","floor":31.0},{"not_picked":["Headbutt","Blood for Blood","Havoc"],"picked":"SKIP","floor":35},{"not_picked":["Seeing Red+1","Clash","Sever Soul+1"],"picked":"SKIP","floor":36},{"not_picked":["Heavy Blade","Pommel Strike","Thunderclap"],"picked":"SKIP","floor":37},{"not_picked":["Sword Boomerang","Bludgeon","Thunderclap+1"],"picked":"SKIP","floor":39},{"not_picked":["True Grit+1","Warcry","Power Through+1"],"picked":"SKIP","floor":41},{"not_picked":["Perfected Strike","Burning Pact","Rupture+1"],"picked":"SKIP","floor":44},{"not_picked":["Rampage","Havoc","Anger"],"picked":"SKIP","floor":46},{"not_picked":["Headbutt+1","Disarm+1","Sword Boomerang+1"],"picked":"SKIP","floor":47}],"player_experience":82666,"relics_obtained":[{"floor":9.0,"key":"Pen Nib"},{"floor":10.0,"key":"Pantograph"},{"floor":23.0,"key":"Bronze Scales"},{"floor":26.0,"key":"Matryoshka"},{"floor":43,"key":"Omamori"},{"floor":43,"key":"Lantern"},{"floor":46,"key":"Potion Belt"}],"event_choices":[{"damage_healed":0.0,"max_hp_gain":0.0,"max_hp_loss":0.0,"gold_gain":0.0,"event_name":"Scrap Ooze","player_choice":"Success","floor":7.0,"gold_loss":0.0,"damage_taken":12.0,"relics_obtained":["Centennial Puzzle"]},{"damage_healed":0.0,"max_hp_gain":0.0,"max_hp_loss":0.0,"gold_gain":30.0,"event_name":"Dead Adventurer","player_choice":"Searched \u00273\u0027 times","floor":10.0,"gold_loss":0.0,"damage_taken":0.0},{"damage_healed":0.0,"max_hp_gain":0.0,"max_hp_loss":6.0,"gold_gain":0.0,"event_name":"Golden Idol","player_choice":"Lose Max HP","floor":11.0,"gold_loss":0.0,"damage_taken":0.0,"relics_obtained":["Golden Idol"]},{"cards_removed":["Strike_R"],"damage_healed":0.0,"max_hp_gain":0.0,"max_hp_loss":0.0,"gold_gain":0.0,"event_name":"Purifier","player_choice":"Purged","floor":12.0,"gold_loss":0.0,"damage_taken":0.0},{"cards_removed":["Defend_R"],"damage_healed":0.0,"max_hp_gain":0.0,"max_hp_loss":0.0,"gold_gain":0.0,"event_name":"Back to Basics","player_choice":"Elegance","floor":21.0,"gold_loss":0.0,"damage_taken":0.0},{"cards_removed":["Defend_R"],"damage_healed":0.0,"max_hp_gain":0.0,"max_hp_loss":0.0,"gold_gain":0.0,"event_name":"Beggar","player_choice":"Gave Gold","floor":22.0,"gold_loss":75.0,"damage_taken":0.0},{"damage_healed":0.0,"max_hp_gain":0.0,"max_hp_loss":0.0,"gold_gain":99.0,"event_name":"Nest","player_choice":"Stole From Cult","floor":27.0,"gold_loss":0.0,"damage_taken":0.0},{"damage_healed":24.0,"max_hp_gain":0.0,"max_hp_loss":0.0,"gold_gain":0.0,"event_name":"The Library","player_choice":"Heal","floor":29.0,"gold_loss":0.0,"damage_taken":0.0},{"damage_healed":0,"gold_gain":0,"player_choice":"Paid","damage_taken":0,"relics_obtained":["Red Mask"],"max_hp_gain":0,"max_hp_loss":0,"event_name":"Tomb of Lord Red Mask","floor":48,"gold_loss":257}],"is_beta":false,"boss_relics":[{"not_picked":["Cursed Key","Mark of Pain"],"picked":"Empty Cage"},{"not_picked":["Philosopher\u0027s Stone","Pandora\u0027s Box"],"picked":"Runic Pyramid"}],"items_purged_floors":[3,19,28,38],"is_endless":false,"potions_floor_spawned":[4,10,16,18,31,33,35,37,41,46,47],"ascension_level":0}