{"gold_per_floor":[211,222,237,72,72,72,87,87,87,87,107,107,130,147,147,244,244,264,364,364,79,97,97,124,140,140,158,176,176,275,292,292,397,397,413,433,393,411,8,37,0,0,46,46,46,57,157,170,170,170],"floor_reached":51,"playtime":1917,"items_purged":["Strike_R","Strike_R"],"score":839,"play_id":"66cc8a8d-a93e-48fb-929c-c1c6f99ef7f4","local_time":"20190218041056","is_ascension_mode":false,"campfire_choices":[{"data":"Uppercut","floor":6,"key":"SMITH"},{"data":"Discovery","floor":8,"key":"SMITH"},{"data":"Disarm","floor":10,"key":"SMITH"},{"data":"Rampage","floor":12,"key":"SMITH"},{"data":"Clothesline","floor":15,"key":"SMITH"},{"data":"Bash","floor":23,"key":"SMITH"},{"floor":29,"key":"REST"},{"floor":32,"key":"REST"},{"data":"True Grit","floor":42,"key":"SMITH"},{"data":"Shockwave","floor":45,"key":"SMITH"},{"data":"Impervious","floor":49,"key":"SMITH"}],"neow_cost":"NONE","seed_source_timestamp":10751463405745,"circlet_count":0,"master_deck":["Strike_R+1","Strike_R","Strike_R+1","Defend_R","Defend_R","Defend_R","Defend_R","Bash+1","Uppercut+1","Rampage+1","Disarm+1","Discovery+1","Shrug It Off","Clothesline+1","Impervious+1","Seeing Red","Immolate+1","Headbutt+1","Sadistic Nature+1","Rampage+1","Second Wind+1","Second Wind+1","Corruption+1","Dark Embrace+1","Sever Soul+1","True Grit+1","Corruption+1","Uppercut+1","Sever Soul+1","Feel No Pain+1","Havoc+1","Shockwave+1","Power Through","Sever Soul+1","Havoc+1","Shrug It Off","Metallicize+1"],"special_seed":0,"relics":["Burning Blood","Gambling Chip","Frozen Egg 2","Odd Mushroom","Philosopher\u0027s Stone","Calipers","Molten Egg 2","Matryoshka","Whetstone","Pear","Orrery","Letter Opener","Anchor","Red Mask","Ornamental Fan","Oddly Smooth Stone","Darkstone Periapt"],"potions_floor_usage":[11,19,19,25,33,33,38,46,50,50,50,50,50],"damage_taken":[{"damage":8.0,"enemies":"Cultist","floor":1.0,"turns":5.0},{"damage":0.0,"enemies":"2 Louse","floor":2.0,"turns":2.0},{"damage":0.0,"enemies":"Small Slimes","floor":3.0,"turns":3.0},{"damage":2,"enemies":"Blue Slaver","floor":7,"turns":4},{"damage":0,"enemies":"Red Slaver","floor":11,"turns":1},{"damage":8,"enemies":"The Mushroom Lair","floor":13,"turns":5},{"damage":0,"enemies":"Looter","floor":14,"turns":3},{"damage":18,"enemies":"Hexaghost","floor":16,"turns":13},{"damage":4,"enemies":"Chosen","floor":18,"turns":2},{"damage":27,"enemies":"Colosseum Slavers","floor":19,"turns":3},{"damage":33,"enemies":"Colosseum Nobs","floor":19,"turns":5},{"damage":0,"enemies":"3 Byrds","floor":22,"turns":5},{"damage":21,"enemies":"Book of Stabbing","floor":24,"turns":6},{"damage":3,"enemies":"Snake Plant","floor":25,"turns":5},{"damage":10,"enemies":"Centurion and Healer","floor":27,"turns":4},{"damage":0,"enemies":"Cultist and Chosen","floor":28,"turns":6},{"damage":23,"enemies":"Sentry and Sphere","floor":31,"turns":4},{"damage":20,"enemies":"Champ","floor":33,"turns":7},{"damage":6,"enemies":"Orb Walker","floor":35,"turns":4},{"damage":27,"enemies":"3 Shapes","floor":36,"turns":4},{"damage":0,"enemies":"Maw","floor":38,"turns":5},{"damage":0,"enemies":"Nemesis","floor":40,"turns":7},{"damage":4,"enemies":"Sphere and 2 Shapes","floor":46,"turns":7},{"damage":9,"enemies":"3 Darklings","floor":48,"turns":6},{"damage":0,"enemies":"Donu and Deca","floor":50,"turns":10}],"seed_played":"949716010677390338","potions_obtained":[{"floor":1.0,"key":"SkillPotion"},{"floor":7,"key":"GamblersBrew"},{"floor":16,"key":"Poison Potion"},{"floor":22,"key":"Dexterity Potion"},{"floor":24,"key":"Block Potion"},{"floor":25,"key":"Poison Potion"},{"floor":33,"key":"GamblersBrew"},{"floor":37,"key":"EntropicBrew"},{"floor":37,"key":"EssenceOfSteel"},{"floor":37,"key":"PowerPotion"},{"floor":40,"key":"Poison Potion"},{"floor":46,"key":"Fruit Juice"}],"is_trial":false,"path_per_floor":["M","M","M","$","T","R","M","R","T","R","M","R","?","M","R","B",null,"M","?","?","$","M","R","E","M","T","M","M","R","?","M","R","B",null,"M","M","?","M","$","E","?","R","T","T","R","M","?","M","R","B",null],"character_chosen":"IRONCLAD","items_purchased":["Discovery","Sadistic Nature+1","Power Through","Letter Opener","Sever Soul+1"],"campfire_rested":2,"item_purchase_floors":[4,21,39,39,39],"current_hp_per_floor":[78,80,80,80,80,80,80,80,80,80,80,80,78,80,80,68,80,80,32,32,32,38,38,23,26,36,32,38,65,65,48,75,61,90,90,69,69,75,75,81,81,81,81,81,81,88,88,85,85,91],"gold":170,"neow_bonus":"HUNDRED_GOLD","is_prod":false,"is_daily":false,"chose_seed":false,"campfire_upgraded":9,"win_rate":0,"timestamp":1550484656,"path_taken":["M","M","M","$","?","R","M","R","T","R","M","R","?","M","R","BOSS","M","?","?","$","M","R","E","?","T","M","M","R","?","M","R","BOSS","M","M","?","?","$","E","?","R","T","?","R","M","?","M","R","BOSS"],"build_version":"2019-01-23","purchased_purges":2,"victory":true,"max_hp_per_floor":[80,80,80,80,80,80,80,80,80,80,80,80,80,80,80,80,80,80,80,80,80,80,80,80,80,90,90,90,90,90,90,90,90,90,90,90,90,90,90,90,90,90,90,90,90,95,95,95,95,95],"card_choices":[{"not_picked":["Battle Trance","Heavy Blade"],"picked":"Uppercut","floor":1.0},{"not_picked":["Perfected Strike","Warcry"],"picked":"Rampage","floor":2.0},{"not_picked":["Cleave","Burning Pact"],"picked":"Disarm","floor":3.0},{"not_picked":["Clothesline","Clash"],"picked":"Shrug It Off","floor":7},{"not_picked":["Sentinel","Bloodletting"],"picked":"Clothesline","floor":11},{"not_picked":["Armaments","Power Through"],"picked":"Impervious","floor":13},{"not_picked":["Anger","Feel No Pain+1"],"picked":"Seeing Red","floor":14},{"not_picked":["Dark Embrace+1","Limit Break"],"picked":"Immolate","floor":16},{"not_picked":["Second Wind+1","Hemokinesis","Seeing Red"],"picked":"SKIP","floor":18},{"not_picked":["Pommel Strike","Evolve+1"],"picked":"Headbutt","floor":19},{"not_picked":["Heavy Blade+1","Armaments"],"picked":"Rampage+1","floor":22},{"not_picked":["Perfected Strike+1","Flex"],"picked":"Second Wind+1","floor":24},{"not_picked":["Headbutt+1","Shrug It Off"],"picked":"Second Wind+1","floor":25},{"not_picked":["Cleave+1","Seeing Red","Power Through"],"picked":"SKIP","floor":27},{"not_picked":["Thunderclap+1","Dark Embrace+1"],"picked":"Corruption+1","floor":28},{"not_picked":["Warcry","Ghostly Armor","Flex"],"picked":"SKIP","floor":31},{"not_picked":["Impervious","Barricade+1"],"picked":"Dark Embrace+1","floor":33},{"not_picked":["Sword Boomerang+1","True Grit"],"picked":"Sever Soul+1","floor":34},{"not_picked":["Iron Wave+1","Pommel Strike+1"],"picked":"True Grit","floor":34},{"not_picked":["Twin Strike+1","Clothesline+1"],"picked":"Corruption+1","floor":34},{"not_picked":["Searing Blow+1","Perfected Strike+1"],"picked":"Uppercut+1","floor":34},{"not_picked":["Evolve+1","Carnage+1"],"picked":"Sever Soul+1","floor":34},{"not_picked":["Corruption+1","Flex"],"picked":"Feel No Pain+1","floor":35},{"not_picked":["Warcry","True Grit"],"picked":"Havoc+1","floor":36},{"not_picked":["Perfected Strike+1","Inflame+1"],"picked":"Shockwave","floor":38},{"not_picked":["Exhume","Clash+1"],"picked":"Havoc+1","floor":40},{"not_picked":["Searing Blow+1","Heavy Blade+1"],"picked":"Shrug It Off","floor":46},{"not_picked":["Brutality+1","Sever Soul+1"],"picked":"Metallicize+1","floor":48}],"player_experience":871202,"relics_obtained":[{"floor":5.0,"key":"Gambling Chip"},{"floor":9,"key":"Frozen Egg 2"},{"floor":13,"key":"Odd Mushroom"},{"floor":19,"key":"Calipers"},{"floor":19,"key":"Molten Egg 2"},{"floor":24,"key":"Matryoshka"},{"floor":26,"key":"Whetstone"},{"floor":26,"key":"Pear"},{"floor":40,"key":"Anchor"},{"floor":43,"key":"Ornamental Fan"},{"floor":43,"key":"Oddly Smooth Stone"},{"floor":44,"key":"Darkstone Periapt"}],"event_choices":[{"damage_healed":0,"gold_gain":0,"player_choice":"Fought Mushrooms","damage_taken":0,"max_hp_gain":0,"max_hp_loss":0,"event_name":"Mushrooms","floor":13,"gold_loss":0},{"damage_healed":0,"gold_gain":0,"player_choice":"Fight","damage_taken":0,"max_hp_gain":0,"max_hp_loss":0,"event_name":"Colosseum","floor":19,"gold_loss":0},{"damage_healed":0,"gold_gain":0,"player_choice":"Fought Nobs","damage_taken":0,"max_hp_gain":0,"max_hp_loss":0,"event_name":"Colosseum","floor":19,"gold_loss":0},{"damage_healed":0,"gold_gain":0,"player_choice":"Upgraded","damage_taken":0,"max_hp_gain":0,"max_hp_loss":0,"event_name":"Upgrade Shrine","floor":20,"gold_loss":0,"cards_upgraded":["Immolate"]},{"damage_healed":0,"gold_gain":99,"player_choice":"Stole From Cult","damage_taken":0,"max_hp_gain":0,"max_hp_loss":0,"event_name":"Nest","floor":30,"gold_loss":0},{"damage_healed":0,"gold_gain":0,"player_choice":"Bought 3 Potions","damage_taken":0,"max_hp_gain":0,"max_hp_loss":0,"event_name":"The Woman in Blue","floor":37,"gold_loss":0},{"damage_healed":0,"gold_gain":0,"player_choice":"Paid","damage_taken":0,"relics_obtained":["Red Mask"],"max_hp_gain":0,"max_hp_loss":0,"event_name":"Tomb of Lord Red Mask","floor":41,"gold_loss":37},{"damage_healed":0,"gold_gain":100,"player_choice":"Pray","damage_taken":0,"max_hp_gain":0,"max_hp_loss":0,"event_name":"Golden Shrine","floor":47,"gold_loss":0}],"is_beta":false,"boss_relics":[{"not_picked":["Runic Pyramid","Snecko Eye"],"picked":"Philosopher\u0027s Stone"},{"not_picked":["Runic Cube","Eternal Feather"],"picked":"Orrery"}],"items_purged_floors":[4,21],"is_endless":false,"potions_floor_spawned":[1,7,16,22,24,25,33,40,46],"ascension_level":0}