{"gold_per_floor":[109,109,121,121,134,134,161,174,174,16,16,48,67,79,79,150,150,123,123,142,153,171,171,171,221,221,137,53,78,78,78,78,152,152,171,171,271,271,283,309,309,320,320,320,29,29,29,40,40,40],"floor_reached":51,"playtime":2596,"items_purged":["Strike_B","Writhe"],"score":1471,"play_id":"c1d69e96-c769-4150-8eb0-484c6a2f6457","local_time":"20190218172707","is_ascension_mode":true,"campfire_choices":[{"data":"Zap","floor":6.0,"key":"SMITH"},{"data":"Dualcast","floor":11.0,"key":"SMITH"},{"data":"Ball Lightning","floor":15.0,"key":"SMITH"},{"data":"Go for the Eyes","floor":23,"key":"SMITH"},{"data":"Storm","floor":30,"key":"SMITH"},{"floor":32,"key":"REST"},{"data":"Capacitor","floor":41,"key":"SMITH"},{"data":"Scrape","floor":46,"key":"SMITH"},{"data":"Glacier","floor":49,"key":"SMITH"}],"neow_cost":"NONE","seed_source_timestamp":4081911246805,"circlet_count":0,"master_deck":["AscendersBane","Strike_B","Strike_B","Defend_B","Defend_B","Defend_B","Zap+1","Dualcast+1","Ball Lightning+1","Conserve Battery","Leap","Glacier+1","White Noise+1","Capacitor+1","Self Repair","Chaos+1","Consume+1","Ball Lightning","Fission+1","Go for the Eyes+1","Rebound+1","Coolheaded+1","Hologram+1","Chaos+1","Scrape+1","Storm+1","Auto Shields+1","Rainbow+1","Electrodynamics","BootSequence+1","Blind+1","Parasite","Chill+1","Finesse+1","Glacier+1","Cold Snap+1"],"special_seed":0,"relics":["Cracked Core","Toxic Egg 2","Bottled Flame","Runic Pyramid","Gremlin Horn","Shuriken","Nloth\u0027s Gift","Cursed Key","FossilizedHelix","WingedGreaves","Meat on the Bone"],"potions_floor_usage":[21,50],"damage_taken":[{"damage":0.0,"enemies":"Small Slimes","floor":1.0,"turns":2.0},{"damage":1.0,"enemies":"Cultist","floor":3.0,"turns":3.0},{"damage":0.0,"enemies":"Jaw Worm","floor":5.0,"turns":4.0},{"damage":12.0,"enemies":"Lagavulin","floor":7.0,"turns":7.0},{"damage":0.0,"enemies":"Looter","floor":8.0,"turns":4.0},{"damage":16.0,"enemies":"3 Sentries","floor":12.0,"turns":9.0},{"damage":6.0,"enemies":"3 Louse","floor":13.0,"turns":3.0},{"damage":3.0,"enemies":"Blue Slaver","floor":14.0,"turns":3.0},{"damage":0.0,"enemies":"Slime Boss","floor":16.0,"turns":6.0},{"damage":11.0,"enemies":"2 Thieves","floor":18.0,"turns":4.0},{"damage":31,"enemies":"Colosseum Slavers","floor":19,"turns":4},{"damage":0,"enemies":"Chosen","floor":20,"turns":7},{"damage":5,"enemies":"Snake Plant","floor":21,"turns":3},{"damage":2,"enemies":"Snecko","floor":22,"turns":6},{"damage":25,"enemies":"Gremlin Leader","floor":29,"turns":7},{"damage":60,"enemies":"Collector","floor":33,"turns":12},{"damage":7,"enemies":"3 Shapes","floor":35,"turns":4},{"damage":0,"enemies":"Mind Bloom Boss Battle","floor":37,"turns":5},{"damage":0,"enemies":"Orb Walker","floor":39,"turns":4},{"damage":41,"enemies":"Reptomancer","floor":40,"turns":5},{"damage":0,"enemies":"Spire Growth","floor":42,"turns":5},{"damage":0,"enemies":"Maw","floor":48,"turns":8},{"damage":55,"enemies":"Awakened One","floor":50,"turns":24}],"seed_played":"-3107591231058235015","potions_obtained":[{"floor":3.0,"key":"Energy Potion"},{"floor":12.0,"key":"GamblersBrew"},{"floor":13.0,"key":"Weak Potion"},{"floor":18.0,"key":"FairyPotion"},{"floor":22,"key":"FairyPotion"},{"floor":35,"key":"FearPotion"}],"is_trial":false,"path_per_floor":["M","?","M","?","M","R","E","M","T","$","R","E","M","M","R","B",null,"M","?","M","M","M","R","?","?","T","$","$","E","R","?","R","B",null,"M","?","?","?","M","E","R","M","T","?","$","R","?","M","R","B",null],"character_chosen":"DEFECT","items_purchased":["Self Repair","Storm","Auto Shields+1","Chill+1","Finesse+1"],"campfire_rested":1,"item_purchase_floors":[10,27,28,45,45],"current_hp_per_floor":[64,69,68,57,57,57,45,45,45,45,45,36,30,34,34,41,67,63,39,46,41,53,53,53,53,53,53,53,35,35,35,57,14,61,68,68,75,75,75,41,41,48,48,63,63,63,63,70,70,34],"gold":40,"neow_bonus":"THREE_CARDS","is_prod":false,"is_daily":false,"chose_seed":false,"campfire_upgraded":8,"win_rate":0,"timestamp":1550503627,"path_taken":["M","?","M","?","?","R","E","M","T","$","R","E","M","M","R","BOSS","M","?","M","M","M","R","?","?","T","?","$","E","R","?","R","BOSS","M","?","?","?","?","E","R","M","T","?","$","R","?","?","R","BOSS"],"build_version":"2019-01-23","purchased_purges":2,"victory":true,"max_hp_per_floor":[71,76,76,76,76,76,76,76,76,76,76,76,76,76,76,76,76,76,76,76,76,76,76,76,76,76,76,76,76,76,76,76,76,76,76,76,76,76,76,76,76,76,76,76,76,76,76,76,76,76],"card_choices":[{"not_picked":["Compile Driver","Coolheaded"],"picked":"Ball Lightning","floor":0.0},{"not_picked":["Barrage","Compile Driver"],"picked":"Conserve Battery","floor":1.0},{"not_picked":["Cold Snap","Gash"],"picked":"Leap","floor":3.0},{"not_picked":["Sweeping Beam","Rebound"],"picked":"Glacier","floor":5.0},{"not_picked":["Leap","Cold Snap"],"picked":"White Noise","floor":7.0},{"not_picked":["Recycle+1","Redo+1"],"picked":"Capacitor","floor":8.0},{"not_picked":["Lockon","Turbo+1"],"picked":"Chaos+1","floor":12.0},{"not_picked":["Static Discharge","Loop"],"picked":"Consume+1","floor":13.0},{"not_picked":["Streamline","Conserve Battery+1"],"picked":"Ball Lightning","floor":14.0},{"not_picked":["Amplify+1","Thunder Strike"],"picked":"Fission+1","floor":16.0},{"not_picked":["Streamline","Beam Cell"],"picked":"Go for the Eyes","floor":18.0},{"not_picked":["Barrage","Streamline"],"picked":"Rebound+1","floor":20},{"not_picked":["Turbo+1","Lockon"],"picked":"Coolheaded+1","floor":21},{"not_picked":["Sweeping Beam","Gash"],"picked":"Hologram+1","floor":22},{"not_picked":["Aggregate+1","Turbo+1"],"picked":"Rainbow+1","floor":29},{"not_picked":["Biased Cognition","Meteor Strike"],"picked":"Electrodynamics","floor":33},{"not_picked":["Gash+1","Compile Driver"],"picked":"BootSequence+1","floor":35},{"not_picked":["Deep Breath+1","Bandage Up+1"],"picked":"Blind+1","floor":36},{"not_picked":["Streamline","Reboot+1","Compile Driver"],"picked":"SKIP","floor":39},{"not_picked":["Thunder Strike","Steam+1","Cold Snap"],"picked":"SKIP","floor":40},{"not_picked":["Recycle+1","Go for the Eyes","Conserve Battery+1"],"picked":"SKIP","floor":42},{"not_picked":["Static Discharge","Conserve Battery+1"],"picked":"Cold Snap+1","floor":48}],"player_experience":194652,"relics_obtained":[{"floor":7.0,"key":"Toxic Egg 2"},{"floor":9.0,"key":"Blue Candle"},{"floor":12.0,"key":"Bottled Flame"},{"floor":26,"key":"Gremlin Horn"},{"floor":29,"key":"Shuriken"},{"floor":37,"key":"FossilizedHelix"},{"floor":40,"key":"WingedGreaves"},{"floor":43,"key":"Meat on the Bone"}],"event_choices":[{"damage_healed":0.0,"max_hp_gain":5.0,"max_hp_loss":0.0,"gold_gain":0.0,"event_name":"Big Fish","player_choice":"Donut","floor":2.0,"gold_loss":0.0,"damage_taken":0.0},{"damage_healed":0.0,"max_hp_gain":0.0,"max_hp_loss":0.0,"gold_gain":0.0,"event_name":"Wheel of Change","player_choice":"Damaged","floor":4.0,"gold_loss":0.0,"damage_taken":11.0},{"damage_healed":0,"gold_gain":0,"player_choice":"Fight","damage_taken":0,"max_hp_gain":0,"max_hp_loss":0,"event_name":"Colosseum","floor":19,"gold_loss":0},{"damage_healed":0,"gold_gain":0,"player_choice":"Fled From Nobs","damage_taken":0,"max_hp_gain":0,"max_hp_loss":0,"event_name":"Colosseum","floor":19,"gold_loss":0},{"damage_healed":0,"gold_gain":0,"cards_transformed":["Strike_B","Defend_B"],"player_choice":"Became Test Subject","damage_taken":0,"max_hp_gain":0,"max_hp_loss":0,"event_name":"Drug Dealer","floor":24,"gold_loss":0,"cards_obtained":["Chaos","Scrape"]},{"damage_healed":0,"gold_gain":50,"player_choice":"Stole From Cult","damage_taken":0,"max_hp_gain":0,"max_hp_loss":0,"event_name":"Nest","floor":25,"gold_loss":0},{"damage_healed":0,"gold_gain":0,"player_choice":"Traded Relic","damage_taken":0,"relics_obtained":["Nloth\u0027s Gift"],"max_hp_gain":0,"max_hp_loss":0,"event_name":"N\u0027loth","floor":31,"relics_lost":["Blue Candle"],"gold_loss":0},{"damage_healed":0,"gold_gain":0,"player_choice":"Memory 1","damage_taken":0,"max_hp_gain":0,"max_hp_loss":0,"event_name":"SensoryStone","floor":36,"gold_loss":0},{"damage_healed":0,"gold_gain":0,"player_choice":"Fight","damage_taken":0,"max_hp_gain":0,"max_hp_loss":0,"event_name":"MindBloom","floor":37,"gold_loss":0},{"damage_healed":0,"gold_gain":0,"player_choice":"Ignored","damage_taken":0,"max_hp_gain":0,"max_hp_loss":0,"event_name":"SecretPortal","floor":38,"gold_loss":0},{"damage_healed":15,"gold_gain":0,"player_choice":"Writhe","damage_taken":0,"max_hp_gain":0,"max_hp_loss":0,"event_name":"Winding Halls","floor":44,"gold_loss":0,"cards_obtained":["Writhe"]},{"damage_healed":0,"gold_gain":0,"player_choice":"Copied","damage_taken":0,"max_hp_gain":0,"max_hp_loss":0,"event_name":"Duplicator","floor":47,"gold_loss":0,"cards_obtained":["Glacier"]}],"is_beta":false,"boss_relics":[{"not_picked":["Orrery","Eternal Feather"],"picked":"Runic Pyramid"},{"not_picked":["Black Star","Snecko Eye"],"picked":"Cursed Key"}],"items_purged_floors":[10,45],"is_endless":false,"potions_floor_spawned":[3,12,13,18,20,22,35,40,42],"ascension_level":19}