{"gold_per_floor":[118,129,129,147,166,166,182,257,257,32,52,86,86,99,99,198,198,218,318,328,348,363,363,363,8,88,50,50,50,50,70,70,174,174,193,208,208,133,149,149,167,167,216,231,249,249,260,360,360,360],"floor_reached":51,"playtime":6311,"items_purged":["Normality"],"score":653,"play_id":"21c46b9f-7475-4360-994b-287d32158896","local_time":"20181019024200","is_ascension_mode":false,"campfire_choices":[{"floor":6,"key":"REST"},{"floor":15,"key":"REST"},{"floor":23,"key":"REST"},{"floor":28,"key":"REST"},{"floor":32,"key":"REST"},{"data":"1","floor":40,"key":"LIFT"},{"data":"2","floor":42,"key":"LIFT"},{"floor":49,"key":"REST"}],"neow_cost":"","seed_source_timestamp":4117792129092,"circlet_count":0,"master_deck":["Defend_G","Defend_G","Defend_G","Defend_G","Defend_G","Strike_G","Strike_G","Strike_G","Strike_G","Strike_G","Survivor","Sucker Punch","Poisoned Stab+1","Crippling Poison","Poisoned Stab","Skewer","Leg Sweep+1","Dark Shackles+1","Well Laid Plans","Flying Knee","Adrenaline+1","Blur+1","Bouncing Flask+1","PiercingWail+1","Blade Dance+1","Bouncing Flask+1","Backstab","Dagger Throw","Night Terror+1","Shame","Decay","Poisoned Stab+1","Deflect+1","Blade Dance+1","Crippling Poison+1","Footwork+1","Parasite","Blade Dance+1","Infinite Blades+1","Noxious Fumes"],"relics":["Ring of the Snake","Toxic Egg 2","Question Card","Fusion Hammer","Ornamental Fan","Kunai","Pantograph","Calling Bell","Bag of Marbles","Pear","Girya","Unceasing Top","Snake Skull"],"potions_floor_usage":[16,45,50,50],"damage_taken":[{"damage":19,"enemies":"Jaw Worm","floor":1,"turns":7},{"damage":0,"enemies":"Cultist","floor":2,"turns":4},{"damage":0,"enemies":"Small Slimes","floor":4,"turns":3},{"damage":4,"enemies":"Red Slaver","floor":5,"turns":5},{"damage":2,"enemies":"Blue Slaver","floor":7,"turns":4},{"damage":0,"enemies":"Looter","floor":11,"turns":4},{"damage":26,"enemies":"3 Sentries","floor":12,"turns":9},{"damage":0,"enemies":"Red Slaver","floor":14,"turns":4},{"damage":32,"enemies":"Hexaghost","floor":16,"turns":11},{"damage":14,"enemies":"Spheric Guardian","floor":18,"turns":5},{"damage":7,"enemies":"3 Byrds","floor":20,"turns":5},{"damage":17,"enemies":"Cultist and Chosen","floor":21,"turns":8},{"damage":13,"enemies":"Snake Plant","floor":22,"turns":5},{"damage":0,"enemies":"3 Cultists","floor":31,"turns":4},{"damage":32,"enemies":"Automaton","floor":33,"turns":13},{"damage":3,"enemies":"Orb Walker","floor":35,"turns":4},{"damage":0,"enemies":"3 Shapes","floor":36,"turns":5},{"damage":7,"enemies":"Mind Bloom Boss Battle","floor":37,"turns":7},{"damage":8,"enemies":"Transient","floor":39,"turns":5},{"damage":11,"enemies":"Sphere and 2 Shapes","floor":41,"turns":6},{"damage":14,"enemies":"Writhing Mass","floor":44,"turns":4},{"damage":5,"enemies":"Transient","floor":45,"turns":5},{"damage":9,"enemies":"Maw","floor":47,"turns":7},{"damage":64,"enemies":"Donu and Deca","floor":50,"turns":12}],"seed_played":"-1532393396463973402","potions_obtained":[{"floor":1,"key":"GamblersBrew"},{"floor":11,"key":"Regen Potion"},{"floor":18,"key":"SteroidPotion"},{"floor":22,"key":"SneckoOil"},{"floor":39,"key":"Fire Potion"},{"floor":47,"key":"LiquidBronze"}],"is_trial":false,"path_per_floor":["M","M","?","M","M","R","M","?","T","$","M","E","?","M","R","B",null,"M","?","M","M","M","R","T","$","T","$","R","?","?","M","R","B",null,"M","M","?","$","M","R","M","R","T","M","M","?","M","?","R","B"],"character_chosen":"THE_SILENT","items_purchased":["Skewer","Leg Sweep+1","Dark Shackles+1","Kunai","Blade Dance+1","Bouncing Flask+1","Backstab"],"campfire_rested":6,"item_purchase_floors":[10,10,10,25,25,25,27],"current_hp_per_floor":[51,51,51,51,47,68,66,55,55,55,55,29,29,29,50,30,70,56,56,49,32,19,40,40,40,40,40,61,61,48,48,70,43,85,82,82,78,78,70,70,59,59,59,45,40,40,31,31,56,17],"gold":360,"neow_bonus":"","is_prod":false,"is_daily":false,"chose_seed":false,"campfire_upgraded":0,"win_rate":0.0,"timestamp":1539931320,"path_taken":["M","M","?","M","M","R","M","?","T","$","M","E","?","M","R","BOSS","M","?","M","M","M","R","?","$","T","$","R","?","?","M","R","BOSS","M","M","?","$","M","R","M","R","T","M","?","?","M","?","R","BOSS"],"build_version":"2018-10-18","purchased_purges":1,"victory":true,"max_hp_per_floor":[70,70,70,70,70,70,70,70,70,70,70,70,70,70,70,70,70,70,70,70,70,70,70,70,70,70,70,70,70,75,75,75,75,85,85,85,85,85,85,85,85,85,85,85,85,85,85,85,85,85],"card_choices":[{"not_picked":["Escape Plan","Quick Slash"],"picked":"Sucker Punch","floor":1},{"not_picked":["Flying Knee","Acrobatics"],"picked":"Poisoned Stab","floor":2},{"not_picked":["Blade Dance","Slice"],"picked":"Crippling Poison","floor":4},{"not_picked":["Dodge and Roll","Deflect"],"picked":"Poisoned Stab","floor":5},{"not_picked":["Underhanded Strike","Eviscerate","Doppelganger"],"picked":"SKIP","floor":7},{"not_picked":["Underhanded Strike","Dodge and Roll+1"],"picked":"Well Laid Plans","floor":11},{"not_picked":["Outmaneuver+1","Underhanded Strike"],"picked":"Flying Knee","floor":12},{"not_picked":["Prepared+1","Sucker Punch","Leg Sweep+1","Acrobatics+1"],"picked":"SKIP","floor":14},{"not_picked":["Phantasmal Killer+1","Die Die Die","A Thousand Cuts"],"picked":"Adrenaline+1","floor":16},{"not_picked":["Prepared+1","Skewer","Dodge and Roll+1"],"picked":"Blur+1","floor":18},{"not_picked":["Prepared+1","Infinite Blades","Blade Dance+1","Slice+1"],"picked":"SKIP","floor":20},{"not_picked":["Sucker Punch","All Out Attack","Riddle With Holes"],"picked":"Bouncing Flask+1","floor":21},{"not_picked":["Terror+1","Reflex+1","Deadly Poison+1"],"picked":"PiercingWail+1","floor":22},{"not_picked":["Flying Knee+1","Underhanded Strike","Sucker Punch"],"picked":"Dagger Throw","floor":31},{"not_picked":["Wraith Form v2","A Thousand Cuts","Tools of the Trade"],"picked":"Night Terror+1","floor":33},{"not_picked":["Underhanded Strike","Bouncing Flask+1","Sucker Punch+1"],"picked":"Poisoned Stab+1","floor":35},{"not_picked":["Flechettes","Underhanded Strike+1","Terror+1"],"picked":"Deflect+1","floor":36},{"not_picked":["Underhanded Strike+1","Sucker Punch","Finisher"],"picked":"Blade Dance+1","floor":37},{"not_picked":["Quick Slash+1","Slice+1","Flechettes"],"picked":"Crippling Poison+1","floor":39},{"not_picked":["Glass Knife","Well Laid Plans","Dagger Spray+1"],"picked":"Footwork+1","floor":41},{"not_picked":["Deadly Poison+1","Skewer","Underhanded Strike"],"picked":"Blade Dance+1","floor":44},{"not_picked":["All Out Attack","Acrobatics+1","Masterful Stab+1"],"picked":"Infinite Blades+1","floor":45},{"not_picked":["Dagger Throw","Deflect+1","Blade Dance+1"],"picked":"Noxious Fumes","floor":47}],"player_experience":9899,"relics_obtained":[{"floor":9,"key":"Toxic Egg 2"},{"floor":12,"key":"Question Card"},{"floor":24,"key":"Ornamental Fan"},{"floor":26,"key":"Pantograph"},{"floor":34,"key":"Bag of Marbles"},{"floor":34,"key":"Pear"},{"floor":34,"key":"Girya"},{"floor":37,"key":"Unceasing Top"},{"floor":43,"key":"Snake Skull"}],"event_choices":[{"damage_healed":0,"gold_gain":0,"player_choice":"Forge","damage_taken":0,"max_hp_gain":0,"max_hp_loss":0,"event_name":"Accursed Blacksmith","floor":3,"gold_loss":0,"cards_upgraded":["Poisoned Stab"]},{"damage_healed":0,"gold_gain":75,"player_choice":"Gather Gold","damage_taken":11,"max_hp_gain":0,"max_hp_loss":0,"event_name":"World of Goop","floor":8,"gold_loss":0},{"damage_healed":0,"gold_gain":0,"player_choice":"Ignored","damage_taken":0,"max_hp_gain":0,"max_hp_loss":0,"event_name":"Shining Light","floor":13,"gold_loss":0},{"damage_healed":0,"gold_gain":100,"player_choice":"Pray","damage_taken":0,"max_hp_gain":0,"max_hp_loss":0,"event_name":"Golden Shrine","floor":19,"gold_loss":0},{"damage_healed":0,"gold_gain":0,"player_choice":"Bought 0 Potions","damage_taken":0,"max_hp_gain":0,"max_hp_loss":0,"event_name":"The Woman in Blue","floor":29,"gold_loss":0},{"damage_healed":0,"gold_gain":0,"player_choice":"Shed Blood","damage_taken":18,"max_hp_gain":5,"max_hp_loss":0,"event_name":"Forgotten Altar","floor":30,"gold_loss":0},{"damage_healed":0,"gold_gain":0,"player_choice":"Fight","damage_taken":0,"max_hp_gain":0,"max_hp_loss":0,"event_name":"MindBloom","floor":37,"gold_loss":0},{"cards_removed":["Neutralize"],"damage_healed":0,"gold_gain":0,"player_choice":"Removed Attack","damage_taken":0,"max_hp_gain":0,"max_hp_loss":0,"event_name":"Falling","floor":46,"gold_loss":0},{"damage_healed":0,"gold_gain":100,"player_choice":"Pray","damage_taken":0,"max_hp_gain":0,"max_hp_loss":0,"event_name":"Golden Shrine","floor":48,"gold_loss":0}],"is_beta":false,"boss_relics":[{"not_picked":["Lizard Tail","Ring of the Serpent"],"picked":"Fusion Hammer"},{"not_picked":["Empty Cage","Velvet Choker"],"picked":"Calling Bell"}],"items_purged_floors":[38],"is_endless":false,"potions_floor_spawned":[1,11,18,22,31,39,41,44,47],"ascension_level":0}