{"gold_per_floor":[116,66,241,166,178,198,214,214,214,247,266,277,297,307,307,410,410,423,423,423,423,69,69,69,86,86,106,106,134,134,151,151,151],"floor_reached":33,"playtime":799,"items_purged":["Doubt","Decay"],"score":269,"play_id":"036774f4-1078-4a65-bd11-d259438a27d4","local_time":"20190102022633","is_ascension_mode":false,"campfire_choices":[{"data":"Rampage","floor":15,"key":"SMITH"},{"data":"Flex","floor":23,"key":"SMITH"},{"data":"Cleave","floor":28,"key":"SMITH"},{"data":"Havoc","floor":30,"key":"SMITH"},{"data":"Headbutt","floor":32,"key":"SMITH"}],"neow_cost":"CURSE","seed_source_timestamp":38511923240678,"circlet_count":0,"master_deck":["Strike_R","Strike_R","Strike_R","Defend_R","Defend_R+1","Defend_R","Defend_R","Bash+1","Doubt","Heavy Blade","Flex+1","Rampage+1","Cleave+1","Pummel","Shrug It Off","Clash","Disarm","Thunderclap","Feed","Havoc+1","Heavy Blade","Pummel","Headbutt+1"],"relics":["Burning Blood","FossilizedHelix","Bird Faced Urn","Pocketwatch","Busted Crown","Torii","Letter Opener","Strawberry","Unceasing Top"],"potions_floor_usage":[10,27,33,33,33],"damage_taken":[{"damage":0,"enemies":"Jaw Worm","floor":1,"turns":4},{"damage":0,"enemies":"Small Slimes","floor":5,"turns":3},{"damage":0,"enemies":"2 Louse","floor":6,"turns":2},{"damage":5,"enemies":"Exordium Wildlife","floor":7,"turns":5},{"damage":33,"enemies":"Lagavulin","floor":10,"turns":10},{"damage":0,"enemies":"3 Louse","floor":11,"turns":2},{"damage":0,"enemies":"Red Slaver","floor":12,"turns":2},{"damage":6,"enemies":"2 Fungi Beasts","floor":13,"turns":3},{"damage":6,"enemies":"3 Louse","floor":14,"turns":3},{"damage":44,"enemies":"Slime Boss","floor":16,"turns":14},{"damage":30,"enemies":"2 Thieves","floor":18,"turns":4},{"damage":0,"enemies":"Chosen","floor":25,"turns":4},{"damage":8,"enemies":"Centurion and Healer","floor":27,"turns":4},{"damage":23,"enemies":"Slavers","floor":29,"turns":5},{"damage":7,"enemies":"Snecko","floor":31,"turns":4},{"damage":59,"enemies":"Collector","floor":33,"turns":6}],"seed_played":"409112525117505058","potions_obtained":[{"floor":6,"key":"Weak Potion"},{"floor":7,"key":"Dexterity Potion"},{"floor":10,"key":"Fire Potion"},{"floor":13,"key":"LiquidBronze"},{"floor":29,"key":"PowerPotion"}],"is_trial":false,"path_per_floor":["M","?","?","$","M","M","M","?","T","E","M","M","M","M","R","B",null,"M","?","T","?","$","R","?","M","T","M","R","E","R","M","R","B"],"character_chosen":"IRONCLAD","items_purchased":["Letter Opener"],"campfire_rested":0,"item_purchase_floors":[22],"current_hp_per_floor":[80,80,80,80,80,80,80,64,64,37,43,49,49,49,49,11,80,56,56,56,56,56,56,56,62,69,70,70,56,56,55,55,0],"gold":151,"neow_bonus":"ONE_RARE_RELIC","is_prod":false,"is_daily":false,"chose_seed":false,"campfire_upgraded":5,"win_rate":0,"timestamp":1546388793,"path_taken":["M","?","?","$","M","M","M","?","T","E","M","M","M","M","R","BOSS","M","?","?","?","$","R","?","M","T","M","R","E","R","M","R","BOSS"],"build_version":"2018-12-20","purchased_purges":2,"victory":false,"max_hp_per_floor":[80,80,80,80,80,80,80,80,80,80,80,80,80,80,80,80,80,80,80,80,80,80,80,80,80,87,90,90,93,93,93,93,93],"card_choices":[{"not_picked":["Pummel","True Grit"],"picked":"Heavy Blade","floor":1},{"not_picked":["Anger","Fire Breathing"],"picked":"Flex","floor":5},{"not_picked":["Shockwave","Havoc"],"picked":"Rampage","floor":6},{"not_picked":["Combust","Battle Trance"],"picked":"Cleave","floor":7},{"not_picked":["Burning Pact","Body Slam"],"picked":"Pummel","floor":10},{"not_picked":["Uppercut","Thunderclap"],"picked":"Shrug It Off","floor":11},{"not_picked":["Headbutt","Thunderclap"],"picked":"Clash","floor":12},{"not_picked":["Intimidate","Hemokinesis"],"picked":"Disarm","floor":13},{"not_picked":["Disarm","Anger"],"picked":"Thunderclap","floor":14},{"not_picked":["Dark Embrace","Impervious"],"picked":"Feed","floor":16},{"not_picked":[],"picked":"Havoc","floor":18},{"not_picked":["Anger"],"picked":"SKIP","floor":25},{"not_picked":[],"picked":"Heavy Blade","floor":27},{"not_picked":[],"picked":"Pummel","floor":29},{"not_picked":[],"picked":"Headbutt","floor":31}],"player_experience":65879,"relics_obtained":[{"floor":9,"key":"Bird Faced Urn"},{"floor":10,"key":"Pocketwatch"},{"floor":20,"key":"Torii"},{"floor":26,"key":"Strawberry"},{"floor":29,"key":"Unceasing Top"}],"event_choices":[{"cards_removed":["Strike_R"],"damage_healed":0,"gold_gain":0,"player_choice":"Card Removal","damage_taken":0,"max_hp_gain":0,"max_hp_loss":0,"event_name":"The Cleric","floor":2,"gold_loss":50},{"damage_healed":0,"gold_gain":175,"player_choice":"AGREE","damage_taken":0,"max_hp_gain":0,"max_hp_loss":0,"event_name":"Liars Game","floor":3,"gold_loss":0,"cards_obtained":["Doubt"]},{"damage_healed":0,"gold_gain":0,"player_choice":"Entered Light","damage_taken":16,"max_hp_gain":0,"max_hp_loss":0,"event_name":"Shining Light","floor":8,"gold_loss":0,"cards_upgraded":["Defend_R","Bash"]},{"damage_healed":0,"gold_gain":0,"player_choice":"Ignored","damage_taken":0,"max_hp_gain":0,"max_hp_loss":0,"event_name":"Vampires","floor":19,"gold_loss":0},{"damage_healed":0,"gold_gain":0,"player_choice":"Smashed Altar","damage_taken":0,"max_hp_gain":0,"max_hp_loss":0,"event_name":"Forgotten Altar","floor":21,"gold_loss":0,"cards_obtained":["Decay"]},{"cards_removed":["Strike_R"],"damage_healed":0,"gold_gain":0,"player_choice":"Card Removal","damage_taken":0,"max_hp_gain":0,"max_hp_loss":0,"event_name":"Wheel of Change","floor":24,"gold_loss":0}],"is_beta":false,"boss_relics":[{"not_picked":["Runic Dome","Mark of Pain"],"picked":"Busted Crown"}],"items_purged_floors":[4,22],"is_endless":false,"potions_floor_spawned":[6,7,10,13,18,29],"killed_by":"Collector","ascension_level":0}