{"gold_per_floor":[113,38,38,213,313,313,313,22,22,22,56,56,73,87,87,188,188,207,241,241,255,255,281,281,307,307,307,307,324,349,361,361,461,461,471,57,69,84,84],"floor_reached":39,"playtime":2716,"items_purged":["Doubt"],"score":624,"play_id":"b30165c6-6238-4a70-a175-6de4547bb288","local_time":"20190209235752","is_ascension_mode":true,"campfire_choices":[{"data":"Defragment","floor":6,"key":"SMITH"},{"data":"Loop","floor":12,"key":"SMITH"},{"floor":15,"key":"REST"},{"floor":24,"key":"REST"},{"floor":27,"key":"REST"},{"floor":32,"key":"REST"}],"neow_cost":"NONE","seed_source_timestamp":2459476185761954,"circlet_count":0,"master_deck":["Strike_B","Strike_B","Defend_B","Defend_B+1","Defend_B+1","Zap","Dualcast","Defragment+1","Loop+1","Electrodynamics","Compile Driver+1","Steam","Machine Learning+1","Stack+1","Go for the Eyes+1","Sweeping Beam+1","Gash+1","Clumsy","Doom and Gloom+1","Sunder+1","FTL+1","Echo Form","Compile Driver+1","Stack+1","Biased Cognition","Gash+1","Leap+1","Sweeping Beam+1"],"relics":["Cracked Core","NeowsBlessing","War Paint","Art of War","Blood Vial","Molten Egg 2","Cursed Key","Red Mask","Nilry\u0027s Codex","Gremlin Horn","Bag of Marbles","StoneCalendar","PreservedInsect","Eternal Feather","ClockworkSouvenir"],"potions_floor_usage":[11,19,19,23,25,30,33,39],"damage_taken":[{"damage":0,"enemies":"Jaw Worm","floor":1,"turns":1},{"damage":0,"enemies":"2 Louse","floor":7,"turns":1},{"damage":0,"enemies":"Gremlin Nob","floor":11,"turns":1},{"damage":0,"enemies":"Cultist","floor":13,"turns":3},{"damage":6,"enemies":"Looter","floor":14,"turns":3},{"damage":21,"enemies":"Hexaghost","floor":16,"turns":9},{"damage":13,"enemies":"Shell Parasite","floor":18,"turns":5},{"damage":1,"enemies":"Masked Bandits","floor":19,"turns":3},{"damage":0,"enemies":"Chosen","floor":21,"turns":4},{"damage":7,"enemies":"Gremlin Leader","floor":23,"turns":6},{"damage":14,"enemies":"Book of Stabbing","floor":25,"turns":5},{"damage":12,"enemies":"Centurion and Healer","floor":29,"turns":4},{"damage":22,"enemies":"Gremlin Leader","floor":30,"turns":5},{"damage":8,"enemies":"Cultist and Chosen","floor":31,"turns":3},{"damage":29,"enemies":"Champ","floor":33,"turns":9},{"damage":28,"enemies":"3 Darklings","floor":35,"turns":4},{"damage":16,"enemies":"Orb Walker","floor":37,"turns":4},{"damage":27,"enemies":"Jaw Worm Horde","floor":38,"turns":3},{"damage":9,"enemies":"Maw","floor":39,"turns":2}],"seed_played":"6020221029413952873","potions_obtained":[{"floor":1,"key":"Fruit Juice"},{"floor":11,"key":"SpeedPotion"},{"floor":13,"key":"Dexterity Potion"},{"floor":18,"key":"SkillPotion"},{"floor":19,"key":"Energy Potion"},{"floor":21,"key":"Fire Potion"},{"floor":29,"key":"FearPotion"},{"floor":35,"key":"Weak Potion"}],"is_trial":false,"path_per_floor":["M","$","?","?","?","R","M","$","T","?","E","R","M","M","R","B",null,"M","?","?","M","?","E","R","E","T","R","?","M","E","M","R","B",null,"M","$","M","M","M"],"character_chosen":"DEFECT","items_purchased":["Loop","War Paint","Art of War","ClockworkSouvenir","Biased Cognition","Gash+1"],"campfire_rested":4,"item_purchase_floors":[2,8,8,36,36,36],"current_hp_per_floor":[68,68,61,61,61,61,61,61,61,61,68,68,70,66,80,59,75,64,65,65,67,51,46,70,58,58,80,80,68,48,42,66,39,70,44,44,30,5,0],"gold":84,"neow_bonus":"THREE_ENEMY_KILL","is_prod":false,"is_daily":false,"chose_seed":false,"campfire_upgraded":2,"win_rate":0,"timestamp":1549785472,"path_taken":["M","$","?","?","?","R","?","$","T","?","E","R","M","M","R","BOSS","M","?","?","?","?","E","R","E","T","R","?","M","E","?","R","BOSS","M","$","?","M","M"],"build_version":"2019-01-23","purchased_purges":1,"victory":false,"max_hp_per_floor":[75,75,75,75,75,75,75,75,75,75,80,80,80,80,80,80,80,80,80,80,80,80,80,80,80,80,80,80,80,80,80,80,80,80,80,80,80,80,80],"card_choices":[{"not_picked":["Tempest","Aggregate"],"picked":"Defragment","floor":1},{"not_picked":["Redo","Compile Driver","Static Discharge"],"picked":"SKIP","floor":7},{"not_picked":["Sweeping Beam","Double Energy"],"picked":"Electrodynamics","floor":11},{"not_picked":["Turbo","Undo"],"picked":"Compile Driver+1","floor":13},{"not_picked":["Turbo","Hologram"],"picked":"Steam","floor":14},{"not_picked":["Meteor Strike+1","Creative AI"],"picked":"Machine Learning","floor":16},{"not_picked":["Turbo","Chaos+1"],"picked":"Stack+1","floor":18},{"not_picked":["Static Discharge","Genetic Algorithm"],"picked":"Go for the Eyes+1","floor":19},{"not_picked":["Genetic Algorithm+1","Turbo","Streamline+1"],"picked":"SKIP","floor":21},{"not_picked":["Hologram+1","Stack+1"],"picked":"Sweeping Beam+1","floor":23},{"not_picked":["Auto Shields","Fusion"],"picked":"Gash+1","floor":25},{"not_picked":["Loop+1","Hyperbeam+1"],"picked":"FTL+1","floor":29},{"not_picked":["Steam","Force Field+1"],"picked":"Echo Form","floor":30},{"not_picked":["Steam Power+1","Beam Cell+1"],"picked":"Compile Driver+1","floor":31},{"not_picked":["Ball Lightning+1","Hologram"],"picked":"Stack+1","floor":35},{"not_picked":["Tempest+1","Reinforced Body+1"],"picked":"Leap+1","floor":37},{"not_picked":["Hologram+1","Coolheaded"],"picked":"Sweeping Beam+1","floor":38}],"player_experience":312144,"relics_obtained":[{"floor":9,"key":"Blood Vial"},{"floor":11,"key":"Molten Egg 2"},{"floor":19,"key":"Red Mask"},{"floor":22,"key":"Nilry\u0027s Codex"},{"floor":23,"key":"Gremlin Horn"},{"floor":25,"key":"Bag of Marbles"},{"floor":26,"key":"StoneCalendar"},{"floor":30,"key":"PreservedInsect"}],"event_choices":[{"cards_removed":["Strike_B"],"damage_healed":0,"gold_gain":0,"player_choice":"Card Removal","damage_taken":7,"max_hp_gain":0,"max_hp_loss":0,"event_name":"Golden Wing","floor":3,"gold_loss":0},{"damage_healed":0,"gold_gain":175,"player_choice":"AGREE","damage_taken":0,"max_hp_gain":0,"max_hp_loss":0,"event_name":"Liars Game","floor":4,"gold_loss":0,"cards_obtained":["Doubt"]},{"damage_healed":0,"gold_gain":100,"player_choice":"Pray","damage_taken":0,"max_hp_gain":0,"max_hp_loss":0,"event_name":"Golden Shrine","floor":5,"gold_loss":0},{"damage_healed":0,"gold_gain":0,"player_choice":"Leave","damage_taken":0,"max_hp_gain":0,"max_hp_loss":0,"event_name":"The Cleric","floor":10,"gold_loss":0},{"damage_healed":0,"gold_gain":0,"player_choice":"Fought Bandits","damage_taken":0,"max_hp_gain":0,"max_hp_loss":0,"event_name":"Masked Bandits","floor":19,"gold_loss":0},{"damage_healed":0,"gold_gain":0,"player_choice":"Upgraded","damage_taken":0,"max_hp_gain":0,"max_hp_loss":0,"event_name":"Upgrade Shrine","floor":20,"gold_loss":0,"cards_upgraded":["Machine Learning"]},{"damage_healed":0,"gold_gain":0,"player_choice":"Obtained Book","damage_taken":16,"max_hp_gain":0,"max_hp_loss":0,"event_name":"Cursed Tome","floor":22,"gold_loss":0},{"damage_healed":0,"gold_gain":0,"cards_transformed":["Strike_B","Defend_B"],"player_choice":"Became Test Subject","damage_taken":0,"max_hp_gain":0,"max_hp_loss":0,"event_name":"Drug Dealer","floor":28,"gold_loss":0,"cards_obtained":["Doom and Gloom","Sunder"]}],"is_beta":false,"boss_relics":[{"not_picked":["White Beast Statue","Fusion Hammer"],"picked":"Cursed Key"},{"not_picked":["Coffee Dripper","Velvet Choker"],"picked":"Eternal Feather"}],"items_purged_floors":[36],"is_endless":false,"potions_floor_spawned":[1,11,13,18,19,21,29,35],"killed_by":"Maw","ascension_level":7}