{"gold_per_floor":[114,114,128,303,303,303,117,152,152,152,187,187,201,6,6,109,109,125,137,12,27,27,62,62,62,89,105,105,137,155,50,50,145,145,164,81,81,331,331,331,181,181,205,233,248,248,248,28,28,28],"floor_reached":51,"playtime":4311,"items_purged":["Strike_B","Strike_B","Strike_B","Regret"],"score":840,"play_id":"c35f1e16-95b4-4dd1-bfe1-35d886d40f46","local_time":"20180808231053","is_ascension_mode":false,"campfire_choices":[{"data":"Hologram","floor":6,"key":"SMITH"},{"data":"Darkness","floor":10,"key":"SMITH"},{"data":"Loop","floor":12,"key":"SMITH"},{"floor":15,"key":"REST"},{"data":"Ghostly","floor":24,"key":"SMITH"},{"data":"Ghostly","floor":28,"key":"SMITH"},{"floor":32,"key":"REST"},{"data":"Echo Form","floor":40,"key":"SMITH"},{"data":"Double Energy","floor":49,"key":"SMITH"}],"neow_cost":"NONE","seed_source_timestamp":3593658513471280,"circlet_count":0,"master_deck":["Defend_B+1","Defend_B+1","Defend_B+1","Defend_B+1","Zap+1","Dualcast+1","Skim+1","Beam Cell+1","Hologram+1","Darkness+1","Loop+1","Echo Form+1","Loop+1","Hologram+1","Stack+1","Loop+1","Amplify+1","Hologram+1","Recycle+1","Ghostly+1","Ghostly+1","Ghostly+1","Ghostly+1","Ghostly+1","Rebound+1","White Noise+1","FTL+1","Conserve Battery+1","Rainbow+1","Reinforced Body+1","Heatsinks+1","Turbo+1","Heatsinks+1","Double Energy+1"],"relics":["Cracked Core","Orichalcum","Bottled Lightning","Mango","Eternal Feather","Kunai","Boot","Blood Vial","Ornamental Fan","Inserter","Mark of the Bloom","Vajra","Meat on the Bone","StoneCalendar","Potion Belt"],"potions_floor_usage":[11,19,21,23,29,33,44,50,50,50,50,50,50,50,50],"damage_taken":[{"damage":10,"enemies":"Small Slimes","floor":1,"turns":3},{"damage":1,"enemies":"Cultist","floor":3,"turns":3},{"damage":26,"enemies":"Gremlin Nob","floor":8,"turns":4},{"damage":12,"enemies":"Lagavulin","floor":11,"turns":4},{"damage":7,"enemies":"2 Louse","floor":13,"turns":3},{"damage":27,"enemies":"The Guardian","floor":16,"turns":6},{"damage":33,"enemies":"2 Thieves","floor":18,"turns":5},{"damage":9,"enemies":"Shell Parasite","floor":19,"turns":5},{"damage":10,"enemies":"Snake Plant","floor":21,"turns":4},{"damage":23,"enemies":"Slavers","floor":23,"turns":6},{"damage":12,"enemies":"Centurion and Healer","floor":27,"turns":8},{"damage":29,"enemies":"Gremlin Leader","floor":29,"turns":9},{"damage":0,"enemies":"Snecko","floor":30,"turns":5},{"damage":14,"enemies":"Collector","floor":33,"turns":10},{"damage":0,"enemies":"Orb Walker","floor":35,"turns":3},{"damage":0,"enemies":"Nemesis","floor":44,"turns":7},{"damage":0,"enemies":"Flame Bruiser 1 Orb","floor":45,"turns":5},{"damage":0,"enemies":"Time Eater","floor":50,"turns":11}],"seed_played":"-6921356223463274078","potions_obtained":[{"floor":2,"key":"FearPotion"},{"floor":2,"key":"Fire Potion"},{"floor":2,"key":"SkillPotion"},{"floor":8,"key":"Poison Potion"},{"floor":13,"key":"Weak Potion"},{"floor":19,"key":"Block Potion"},{"floor":21,"key":"SpeedPotion"},{"floor":30,"key":"EntropicBrew"},{"floor":35,"key":"PowerPotion"},{"floor":45,"key":"Block Potion"}],"is_trial":false,"path_per_floor":["M","?","M","?","?","R","$","E","T","R","E","R","M","$","R","B",null,"M","M","$","M","?","E","R","?","T","M","R","E","M","$","R","B",null,"M","$","?","?","?","R","$","?","T","E","M","T","?","$","R","B"],"character_chosen":"DEFECT","items_purchased":["Darkness","Loop","Stack","Loop","PowerPotion","Conserve Battery","Heatsinks","Turbo","Potion Belt","EssenceOfSteel"],"campfire_rested":2,"item_purchase_floors":[7,7,14,14,31,31,36,36,48,48],"current_hp_per_floor":[65,65,64,64,57,57,57,31,31,31,33,33,26,26,52,25,89,56,47,47,37,37,14,29,29,29,19,34,7,9,9,37,25,44,44,44,44,44,44,44,44,44,44,44,44,44,44,44,44,44],"gold":28,"neow_bonus":"TRANSFORM_CARD","is_prod":false,"is_daily":false,"chose_seed":false,"campfire_upgraded":7,"win_rate":0,"timestamp":1533766253,"path_taken":["M","?","M","?","?","R","?","E","T","R","E","R","?","$","R","BOSS","M","M","$","M","?","E","R","?","T","M","R","E","?","$","R","BOSS","M","$","?","?","?","R","$","?","T","E","?","?","?","$","R","BOSS"],"build_version":"2018-08-02","purchased_purges":4,"victory":true,"max_hp_per_floor":[75,75,75,75,75,75,75,75,75,75,89,89,89,89,89,89,89,89,89,89,89,44,44,44,44,44,44,44,44,44,44,44,44,44,44,44,44,44,44,44,44,44,44,44,44,44,44,44,44,44],"card_choices":[{"not_picked":["Rebound","Redo"],"picked":"Beam Cell","floor":1},{"not_picked":["Go for the Eyes","Tempest"],"picked":"Hologram","floor":3},{"not_picked":["Conserve Battery","Undo"],"picked":"Echo Form","floor":8},{"not_picked":["Coolheaded","Glacier"],"picked":"Loop","floor":11},{"not_picked":["Leap","Redo"],"picked":"Hologram","floor":13},{"not_picked":["Creative AI","Hyperbeam"],"picked":"Amplify","floor":16},{"not_picked":["Go for the Eyes","Rebound"],"picked":"Hologram+1","floor":18},{"not_picked":["Turbo","Reinforced Body"],"picked":"Go for the Eyes+1","floor":19},{"not_picked":["Stack","Glacier"],"picked":"Recycle+1","floor":21},{"not_picked":["Coolheaded","Hologram"],"picked":"Rebound+1","floor":23},{"not_picked":["Aggregate+1","Leap+1"],"picked":"White Noise+1","floor":27},{"not_picked":["Gash+1","Auto Shields"],"picked":"FTL","floor":29},{"not_picked":["Thunder Strike","Compile Driver","Chill"],"picked":"SKIP","floor":30},{"not_picked":["Thunder Strike","Multi-Cast"],"picked":"Rainbow","floor":33},{"not_picked":["Steam+1","Steam Power"],"picked":"Reinforced Body+1","floor":35},{"not_picked":["Stack+1","Streamline+1"],"picked":"Heatsinks+1","floor":44},{"not_picked":["Ball Lightning+1","Redo"],"picked":"Double Energy","floor":45}],"player_experience":58908,"relics_obtained":[{"floor":8,"key":"Orichalcum"},{"floor":9,"key":"Bottled Lightning"},{"floor":11,"key":"Mango"},{"floor":23,"key":"Kunai"},{"floor":26,"key":"Blood Vial"},{"floor":29,"key":"Ornamental Fan"},{"floor":43,"key":"Vajra"},{"floor":44,"key":"Meat on the Bone"},{"floor":46,"key":"StoneCalendar"}],"event_choices":[{"event_name":"The Lab","player_choice":"Got Potions","floor":2,"damage_taken":0},{"event_name":"Liars Game","player_choice":"agreed","floor":4,"damage_taken":0},{"event_name":"Golden Wing","player_choice":"Card Removal","floor":5,"damage_taken":0},{"event_name":"Ghosts","player_choice":"Became a Ghost","floor":22,"damage_taken":0},{"event_name":"The Mausoleum","player_choice":"Yes","floor":25,"damage_taken":0},{"event_name":"Falling","player_choice":"Removed Attack","floor":37,"damage_taken":0},{"event_name":"Golden Shrine","player_choice":"Desecrate","floor":38,"damage_taken":0},{"event_name":"SecretPortal","player_choice":"Rejected Portal.","floor":39,"damage_taken":0},{"event_name":"MindBloom","player_choice":"Upgrade","floor":42,"damage_taken":0},{"event_name":"Tomb of Lord Red Mask","player_choice":"Ignored","floor":47,"damage_taken":0}],"is_beta":false,"boss_relics":[{"not_picked":["Tiny House","FrozenCore"],"picked":"Eternal Feather"},{"not_picked":["Cursed Key","Lizard Tail"],"picked":"Inserter"}],"items_purged_floors":[7,14,20,41],"is_endless":false,"potions_floor_spawned":[8,13,16,19,21,30,35,45],"ascension_level":0}