{"gold_per_floor":[118,92,105,105,105,105,132,142,196,196,224,299,1,18,18,113,113,129,153,153,163,188,202,202,213,213,213,230,260,280,294,294,294],"floor_reached":33,"playtime":19018,"items_purged":[],"score":257,"play_id":"ba610e40-f6d0-4037-a4de-9b38d63bea72","local_time":"20190217132543","is_ascension_mode":false,"campfire_choices":[{"data":"Zap","floor":6.0,"key":"SMITH"},{"floor":10.0,"key":"REST"},{"floor":15.0,"key":"REST"},{"floor":24.0,"key":"REST"},{"floor":27.0,"key":"REST"},{"floor":32.0,"key":"REST"}],"neow_cost":"CURSE","seed_source_timestamp":0,"circlet_count":0,"master_deck":["Strike_B","Strike_B","Strike_B","Strike_B","Defend_B","Defend_B+1","Defend_B+1","Defend_B","Zap+1","Dualcast","Storm","Gash","BootSequence","Doubt","Chill","Cold Snap","Genetic Algorithm","Rebound","Gash","Rainbow","Hello World","Gash+1","Genetic Algorithm+1","Hologram","Writhe","Rebound"],"special_seed":0,"relics":["Cracked Core","Incense Burner","War Paint","Centennial Puzzle","Sundial","Kunai","Runic Capacitor","Inserter","Orichalcum","MutagenicStrength","Red Mask","Matryoshka","Tiny Chest"],"potions_floor_usage":[33],"damage_taken":[{"damage":1.0,"enemies":"Cultist","floor":1.0,"turns":3.0},{"damage":0.0,"enemies":"2 Louse","floor":3.0,"turns":1.0},{"damage":34.0,"enemies":"Lagavulin","floor":7.0,"turns":7.0},{"damage":7.0,"enemies":"Jaw Worm","floor":8.0,"turns":4.0},{"damage":31.0,"enemies":"Gremlin Nob","floor":11.0,"turns":6.0},{"damage":0.0,"enemies":"Red Slaver","floor":14.0,"turns":3.0},{"damage":23.0,"enemies":"Slime Boss","floor":16.0,"turns":8.0},{"damage":9.0,"enemies":"Chosen","floor":18.0,"turns":6.0},{"damage":3.0,"enemies":"Shell Parasite","floor":21.0,"turns":6.0},{"damage":28.0,"enemies":"Masked Bandits","floor":22.0,"turns":7.0},{"damage":3.0,"enemies":"Snecko","floor":23.0,"turns":6.0},{"damage":19.0,"enemies":"Snake Plant","floor":25.0,"turns":5.0},{"damage":12.0,"enemies":"Centurion and Healer","floor":28.0,"turns":6.0},{"damage":14.0,"enemies":"Snecko","floor":30.0,"turns":8.0},{"damage":12.0,"enemies":"Snake Plant","floor":31.0,"turns":6.0},{"damage":48,"enemies":"Automaton","floor":33,"turns":10}],"seed_played":"-1939392692439181407","potions_obtained":[{"floor":7.0,"key":"GamblersBrew"},{"floor":14.0,"key":"PowerPotion"},{"floor":16.0,"key":"EssenceOfSteel"},{"floor":23.0,"key":"Strength Potion"},{"floor":30.0,"key":"Weak Potion"},{"floor":31.0,"key":"Weak Potion"}],"is_trial":false,"path_per_floor":["M","$","M","?","$","R","E","M","T","R","E","T","$","M","R","B",null,"M","T","?","M","?","M","R","M","T","R","M","?","M","M","R","B"],"character_chosen":"DEFECT","items_purchased":["Gash","Rebound","Runic Capacitor","Poison Potion"],"campfire_rested":5,"item_purchase_floors":[2,13,13,13],"current_hp_per_floor":[74,74,74,72,72,72,38,31,31,52,21,21,21,21,42,19,72,63,63,63,60,32,29,50,31,31,52,40,40,26,14,35,0],"gold":294,"neow_bonus":"ONE_RARE_RELIC","is_prod":false,"is_daily":false,"chose_seed":false,"campfire_upgraded":1,"win_rate":0,"timestamp":1550427943,"path_taken":["M","?","M","?","$","R","E","M","T","R","E","?","$","M","R","BOSS","M","?","?","M","?","M","R","M","T","R","M","?","M","M","R","BOSS"],"build_version":"2019-01-23","purchased_purges":0,"victory":false,"max_hp_per_floor":[75,75,75,72,72,72,72,72,72,72,72,72,72,72,72,72,72,72,72,72,72,72,72,72,72,72,72,72,72,72,72,72,72],"card_choices":[{"not_picked":["Compile Driver","Turbo"],"picked":"Storm","floor":1.0},{"not_picked":["Go for the Eyes","Turbo"],"picked":"BootSequence","floor":3.0},{"not_picked":["Coolheaded","Steam"],"picked":"Chill","floor":7.0},{"not_picked":["Hello World","Steam"],"picked":"Cold Snap","floor":8.0},{"not_picked":["Rip and Tear","Reinforced Body"],"picked":"Genetic Algorithm","floor":11.0},{"not_picked":["Go for the Eyes","Self Repair"],"picked":"Gash","floor":14.0},{"not_picked":["Hyperbeam","Amplify"],"picked":"Rainbow","floor":16.0},{"not_picked":["Aggregate","Rip and Tear"],"picked":"Hello World","floor":18.0},{"not_picked":["Barrage+1","Chaos"],"picked":"Gash+1","floor":21.0},{"not_picked":["Coolheaded","Undo+1"],"picked":"Genetic Algorithm+1","floor":22.0},{"not_picked":["Hello World","Coolheaded","Stack"],"picked":"SKIP","floor":23.0},{"not_picked":["Turbo","Lockon"],"picked":"Hologram","floor":25.0},{"not_picked":["Leap","Thunder Strike","Darkness+1"],"picked":"SKIP","floor":28.0},{"not_picked":["Sweeping Beam","Darkness","Double Energy"],"picked":"SKIP","floor":30.0},{"not_picked":["Ball Lightning","Redo"],"picked":"Rebound","floor":31.0}],"player_experience":118219,"relics_obtained":[{"floor":7.0,"key":"War Paint"},{"floor":9.0,"key":"Centennial Puzzle"},{"floor":11.0,"key":"Sundial"},{"floor":12.0,"key":"Kunai"},{"floor":19.0,"key":"Orichalcum"},{"floor":22.0,"key":"Red Mask"},{"floor":26.0,"key":"Matryoshka"}],"event_choices":[{"damage_healed":0.0,"max_hp_gain":0.0,"max_hp_loss":0.0,"gold_gain":0.0,"cards_transformed":["Parasite"],"event_name":"Living Wall","player_choice":"Change","floor":4.0,"gold_loss":0.0,"damage_taken":0.0,"cards_obtained":["Doubt"]},{"damage_healed":0.0,"max_hp_gain":0.0,"max_hp_loss":0.0,"gold_gain":0.0,"event_name":"Drug Dealer","player_choice":"Inject Mutagens","floor":20.0,"gold_loss":0.0,"damage_taken":0.0,"relics_obtained":["MutagenicStrength"]},{"damage_healed":0.0,"max_hp_gain":0.0,"max_hp_loss":0.0,"gold_gain":0.0,"event_name":"Masked Bandits","player_choice":"Fought Bandits","floor":22.0,"gold_loss":0.0,"damage_taken":0.0},{"damage_healed":0.0,"max_hp_gain":0.0,"max_hp_loss":0.0,"gold_gain":0.0,"event_name":"The Mausoleum","player_choice":"Opened","floor":29.0,"gold_loss":0.0,"damage_taken":0.0,"relics_obtained":["Tiny Chest"],"cards_obtained":["Writhe"]}],"is_beta":false,"boss_relics":[{"not_picked":["Velvet Choker","Coffee Dripper"],"picked":"Inserter"}],"items_purged_floors":[],"is_endless":false,"potions_floor_spawned":[7,14,16,23,30,31],"killed_by":"Automaton","ascension_level":0}