{"gold_per_floor":[116,126,126,145,164,164,174,174,174,86,86,105,105,160,160,261,261,278,328,338,338],"floor_reached":21,"playtime":778,"items_purged":[],"score":205,"play_id":"3ee0fe8f-b48d-4743-bb3c-b3332d641b16","local_time":"20181208022818","is_ascension_mode":true,"campfire_choices":[{"data":"Zap","floor":6.0,"key":"SMITH"},{"data":"Streamline","floor":8.0,"key":"SMITH"},{"data":"Cold Snap","floor":13.0,"key":"SMITH"},{"data":"Redo","floor":15.0,"key":"SMITH"}],"neow_cost":"CURSE","seed_source_timestamp":698653715125907,"circlet_count":0,"master_deck":["Strike_B","Strike_B","Strike_B","Strike_B","Defend_B","Defend_B","Defend_B","Defend_B","Zap+1","Regret","Cold Snap+1","Redo","Streamline+1","Leap","Self Repair","Go for the Eyes","Self Repair","Redo+1","Go for the Eyes","Machine Learning","Parasite","Shame","Decay","Double Energy","Consume","Conserve Battery"],"special_seed":0,"relics":["Cracked Core","FossilizedHelix","Gambling Chip","Calling Bell","Regal Pillow","Darkstone Periapt","Prayer Wheel"],"potions_floor_usage":[20,20],"damage_taken":[{"damage":4.0,"enemies":"Small Slimes","floor":1.0,"turns":3.0},{"damage":0.0,"enemies":"Jaw Worm","floor":2.0,"turns":2.0},{"damage":0.0,"enemies":"Cultist","floor":4.0,"turns":3.0},{"damage":13.0,"enemies":"Large Slime","floor":5.0,"turns":4.0},{"damage":2.0,"enemies":"Looter","floor":7.0,"turns":3.0},{"damage":1.0,"enemies":"2 Fungi Beasts","floor":12.0,"turns":3.0},{"damage":40.0,"enemies":"Slime Boss","floor":16.0,"turns":13.0},{"damage":35.0,"enemies":"Spheric Guardian","floor":18.0,"turns":6.0},{"damage":35,"enemies":"2 Thieves","floor":20,"turns":4},{"damage":27,"enemies":"Centurion and Healer","floor":21,"turns":6}],"seed_played":"-9221774869928746026","potions_obtained":[{"floor":1.0,"key":"Dexterity Potion"},{"floor":4.0,"key":"EssenceOfSteel"},{"floor":16.0,"key":"Explosive Potion"},{"floor":18.0,"key":"AttackPotion"}],"is_trial":false,"path_per_floor":["M","M","?","M","M","R","M","R","T","$","?","M","R","?","R","B",null,"M","?","M","M"],"character_chosen":"DEFECT","items_purchased":["Go for the Eyes","Self Repair"],"campfire_rested":0,"item_purchase_floors":[10,10],"current_hp_per_floor":[71,71,71,71,58,58,56,56,56,56,56,69,69,69,69,36,75,47,47,26,0],"gold":338,"neow_bonus":"ONE_RARE_RELIC","is_prod":false,"is_daily":false,"chose_seed":false,"campfire_upgraded":4,"win_rate":0,"timestamp":1544254098,"path_taken":["M","M","?","M","M","R","M","R","T","$","?","M","R","?","R","BOSS","M","?","M","?"],"build_version":"2018-12-06","purchased_purges":0,"victory":false,"max_hp_per_floor":[75,75,75,75,75,75,75,75,75,75,75,75,75,75,75,75,75,75,75,75,75],"card_choices":[{"not_picked":["Beam Cell","Hologram"],"picked":"Cold Snap","floor":1.0},{"not_picked":["Scrape","Hologram"],"picked":"Redo","floor":2.0},{"not_picked":["Reprogram","Barrage"],"picked":"Streamline","floor":4.0},{"not_picked":["Stack","Rebound"],"picked":"Leap","floor":5.0},{"not_picked":["Tempest","Turbo"],"picked":"Self Repair","floor":7.0},{"not_picked":["Amplify","Hologram"],"picked":"Go for the Eyes","floor":12.0},{"not_picked":["Hyperbeam","Core Surge"],"picked":"Machine Learning","floor":16.0},{"not_picked":["Turbo","Conserve Battery"],"picked":"Double Energy","floor":18.0},{"not_picked":["Skim","Rebound+1","Beam Cell+1"],"picked":"SKIP","floor":18.0},{"not_picked":["Streamline","Hologram"],"picked":"Consume","floor":20},{"not_picked":["Coolheaded","Blizzard"],"picked":"Conserve Battery","floor":20}],"player_experience":235225,"relics_obtained":[{"floor":9.0,"key":"Gambling Chip"},{"floor":17.0,"key":"Regal Pillow"},{"floor":17.0,"key":"Darkstone Periapt"},{"floor":17.0,"key":"Prayer Wheel"}],"event_choices":[{"damage_healed":0.0,"max_hp_gain":0.0,"max_hp_loss":0.0,"gold_gain":0.0,"event_name":"Liars Game","player_choice":"Ignored","floor":3.0,"gold_loss":0.0,"damage_taken":0.0},{"damage_healed":0.0,"max_hp_gain":0.0,"max_hp_loss":0.0,"gold_gain":0.0,"cards_transformed":["Dualcast"],"event_name":"Living Wall","player_choice":"Change","floor":11.0,"gold_loss":0.0,"damage_taken":0.0,"cards_obtained":["Redo"]},{"damage_healed":0.0,"max_hp_gain":0.0,"max_hp_loss":0.0,"gold_gain":55.0,"event_name":"Golden Wing","player_choice":"Gained Gold","floor":14.0,"gold_loss":0.0,"damage_taken":0.0},{"damage_healed":0.0,"max_hp_gain":0.0,"max_hp_loss":0.0,"gold_gain":100.0,"event_name":"The Joust","player_choice":"Bet on Murderer","floor":19.0,"gold_loss":50.0,"damage_taken":0.0}],"is_beta":false,"boss_relics":[{"not_picked":["Astrolabe","White Beast Statue"],"picked":"Calling Bell"}],"items_purged_floors":[],"is_endless":false,"potions_floor_spawned":[1,4,16,18],"killed_by":"Centurion and Healer","ascension_level":4}