{"gold_per_floor":[116,116,129,139,69,69,87,87,87,87,102,113,63,92,92,193,193,211,228,143,158,168,200,200,200,225,150,163,192,211,222,222,318,318,330,378,87,97,97,132,132,132,132,162,162,37,48,67,67,67],"floor_reached":51,"playtime":6285,"items_purged":["Defend_B","Strike_B","Defend_B"],"score":799,"play_id":"37bbfc9b-6c42-44b4-b065-3fdc5eeff42d","local_time":"20180806045819","is_ascension_mode":false,"campfire_choices":[{"data":"Buffer","floor":6.0,"key":"SMITH"},{"data":"Darkness","floor":8.0,"key":"SMITH"},{"data":"Dualcast","floor":10.0,"key":"SMITH"},{"data":"Buffer","floor":15.0,"key":"SMITH"},{"data":"Zap","floor":24.0,"key":"SMITH"},{"data":"Seek","floor":32.0,"key":"SMITH"},{"data":"Fission","floor":42,"key":"SMITH"},{"data":"Defragment","floor":45,"key":"SMITH"},{"data":"Loop","floor":49,"key":"SMITH"}],"neow_cost":"NONE","seed_source_timestamp":3293804983390389,"circlet_count":0,"master_deck":["Defend_B","Defend_B","Zap+1","Dualcast+1","Buffer+1","Gash","Coolheaded","Sunder","Darkness+1","Seek+1","Melter","Gash","Buffer+1","All For One","Streamline+1","Stack+1","Defragment+1","Coolheaded+1","Stack+1","Glacier+1","Gash","Aggregate+1","Turbo+1","Fission+1","Loop+1","Buffer+1","Streamline+1","Madness","Madness","Beam Cell+1","Fusion+1","BootSequence+1","Gash"],"special_seed":0,"relics":["Cracked Core","Blood Vial","Meat on the Bone","Runic Pyramid","Anchor","Omamori","Ornamental Fan","Oddly Smooth Stone","Calipers","Sozu","Thread and Needle","DollysMirror","Gambling Chip","Toxic Egg 2","Gremlin Horn"],"potions_floor_usage":[50],"damage_taken":[{"damage":5.0,"enemies":"Small Slimes","floor":1.0,"turns":4.0},{"damage":0.0,"enemies":"Cultist","floor":3.0,"turns":5.0},{"damage":2.0,"enemies":"2 Louse","floor":4.0,"turns":2.0},{"damage":0.0,"enemies":"Exordium Wildlife","floor":7.0,"turns":4.0},{"damage":6.0,"enemies":"Exordium Thugs","floor":11.0,"turns":4.0},{"damage":0.0,"enemies":"3 Louse","floor":12.0,"turns":2.0},{"damage":0.0,"enemies":"Lagavulin","floor":14.0,"turns":5.0},{"damage":8.0,"enemies":"The Guardian","floor":16.0,"turns":11.0},{"damage":0.0,"enemies":"Shell Parasite","floor":18.0,"turns":3.0},{"damage":0.0,"enemies":"Chosen","floor":19.0,"turns":3.0},{"damage":7.0,"enemies":"Snake Plant","floor":21.0,"turns":4.0},{"damage":0.0,"enemies":"Centurion and Healer","floor":22.0,"turns":6.0},{"damage":38.0,"enemies":"Slavers","floor":23.0,"turns":8.0},{"damage":0.0,"enemies":"Chosen and Byrds","floor":28.0,"turns":6.0},{"damage":9.0,"enemies":"Gremlin Leader","floor":29.0,"turns":9.0},{"damage":1.0,"enemies":"Sentry and Sphere","floor":30.0,"turns":5.0},{"damage":0.0,"enemies":"Centurion and Healer","floor":31.0,"turns":5.0},{"damage":6.0,"enemies":"Automaton","floor":33.0,"turns":9.0},{"damage":8,"enemies":"3 Darklings","floor":35,"turns":3},{"damage":0,"floor":36,"turns":6},{"damage":0,"enemies":"3 Shapes","floor":38,"turns":5},{"damage":0,"enemies":"Nemesis","floor":40,"turns":5},{"damage":0,"enemies":"Giant Head","floor":44,"turns":9},{"damage":0,"enemies":"Spire Growth","floor":47,"turns":4},{"damage":0,"enemies":"3 Darklings","floor":48,"turns":4},{"damage":52,"enemies":"Awakened One","floor":50,"turns":11}],"seed_played":"-5738757451701099122","potions_obtained":[{"floor":3.0,"key":"PowerPotion"},{"floor":4.0,"key":"Swift Potion"},{"floor":7.0,"key":"Block Potion"},{"floor":18.0,"key":"Dexterity Potion"},{"floor":29.0,"key":"Ancient Potion"},{"floor":30.0,"key":"AttackPotion"}],"is_trial":false,"path_per_floor":["M","?","M","M","$","R","M","R","T","R","M","M","?","E","R","B",null,"M","M","?","M","M","E","R","T","T","$","M","E","M","M","R","B",null,"M","?","$","M","?","E","?","R","T","E","R","$","M","M","R","B"],"character_chosen":"DEFECT","items_purchased":["Darkness","DollysMirror"],"campfire_rested":0,"item_purchase_floors":[5,37],"current_hp_per_floor":[70,70,70,68,68,68,68,68,68,68,64,66,66,68,68,62,75,75,75,75,68,70,46,46,46,46,46,48,41,42,44,44,40,75,67,69,69,71,62,64,64,64,64,66,66,66,68,70,70,32],"gold":67,"neow_bonus":"TRANSFORM_CARD","is_prod":false,"is_daily":false,"chose_seed":false,"campfire_upgraded":9,"win_rate":0,"timestamp":1533527899,"path_taken":["M","?","M","M","$","R","?","R","T","R","M","?","?","E","R","BOSS","M","M","?","?","M","E","R","?","T","$","M","E","M","M","R","BOSS","M","?","$","M","?","E","?","R","T","E","R","?","M","M","R","BOSS"],"build_version":"2018-08-02","purchased_purges":3,"victory":true,"max_hp_per_floor":[75,75,75,75,75,75,75,75,75,75,75,75,75,75,75,75,75,75,75,75,75,75,75,75,75,75,75,75,75,75,75,75,75,75,75,75,75,75,75,75,75,75,75,75,75,75,75,75,75,75],"card_choices":[{"not_picked":["Sweeping Beam","Defragment"],"picked":"Gash","floor":1.0},{"not_picked":["Go for the Eyes","Beam Cell"],"picked":"Coolheaded","floor":3.0},{"not_picked":["Barrage","Self Repair"],"picked":"Sunder","floor":4.0},{"not_picked":["Turbo","Static Discharge"],"picked":"Seek","floor":7.0},{"not_picked":["Chill","Sweeping Beam"],"picked":"Melter","floor":11.0},{"not_picked":["Streamline","Glacier"],"picked":"Gash","floor":12.0},{"not_picked":["Streamline","Rebound"],"picked":"Buffer","floor":14.0},{"not_picked":["Meteor Strike","Thunder Strike"],"picked":"All For One","floor":16.0},{"not_picked":["Turbo","Rebound"],"picked":"Streamline+1","floor":18.0},{"not_picked":["Barrage","Capacitor"],"picked":"Stack+1","floor":19.0},{"not_picked":["Redo","Chaos"],"picked":"Defragment","floor":21.0},{"not_picked":["Beam Cell","Sweeping Beam+1"],"picked":"Coolheaded+1","floor":22.0},{"not_picked":["Auto Shields","Undo+1"],"picked":"Stack+1","floor":23.0},{"not_picked":["Rebound","Cold Snap"],"picked":"Glacier+1","floor":28.0},{"not_picked":["Streamline","Barrage+1"],"picked":"Gash","floor":29.0},{"not_picked":["Loop","Cold Snap+1"],"picked":"Aggregate+1","floor":30.0},{"not_picked":["Electrodynamics","Redo"],"picked":"Turbo+1","floor":31.0},{"not_picked":["Biased Cognition","Multi-Cast"],"picked":"Fission","floor":33.0},{"not_picked":["Rebound","Sweeping Beam+1"],"picked":"Turbo+1","floor":35},{"not_picked":["Hello World+1","Beam Cell"],"picked":"Loop","floor":36},{"not_picked":["Barrage+1","Genetic Algorithm"],"picked":"Streamline+1","floor":38},{"not_picked":["Leap+1","Reboot"],"picked":"Beam Cell+1","floor":40},{"not_picked":["Compile Driver","Blizzard+1"],"picked":"Fusion+1","floor":44},{"not_picked":["Streamline","Barrage+1"],"picked":"BootSequence+1","floor":47},{"not_picked":["Coolheaded+1","Cold Snap"],"picked":"Gash","floor":48}],"player_experience":50935,"relics_obtained":[{"floor":9.0,"key":"Blood Vial"},{"floor":14.0,"key":"Meat on the Bone"},{"floor":23.0,"key":"Omamori"},{"floor":25.0,"key":"Ornamental Fan"},{"floor":26.0,"key":"Oddly Smooth Stone"},{"floor":29.0,"key":"Calipers"},{"floor":36,"key":"Thread and Needle"},{"floor":40,"key":"Gambling Chip"},{"floor":43,"key":"Toxic Egg 2"},{"floor":44,"key":"Gremlin Horn"}],"event_choices":[{"event_name":"Bonfire Elementals","player_choice":"BASIC","floor":2.0,"damage_taken":0.0},{"event_name":"The Cleric","player_choice":"Card Removal","floor":13.0,"damage_taken":0.0},{"event_name":"Addict","player_choice":"Obtained Relic","floor":20.0,"damage_taken":0.0},{"event_name":"Mysterious Sphere","player_choice":"Fight","floor":36,"damage_taken":0},{"event_name":"Winding Halls","player_choice":"Embrace Madness","floor":39,"damage_taken":0},{"event_name":"Falling","player_choice":"Removed Skill","floor":41,"damage_taken":0}],"is_beta":false,"boss_relics":[{"not_picked":["Lizard Tail","Cursed Key"],"picked":"Runic Pyramid"},{"not_picked":["Busted Crown","Astrolabe"],"picked":"Sozu"}],"items_purged_floors":[27,37,46],"is_endless":false,"potions_floor_spawned":[3,4,7,14,18,19,21,29,30,31,36,38,40,47,48],"ascension_level":0}