{"gold_per_floor":[14,30,46,56,131,131,147,147,147,27,27,38,52,72,72,175,175,188,188,216,216,24,24,24,24,78,110,110,126,126,137,137,241,241,257,270,284,48,48,48,48,48,48,48,48,62,19,19,19,19],"floor_reached":51,"playtime":1136,"items_purged":["Strike_B","Strike_B"],"score":655,"play_id":"53ee3b3e-420b-40b8-a197-2ddfb69f2257","local_time":"20190220044717","is_ascension_mode":false,"campfire_choices":[{"data":"Chaos","floor":6.0,"key":"SMITH"},{"data":"Hologram","floor":11.0,"key":"SMITH"},{"data":"Buffer","floor":15.0,"key":"SMITH"},{"data":"Zap","floor":23.0,"key":"SMITH"},{"floor":25.0,"key":"REST"},{"data":"Dualcast","floor":30.0,"key":"SMITH"},{"floor":32.0,"key":"REST"},{"data":"Streamline","floor":40.0,"key":"SMITH"},{"data":"White Noise","floor":42.0,"key":"SMITH"},{"data":"Tempest","floor":44.0,"key":"SMITH"},{"data":"Reinforced Body","floor":49.0,"key":"SMITH"}],"neow_cost":"NO_GOLD","seed_source_timestamp":40165119304115,"circlet_count":0,"master_deck":["Strike_B","Defend_B","Defend_B","Defend_B","Zap+1","Dualcast+1","Hologram+1","White Noise+1","Ball Lightning","Chaos+1","Ball Lightning","Streamline+1","Reinforced Body+1","Buffer+1","All For One","Compile Driver","Undo+1","Echo Form","Tempest+1","Ball Lightning","White Noise+1","Meteor Strike+1","Chill+1","Biased Cognition","Beam Cell+1","Leap+1","Recycle+1","Core Surge+1","Darkness+1","Beam Cell+1"],"special_seed":0,"relics":["Cracked Core","Pocketwatch","FaceOfCleric","Anchor","Sozu","Enchiridion","Red Mask","PreservedInsect","Regal Pillow","DataDisk","Molten Egg 2","Matryoshka","Nuclear Battery","The Courier","Centennial Puzzle"],"potions_floor_usage":[],"damage_taken":[{"damage":0.0,"enemies":"Cultist","floor":1.0,"turns":4.0},{"damage":6.0,"enemies":"2 Louse","floor":2.0,"turns":2.0},{"damage":0.0,"enemies":"Jaw Worm","floor":3.0,"turns":4.0},{"damage":0.0,"enemies":"Looter","floor":4.0,"turns":3.0},{"damage":0.0,"enemies":"2 Fungi Beasts","floor":7.0,"turns":3.0},{"damage":0.0,"enemies":"Large Slime","floor":12.0,"turns":2.0},{"damage":3.0,"enemies":"Exordium Thugs","floor":13.0,"turns":3.0},{"damage":0.0,"enemies":"Blue Slaver","floor":14.0,"turns":2.0},{"damage":36.0,"enemies":"Hexaghost","floor":16.0,"turns":8.0},{"damage":5.0,"enemies":"Shell Parasite","floor":18.0,"turns":4.0},{"damage":28.0,"enemies":"Masked Bandits","floor":20.0,"turns":5.0},{"damage":27.0,"enemies":"Gremlin Leader","floor":27.0,"turns":5.0},{"damage":0.0,"enemies":"Spheric Guardian","floor":29.0,"turns":3.0},{"damage":0.0,"enemies":"Cultist and Chosen","floor":31.0,"turns":3.0},{"damage":34.0,"enemies":"Collector","floor":33.0,"turns":6.0},{"damage":0.0,"enemies":"3 Shapes","floor":35.0,"turns":3.0},{"damage":0.0,"enemies":"Orb Walker","floor":36.0,"turns":2.0},{"damage":0.0,"enemies":"Spire Growth","floor":37.0,"turns":4.0},{"damage":0.0,"enemies":"4 Shapes","floor":46.0,"turns":4.0},{"damage":13,"enemies":"Time Eater","floor":50,"turns":6}],"seed_played":"3359884678728536089","potions_obtained":[{"floor":2.0,"key":"Ancient Potion"},{"floor":4.0,"key":"Swift Potion"},{"floor":12.0,"key":"Strength Potion"}],"is_trial":false,"path_per_floor":["M","M","M","M","?","R","M","?","T","$","R","M","M","M","R","B",null,"M","?","?","?","$","R","?","R","T","E","T","M","R","M","R","B",null,"M","M","M","$","?","R","?","R","T","R","$","M","$","?","R","B",null],"character_chosen":"DEFECT","items_purchased":["Ball Lightning","PreservedInsect","Ball Lightning","Core Surge+1","Beam Cell+1"],"campfire_rested":2,"item_purchase_floors":[10,22,22,38,47],"current_hp_per_floor":[75,69,69,69,58,58,58,58,58,58,58,59,57,58,58,23,79,75,59,32,32,32,32,32,71,71,45,45,46,46,47,84,51,85,86,87,88,88,84,84,84,84,84,84,84,85,85,85,85,73],"gold":19,"neow_bonus":"ONE_RARE_RELIC","is_prod":false,"is_daily":false,"chose_seed":false,"campfire_upgraded":9,"win_rate":0,"timestamp":1550659637,"path_taken":["M","M","M","?","?","R","M","?","T","$","R","M","?","M","R","BOSS","M","?","?","?","$","R","?","R","T","E","?","M","R","M","R","BOSS","M","M","M","$","?","R","?","R","T","R","$","?","$","?","R","BOSS"],"build_version":"2019-01-23","purchased_purges":2,"victory":true,"max_hp_per_floor":[75,75,75,75,75,75,75,75,75,75,75,76,77,78,78,79,79,80,80,81,81,81,81,81,81,81,82,82,83,83,84,84,85,85,86,87,88,88,84,84,84,84,84,84,84,85,85,85,85,86],"card_choices":[{"not_picked":["Streamline","Gash"],"picked":"Hologram","floor":1.0},{"not_picked":["Aggregate","Streamline"],"picked":"White Noise","floor":2.0},{"not_picked":["Sunder","Stack"],"picked":"Ball Lightning","floor":3.0},{"not_picked":["Consume","Rebound"],"picked":"Chaos","floor":4.0},{"not_picked":["Go for the Eyes","Stack","Beam Cell"],"picked":"SKIP","floor":7.0},{"not_picked":["Beam Cell","Rebound"],"picked":"Streamline","floor":12.0},{"not_picked":["Cold Snap","Darkness"],"picked":"Reinforced Body","floor":13.0},{"not_picked":["Hologram","White Noise"],"picked":"Buffer","floor":14.0},{"not_picked":["Multi-Cast","Fission"],"picked":"All For One","floor":16.0},{"not_picked":["Rebound","BootSequence+1"],"picked":"Compile Driver","floor":18.0},{"not_picked":["Hologram","Chill+1"],"picked":"Undo+1","floor":20.0},{"not_picked":["Coolheaded","Gash+1"],"picked":"White Noise+1","floor":27.0},{"not_picked":["Darkness","Static Discharge"],"picked":"Meteor Strike+1","floor":29.0},{"not_picked":["Steam","Coolheaded"],"picked":"Chill+1","floor":31.0},{"not_picked":["Meteor Strike+1","Fission"],"picked":"Biased Cognition","floor":33.0},{"not_picked":["Gash+1","Rebound+1","Beam Cell+1"],"picked":"SKIP","floor":35.0},{"not_picked":["Gash+1","Rebound+1"],"picked":"Beam Cell+1","floor":35.0},{"not_picked":["Glacier+1","Compile Driver+1"],"picked":"Leap+1","floor":36.0},{"not_picked":["Sweeping Beam+1","Hello World+1"],"picked":"Recycle+1","floor":37.0},{"not_picked":["Cold Snap+1","Fusion"],"picked":"Darkness+1","floor":46.0}],"player_experience":916732,"relics_obtained":[{"floor":9.0,"key":"Anchor"},{"floor":19.0,"key":"Enchiridion"},{"floor":20.0,"key":"Red Mask"},{"floor":26.0,"key":"DataDisk"},{"floor":27.0,"key":"Molten Egg 2"},{"floor":28.0,"key":"Matryoshka"},{"floor":43.0,"key":"The Courier"},{"floor":43.0,"key":"Centennial Puzzle"}],"event_choices":[{"damage_healed":0.0,"max_hp_gain":0.0,"max_hp_loss":0.0,"gold_gain":75.0,"event_name":"World of Goop","player_choice":"Gather Gold","floor":5.0,"gold_loss":0.0,"damage_taken":11.0},{"damage_healed":0.0,"max_hp_gain":0.0,"max_hp_loss":0.0,"gold_gain":0.0,"event_name":"FaceTrader","player_choice":"Trade","floor":8.0,"gold_loss":0.0,"damage_taken":0.0,"relics_obtained":["FaceOfCleric"]},{"damage_healed":0.0,"max_hp_gain":0.0,"max_hp_loss":0.0,"gold_gain":0.0,"event_name":"Cursed Tome","player_choice":"Obtained Book","floor":19.0,"gold_loss":0.0,"damage_taken":16.0},{"damage_healed":0.0,"max_hp_gain":0.0,"max_hp_loss":0.0,"gold_gain":0.0,"event_name":"Masked Bandits","player_choice":"Fought Bandits","floor":20.0,"gold_loss":0.0,"damage_taken":0.0},{"damage_healed":0.0,"max_hp_gain":0.0,"max_hp_loss":0.0,"gold_gain":0.0,"cards_transformed":["Strike_B","Defend_B"],"event_name":"Drug Dealer","player_choice":"Became Test Subject","floor":21.0,"gold_loss":0.0,"damage_taken":0.0,"cards_obtained":["Echo Form","Tempest"]},{"damage_healed":0.0,"max_hp_gain":0.0,"max_hp_loss":0.0,"gold_gain":0.0,"event_name":"The Mausoleum","player_choice":"Opened","floor":24.0,"gold_loss":0.0,"damage_taken":0.0,"relics_obtained":["Regal Pillow"]},{"damage_healed":0.0,"max_hp_gain":0.0,"max_hp_loss":4.0,"gold_gain":0.0,"event_name":"Winding Halls","player_choice":"Max HP","floor":39.0,"gold_loss":0.0,"damage_taken":0.0},{"damage_healed":0.0,"max_hp_gain":0.0,"max_hp_loss":0.0,"gold_gain":0.0,"event_name":"SecretPortal","player_choice":"Ignored","floor":41.0,"gold_loss":0.0,"damage_taken":0.0},{"damage_healed":0.0,"max_hp_gain":0.0,"max_hp_loss":0.0,"gold_gain":0.0,"event_name":"Mysterious Sphere","player_choice":"Ignored","floor":48.0,"gold_loss":0.0,"damage_taken":0.0}],"is_beta":false,"boss_relics":[{"not_picked":["Ectoplasm","White Beast Statue"],"picked":"Sozu"},{"not_picked":["Empty Cage","Pandora\u0027s Box"],"picked":"Nuclear Battery"}],"items_purged_floors":[10,38],"is_endless":false,"potions_floor_spawned":[2,4,12,13,18,29,35,37],"ascension_level":0}