{"gold_per_floor":[365,380,555,555,572,572,96,96,119,119,119,135,167,181,181,282,282,302,0,0,20,31,31,46,61,61,61,61,84,102,129,129,234,234,248,260,160,160,177,177,211,211,262,297,310,329,347,347,347,347],"floor_reached":51,"playtime":5904,"items_purged":["Doubt","Strike_R"],"score":754,"play_id":"55b619c6-d64d-4dce-ab63-18639f910928","local_time":"20190108010640","is_ascension_mode":false,"campfire_choices":[{"data":"Uppercut","floor":6,"key":"SMITH"},{"data":"Iron Wave","floor":8,"key":"SMITH"},{"data":"Perfected Strike","floor":10,"key":"SMITH"},{"data":"Cleave","floor":15,"key":"SMITH"},{"data":"Inflame","floor":23,"key":"SMITH"},{"data":"Immolate","floor":27,"key":"SMITH"},{"data":"Dramatic Entrance","floor":32,"key":"SMITH"},{"floor":40,"key":"REST"},{"floor":42,"key":"REST"},{"floor":49,"key":"REST"}],"neow_cost":"TEN_PERCENT_HP_LOSS","seed_source_timestamp":704930872128272,"circlet_count":0,"master_deck":["Strike_R","Strike_R","Strike_R","Defend_R","Defend_R","Defend_R","Defend_R+1","Bash","Perfected Strike+1","Intimidate","Uppercut+1","Iron Wave+1","Dramatic Entrance+1","Flex+1","Cleave","Cleave+1","Immolate+1","Bloodletting+1","Iron Wave+1","Inflame+1","Bloodletting+1","Whirlwind+1","Iron Wave","Pommel Strike","Immolate","Warcry+1","Pommel Strike","Armaments+1"],"relics":["Burning Blood","Ancient Tea Set","Lantern","Bag of Preparation","Regal Pillow","War Paint","Philosopher\u0027s Stone","Incense Burner","Bronze Scales","Oddly Smooth Stone","Self Forming Clay","Sozu","Mercury Hourglass","Pen Nib","Happy Flower"],"potions_floor_usage":[13,16,16,24,33,33,33,50],"damage_taken":[{"damage":12,"enemies":"Small Slimes","floor":1,"turns":5},{"damage":1,"enemies":"Jaw Worm","floor":2,"turns":3},{"damage":7,"enemies":"2 Louse","floor":5,"turns":4},{"damage":0,"enemies":"Red Slaver","floor":12,"turns":1},{"damage":7,"enemies":"Gremlin Nob","floor":13,"turns":3},{"damage":0,"enemies":"Lots of Slimes","floor":14,"turns":2},{"damage":53,"enemies":"The Guardian","floor":16,"turns":14},{"damage":0,"enemies":"Spheric Guardian","floor":18,"turns":1},{"damage":9,"enemies":"Shell Parasite","floor":21,"turns":3},{"damage":8,"enemies":"Cultist and Chosen","floor":22,"turns":3},{"damage":8,"enemies":"Snecko","floor":24,"turns":4},{"damage":3,"enemies":"3 Cultists","floor":25,"turns":1},{"damage":17,"enemies":"Sentry and Sphere","floor":30,"turns":4},{"damage":3,"enemies":"Slavers","floor":31,"turns":1},{"damage":43,"enemies":"Champ","floor":33,"turns":8},{"damage":24,"enemies":"3 Darklings","floor":35,"turns":3},{"damage":6,"enemies":"3 Shapes","floor":36,"turns":1},{"damage":21,"enemies":"Spire Growth","floor":39,"turns":3},{"damage":55,"enemies":"Giant Head","floor":41,"turns":8},{"damage":0,"enemies":"Reptomancer","floor":44,"turns":3},{"damage":36,"enemies":"Writhing Mass","floor":45,"turns":3},{"damage":1,"enemies":"Transient","floor":46,"turns":5},{"damage":0,"enemies":"Spire Growth","floor":47,"turns":3},{"damage":24,"enemies":"Donu and Deca","floor":50,"turns":4}],"seed_played":"8218430210729675299","potions_obtained":[{"floor":1,"key":"Poison Potion"},{"floor":5,"key":"Block Potion"},{"floor":13,"key":"SkillPotion"},{"floor":16,"key":"AttackPotion"},{"floor":18,"key":"Ancient Potion"},{"floor":21,"key":"Regen Potion"},{"floor":30,"key":"Energy Potion"},{"floor":31,"key":"SpeedPotion"},{"floor":33,"key":"Poison Potion"}],"is_trial":false,"path_per_floor":["M","M","?","?","M","R","$","R","T","R","?","M","E","M","R","B",null,"M","$","?","M","M","R","M","M","T","R","?","T","M","E","R","B",null,"M","M","$","?","M","R","E","R","T","E","M","M","M","?","R","B",null],"character_chosen":"IRONCLAD","items_purchased":["Lantern","Bag of Preparation","Iron Wave","Dramatic Entrance","Incense Burner"],"campfire_rested":3,"item_purchase_floors":[7,7,7,7,19],"current_hp_per_floor":[66,71,71,64,63,63,63,63,63,63,63,69,68,72,72,25,72,72,72,72,69,67,67,65,68,68,68,68,68,57,60,60,38,72,54,54,54,54,39,72,23,59,59,65,35,40,46,46,72,54],"gold":347,"neow_bonus":"TWO_FIFTY_GOLD","is_prod":false,"is_daily":false,"chose_seed":false,"campfire_upgraded":7,"win_rate":0,"timestamp":1546938400,"path_taken":["M","M","?","?","M","R","?","R","T","R","?","?","E","M","R","BOSS","M","?","?","M","?","R","M","M","T","R","?","?","?","E","R","BOSS","M","M","$","?","?","R","E","R","T","E","M","M","M","?","R","BOSS"],"build_version":"2019-01-03v4","purchased_purges":2,"victory":true,"max_hp_per_floor":[72,72,72,72,72,72,72,72,72,72,72,72,72,72,72,72,72,72,72,72,72,72,72,72,72,72,72,72,72,72,72,72,72,72,72,72,72,72,72,72,72,72,72,72,72,72,72,72,72,72],"card_choices":[{"not_picked":["Reckless Charge","Anger"],"picked":"Perfected Strike","floor":1},{"not_picked":["Evolve","Dual Wield"],"picked":"Intimidate","floor":2},{"not_picked":["Heavy Blade","Evolve"],"picked":"Uppercut","floor":5},{"not_picked":["Dual Wield","Wild Strike"],"picked":"Flex","floor":12},{"not_picked":["Second Wind","Wild Strike"],"picked":"Cleave","floor":13},{"not_picked":["Clash","Headbutt"],"picked":"Cleave","floor":14},{"not_picked":["Brutality","Reaper"],"picked":"Immolate","floor":16},{"not_picked":["Shockwave","Body Slam"],"picked":"Bloodletting+1","floor":18},{"not_picked":["Entrench+1","Combust"],"picked":"Inflame","floor":21},{"not_picked":["Flex","Twin Strike"],"picked":"Bloodletting+1","floor":22},{"not_picked":["Armaments","Clash"],"picked":"Whirlwind+1","floor":24},{"not_picked":["Shockwave+1","Entrench"],"picked":"Iron Wave","floor":25},{"not_picked":["Thunderclap+1","Clash","Inflame"],"picked":"SKIP","floor":30},{"not_picked":["Hemokinesis","Clothesline+1"],"picked":"Pommel Strike","floor":31},{"not_picked":["Limit Break","Dark Embrace"],"picked":"Immolate","floor":33},{"not_picked":["Iron Wave+1","Warcry","Wild Strike+1"],"picked":"SKIP","floor":35},{"not_picked":["Inflame+1","Twin Strike+1"],"picked":"Warcry+1","floor":36},{"not_picked":["Heavy Blade+1","Headbutt+1","Reckless Charge"],"picked":"SKIP","floor":39},{"not_picked":["Anger+1","Pummel"],"picked":"Pommel Strike","floor":41},{"not_picked":["Power Through+1","Bloodletting"],"picked":"Armaments+1","floor":44},{"not_picked":["Sword Boomerang","Anger","Shockwave+1"],"picked":"SKIP","floor":45},{"not_picked":["Iron Wave+1","Evolve","Body Slam"],"picked":"SKIP","floor":46},{"not_picked":["Body Slam+1","Combust+1","Iron Wave+1"],"picked":"SKIP","floor":47}],"player_experience":36581,"relics_obtained":[{"floor":9,"key":"Regal Pillow"},{"floor":13,"key":"War Paint"},{"floor":26,"key":"Bronze Scales"},{"floor":29,"key":"Oddly Smooth Stone"},{"floor":31,"key":"Self Forming Clay"},{"floor":41,"key":"Mercury Hourglass"},{"floor":43,"key":"Pen Nib"},{"floor":44,"key":"Happy Flower"}],"event_choices":[{"damage_healed":0,"gold_gain":175,"player_choice":"AGREE","damage_taken":0,"max_hp_gain":0,"max_hp_loss":0,"event_name":"Liars Game","floor":3,"gold_loss":0,"cards_obtained":["Doubt"]},{"damage_healed":0,"gold_gain":0,"player_choice":"Success","damage_taken":7,"relics_obtained":["Ancient Tea Set"],"max_hp_gain":0,"max_hp_loss":0,"event_name":"Scrap Ooze","floor":4,"gold_loss":0},{"cards_removed":["Strike_R"],"damage_healed":0,"gold_gain":0,"player_choice":"Offered Basic","damage_taken":0,"max_hp_gain":0,"max_hp_loss":0,"event_name":"Bonfire Elementals","floor":11,"gold_loss":0},{"damage_healed":0,"gold_gain":0,"player_choice":"Copied","damage_taken":0,"max_hp_gain":0,"max_hp_loss":0,"event_name":"Duplicator","floor":20,"gold_loss":0,"cards_obtained":["Iron Wave"]},{"damage_healed":0,"gold_gain":0,"player_choice":"Ignored","damage_taken":0,"max_hp_gain":0,"max_hp_loss":0,"event_name":"Beggar","floor":28,"gold_loss":0},{"damage_healed":0,"gold_gain":0,"player_choice":"Got Potions","damage_taken":0,"max_hp_gain":0,"max_hp_loss":0,"event_name":"Lab","floor":38,"gold_loss":0},{"damage_healed":0,"gold_gain":0,"player_choice":"Ignored","damage_taken":0,"max_hp_gain":0,"max_hp_loss":0,"event_name":"Tomb of Lord Red Mask","floor":48,"gold_loss":0}],"is_beta":false,"boss_relics":[{"not_picked":["White Beast Statue","Runic Pyramid"],"picked":"Philosopher\u0027s Stone"},{"not_picked":["Fusion Hammer","Coffee Dripper"],"picked":"Sozu"}],"items_purged_floors":[7,37],"is_endless":false,"potions_floor_spawned":[1,5,13,16,18,21,30,31,33,35,36,39],"ascension_level":0}