{"path_per_floor":["M","?","M","T","?","R","E","M","T","R","M","R","M","M","R","B",null,"M","M","?","$","?","R","M","E","T","E","M","$","?","M","R","B",null,"M","$","M","M","$","R","M","?","T","M","R","T","M","M","R","B"],"character_chosen":"IRONCLAD","items_purchased":["Corruption","Lee\u0027s Waffle"],"gold_per_floor":[116,116,129,129,129,129,157,168,214,214,229,229,247,267,267,364,364,374,393,308,196,196,196,209,240,240,267,287,89,89,101,101,202,232,250,150,166,178,53,53,64,0,0,13,13,84,94,105,105,105],"floor_reached":51,"campfire_rested":1,"playtime":3553,"current_hp_per_floor":[90,71,74,74,67,67,53,59,59,59,57,57,63,62,62,58,96,85,66,66,66,50,50,26,18,18,12,16,103,113,112,112,58,113,113,113,110,91,91,91,94,94,94,65,65,65,60,57,92,55],"items_purged":["Writhe","Decay","Doubt"],"gold":105,"score":716,"play_id":"d19a221b-a7b3-42db-b6d1-1cb3e72f90ad","local_time":"20180412233546","is_prod":false,"is_daily":false,"is_ascension_mode":false,"campfire_upgraded":5,"timestamp":1523572546,"path_taken":["M","?","M","?","?","R","E","M","T","R","M","R","M","M","R","BOSS","M","M","?","$","?","R","?","E","T","E","M","?","?","?","R","BOSS","M","$","M","M","$","R","M","?","T","M","R","?","?","M","R","BOSS"],"build_version":"2018-04-05v2","purchased_purges":3,"victory":true,"master_deck":["Strike_R","Strike_R","Strike_R","Strike_R","Strike_R","Defend_R+1","Defend_R","Defend_R","Defend_R","Bash+1","Armaments+1","Twin Strike","Clothesline+1","Power Through","Thunderclap","Armaments+1","Flex","Burning Pact","Pommel Strike+1","Corruption+1","Intimidate+1","Wild Strike","Offering","True Grit+1","Warcry+1","Feed","Parasite","Disarm","Evolve","Limit Break","Shockwave+1","Sword Boomerang+1","Pommel Strike+1","Seeing Red+1"],"max_hp_per_floor":[96,96,96,96,96,96,96,96,96,96,96,96,96,96,96,96,96,96,96,96,96,96,96,96,96,96,96,96,103,113,113,113,113,113,113,113,113,113,113,113,113,113,113,116,116,116,116,119,119,119],"relics":["Burning Blood","Girya","Question Card","Pantograph","Bronze Scales","Sozu","Blood Vial","Nilry\u0027s Codex","Ginger","Thread and Needle","Bag of Marbles","Lee\u0027s Waffle","Calling Bell","Tiny Chest","Dream Catcher","Ornamental Fan","Red Mask","Kunai","Mummified Hand"],"card_choices":[{"not_picked":["Combust","Anger"],"picked":"Armaments","floor":1},{"not_picked":["Evolve","Sword Boomerang"],"picked":"Twin Strike","floor":3},{"not_picked":["Body Slam","Evolve","Anger"],"picked":"Clothesline","floor":7},{"not_picked":["Shrug It Off","Searing Blow","Cleave"],"picked":"Power Through","floor":8},{"not_picked":["Entrench","Perfected Strike","Heavy Blade"],"picked":"Thunderclap","floor":11},{"not_picked":["Headbutt","Brutality","Iron Wave"],"picked":"Armaments","floor":13},{"not_picked":["Cleave","Hemokinesis","Iron Wave"],"picked":"Flex","floor":14},{"not_picked":["Bludgeon","Impervious","Berserk"],"picked":"Juggernaut","floor":16},{"not_picked":["Bloodletting","Clash","Entrench"],"picked":"Burning Pact","floor":18},{"not_picked":["Second Wind","Rage","Body Slam"],"picked":"Pommel Strike","floor":19},{"not_picked":["Searing Blow","Clash","Uppercut"],"picked":"Intimidate","floor":24},{"not_picked":["Corruption","Combust","Second Wind"],"picked":"Wild Strike","floor":25},{"not_picked":["Corruption","Clothesline","Infernal Blade"],"picked":"Offering","floor":27},{"not_picked":["Cleave","Combust","Anger"],"picked":"True Grit","floor":28},{"not_picked":["Battle Trance","Thunderclap","Shrug It Off"],"picked":"Warcry","floor":31},{"not_picked":["Double Tap","Brutality","Juggernaut"],"picked":"Feed","floor":33},{"not_picked":["True Grit","Flex","Clash"],"picked":"Disarm","floor":35},{"not_picked":["True Grit","Sword Boomerang","Second Wind"],"picked":"Evolve","floor":37},{"not_picked":["Headbutt","Body Slam","Evolve"],"picked":"Limit Break","floor":41},{"not_picked":["Clothesline","Body Slam","Double Tap"],"picked":"Shockwave","floor":44},{"not_picked":["Clash","Flex","Corruption"],"picked":"Sword Boomerang","floor":47},{"not_picked":["Corruption","Shockwave","Carnage"],"picked":"Pommel Strike","floor":48},{"not_picked":["Flex","Clash","Thunderclap"],"picked":"Seeing Red","floor":49}],"player_experience":25317,"potions_floor_usage":[7,16,27,28],"damage_taken":[{"damage":12,"enemies":"Small Slimes","floor":1,"turns":3},{"damage":3,"enemies":"Jaw Worm","floor":3,"turns":3},{"damage":20,"enemies":"3 Sentries","floor":7,"turns":9},{"damage":0,"enemies":"2 Louse","floor":8,"turns":3},{"damage":8,"enemies":"Large Slime","floor":11,"turns":5},{"damage":0,"enemies":"3 Louse","floor":13,"turns":3},{"damage":7,"enemies":"Looter","floor":14,"turns":3},{"damage":50,"enemies":"Hexaghost","floor":16,"turns":9},{"damage":17,"enemies":"Chosen","floor":18,"turns":4},{"damage":25,"enemies":"2 Thieves","floor":19,"turns":4},{"damage":32,"enemies":"Chosen and Byrds","floor":24,"turns":6},{"damage":16,"enemies":"Book of Stabbing","floor":25,"turns":4},{"damage":14,"enemies":"Slavers","floor":27,"turns":4},{"damage":4,"enemies":"Snake Plant","floor":28,"turns":2},{"damage":7,"enemies":"Centurion and Healer","floor":31,"turns":3},{"damage":61,"enemies":"Automaton","floor":33,"turns":10},{"damage":1,"enemies":"Orb Walker","floor":35,"turns":3},{"damage":9,"enemies":"3 Shapes","floor":37,"turns":2},{"damage":34,"enemies":"3 Darklings","floor":38,"turns":10},{"damage":5,"enemies":"Maw","floor":41,"turns":7},{"damage":40,"enemies":"4 Shapes","floor":44,"turns":6},{"damage":13,"enemies":"3 Darklings","floor":47,"turns":6},{"damage":14,"enemies":"Maw","floor":48,"turns":7},{"damage":70,"enemies":"Time Eater","floor":50,"turns":13}],"event_choices":[{"event_name":"Shining Light","player_choice":"Entered Light","floor":2,"damage_taken":0},{"event_name":"Scrap Ooze","player_choice":"success","floor":5,"damage_taken":7},{"event_name":"Addict","player_choice":"Obtained Relic","floor":20,"damage_taken":0},{"event_name":"Cursed Tome","player_choice":"Obtained Book","floor":22,"damage_taken":0},{"event_name":"Bonfire Elementals","player_choice":"RARE","floor":30,"damage_taken":0},{"event_name":"Tomb of Lord Red Mask","player_choice":"Paid","floor":42,"damage_taken":0}],"boss_relics":[{"not_picked":["Eternal Feather","Ectoplasm"],"picked":"Sozu"},{"not_picked":["Runic Cube","Velvet Choker"],"picked":"Calling Bell"}],"potions_floor_spawned":[1,7,13,16,24,25,27,33,37,47],"seed_played":"-3153766689640410380","ascension_level":0,"is_trial":false}