{"gold_per_floor":[111,121,196,196,207,234,254,134,434,434,446,460,474,161,161,261,261,272,291,67,67,79,79,79,96,175,186,36,36,46,60,60,60],"floor_reached":33,"playtime":2036,"items_purged":["Strike_B","Strike_B","Strike_B","Deep Breath"],"score":278,"play_id":"8b05bc32-ac20-41e4-8598-3ec742a17d28","local_time":"20190103194336","is_ascension_mode":false,"campfire_choices":[{"data":"Dualcast","floor":10,"key":"SMITH"},{"floor":15,"key":"REST"},{"data":"Hologram","floor":23,"key":"SMITH"},{"floor":32,"key":"REST"}],"neow_cost":"NONE","seed_source_timestamp":494831071137431,"circlet_count":0,"master_deck":["Defend_B","Defend_B","Defend_B","Defend_B","Zap","Dualcast+1","Gash","Beam Cell","Leap","Cold Snap","Steam","Ball Lightning","Hologram","Cold Snap","Rebound","Hologram+1","Streamline","Echo Form","Go for the Eyes+1","Hologram","Beam Cell","Leap","Compile Driver","Gash","Gash","Gash+1","Rebound+1","Conserve Battery","Steam+1"],"relics":["Cracked Core","Dream Catcher","Pen Nib","Old Coin","Toolbox","Cursed Key","Question Card"],"potions_floor_usage":[30,33,33,33],"damage_taken":[{"damage":1,"enemies":"Cultist","floor":1,"turns":3},{"damage":0,"enemies":"2 Louse","floor":2,"turns":2},{"damage":1,"enemies":"Jaw Worm","floor":5,"turns":2},{"damage":27,"enemies":"Gremlin Nob","floor":6,"turns":4},{"damage":0,"enemies":"Red Slaver","floor":7,"turns":3},{"damage":0,"enemies":"Exordium Wildlife","floor":11,"turns":3},{"damage":0,"enemies":"Lots of Slimes","floor":12,"turns":3},{"damage":0,"enemies":"Looter","floor":13,"turns":2},{"damage":26,"enemies":"The Guardian","floor":16,"turns":9},{"damage":2,"enemies":"Spheric Guardian","floor":18,"turns":4},{"damage":9,"enemies":"Shell Parasite","floor":19,"turns":4},{"damage":7,"enemies":"Snake Plant","floor":22,"turns":5},{"damage":5,"enemies":"Centurion and Healer","floor":25,"turns":5},{"damage":29,"enemies":"Shelled Parasite and Fungi","floor":27,"turns":3},{"damage":10,"enemies":"Snecko","floor":30,"turns":4},{"damage":1,"enemies":"Centurion and Healer","floor":31,"turns":5},{"damage":37,"enemies":"Collector","floor":33,"turns":6}],"seed_played":"-1784629548602350741","potions_obtained":[{"floor":1,"key":"Explosive Potion"},{"floor":6,"key":"GamblersBrew"},{"floor":11,"key":"Explosive Potion"},{"floor":13,"key":"Dexterity Potion"},{"floor":19,"key":"FocusPotion"},{"floor":27,"key":"Fire Potion"},{"floor":31,"key":"FocusPotion"}],"is_trial":false,"path_per_floor":["M","M","?","T","M","E","M","$","T","R","M","M","M","$","R","B",null,"M","M","$","?","M","R","?","M","T","M","$","?","M","M","R","B"],"character_chosen":"DEFECT","items_purchased":["Ball Lightning","Hologram","Toolbox","Beam Cell","Leap"],"campfire_rested":2,"item_purchase_floors":[8,14,14,20,20],"current_hp_per_floor":[74,74,63,63,62,35,35,35,35,35,35,35,35,35,57,31,75,73,64,64,64,57,57,57,52,52,23,23,23,13,12,34,0],"gold":60,"neow_bonus":"RANDOM_COLORLESS","is_prod":false,"is_daily":false,"chose_seed":false,"campfire_upgraded":2,"win_rate":1,"timestamp":1546541016,"path_taken":["M","?","?","?","?","E","M","?","T","R","M","M","M","$","R","BOSS","M","M","$","?","?","R","?","M","T","M","$","?","M","?","R","BOSS"],"build_version":"2019-01-02","purchased_purges":4,"victory":false,"max_hp_per_floor":[75,75,75,75,75,75,75,75,75,75,75,75,75,75,75,75,75,75,75,75,75,75,75,75,75,75,75,75,75,75,75,75,75],"card_choices":[{"not_picked":["Scrape","Undo"],"picked":"Gash","floor":1},{"not_picked":["Heatsinks","Streamline"],"picked":"Beam Cell","floor":2},{"not_picked":["Self Repair","Steam Power"],"picked":"Leap","floor":5},{"not_picked":["Hello World","Compile Driver"],"picked":"Cold Snap","floor":6},{"not_picked":["Reinforced Body","Redo"],"picked":"Steam","floor":7},{"not_picked":["Coolheaded","Steam Power"],"picked":"Hologram","floor":11},{"not_picked":["Skim","Consume"],"picked":"Cold Snap","floor":12},{"not_picked":["Blizzard","Heatsinks"],"picked":"Rebound","floor":13},{"not_picked":["Ball Lightning","Genetic Algorithm"],"picked":"Streamline","floor":15},{"not_picked":["All For One","Buffer"],"picked":"Echo Form","floor":16},{"not_picked":["Static Discharge+1","Heatsinks"],"picked":"Go for the Eyes+1","floor":18},{"not_picked":["Defragment","Ball Lightning"],"picked":"Hologram","floor":19},{"not_picked":["Lockon","Aggregate"],"picked":"Gash","floor":22},{"not_picked":["Scrape","Compile Driver+1"],"picked":"Gash+1","floor":25},{"not_picked":["Barrage","Capacitor","Sweeping Beam"],"picked":"Rebound+1","floor":27},{"not_picked":["Chaos","Heatsinks","Barrage","Loop"],"picked":"SKIP","floor":30},{"not_picked":["Rebound","Sweeping Beam+1","Coolheaded"],"picked":"Conserve Battery","floor":31},{"not_picked":["Reprogram","Ball Lightning+1","Self Repair+1"],"picked":"Steam+1","floor":32}],"player_experience":10024,"relics_obtained":[{"floor":4,"key":"Dream Catcher"},{"floor":6,"key":"Pen Nib"},{"floor":9,"key":"Old Coin"},{"floor":26,"key":"Question Card"}],"event_choices":[{"damage_healed":0,"gold_gain":75,"player_choice":"Gather Gold","damage_taken":11,"max_hp_gain":0,"max_hp_loss":0,"event_name":"World of Goop","floor":3,"gold_loss":0},{"damage_healed":0,"gold_gain":0,"cards_transformed":["Strike_B"],"player_choice":"Transformed","damage_taken":0,"max_hp_gain":0,"max_hp_loss":0,"event_name":"Transmorgrifier","floor":21,"gold_loss":0,"cards_obtained":["Compile Driver"]},{"damage_healed":0,"gold_gain":0,"player_choice":"Read","damage_taken":0,"max_hp_gain":0,"max_hp_loss":0,"event_name":"The Library","floor":24,"gold_loss":0,"cards_obtained":["Gash"]},{"cards_removed":["Shame"],"damage_healed":0,"gold_gain":0,"player_choice":"Removed Curses","damage_taken":0,"max_hp_gain":0,"max_hp_loss":0,"event_name":"Fountain of Cleansing","floor":29,"gold_loss":0}],"is_beta":true,"boss_relics":[{"not_picked":["FrozenCore","Astrolabe"],"picked":"Cursed Key"}],"items_purged_floors":[8,14,20,28],"is_endless":false,"potions_floor_spawned":[1,6,11,13,16,19,27,31],"killed_by":"Collector","ascension_level":0}