{"gold_per_floor":[116,116,134,134,134,166,166,191,215,246,246,246,280,300,300,403,403,421,421,69,69,69,69,127,143,143,163,45,45,45,79,79,179,179,194,72,0,0,0,33,50,75,98,122,142,26,26,53,53,53],"floor_reached":51,"playtime":3366,"items_purged":["Pain"],"score":1404,"play_id":"fe750473-b450-428a-be0e-79736471ba24","local_time":"20190222123509","is_ascension_mode":true,"campfire_choices":[{"data":"Uppercut","floor":7.0,"key":"SMITH"},{"floor":11.0,"key":"REST"},{"floor":15.0,"key":"REST"},{"floor":23.0,"key":"REST"},{"floor":29.0,"key":"REST"},{"data":"Metallicize","floor":32.0,"key":"SMITH"},{"data":"Spot Weakness","floor":47,"key":"SMITH"},{"data":"Double Tap","floor":49,"key":"SMITH"}],"neow_cost":"PERCENT_DAMAGE","seed_source_timestamp":580370573058518,"circlet_count":0,"master_deck":["AscendersBane","Strike_R","Strike_R","Defend_R","Defend_R","Defend_R+1","Bash","Ghostly Armor+1","Uppercut+1","Power Through","Cleave","Headbutt","Iron Wave+1","Reaper","Feed","Pommel Strike","Metallicize+1","Spot Weakness+1","Dropkick","Twin Strike+1","Heavy Blade+1","Offering","Thunderclap","Double Tap+1","Armaments+1","Exhume+1"],"special_seed":0,"relics":["Burning Blood","Juzu Bracelet","WingedGreaves","Paper Frog","War Paint","Philosopher\u0027s Stone","WarpedTongs","Pantograph","Nloth\u0027s Gift","Tiny Chest","The Courier","PreservedInsect","Meat on the Bone","Busted Crown","Lantern","Red Mask","Toxic Egg 2","Boot","Vajra","Strawberry","Pen Nib","Frozen Egg 2"],"potions_floor_usage":[45],"damage_taken":[{"damage":3.0,"enemies":"2 Louse","floor":1.0,"turns":4.0},{"damage":1.0,"enemies":"Jaw Worm","floor":3.0,"turns":5.0},{"damage":18.0,"enemies":"Gremlin Nob","floor":6.0,"turns":4.0},{"damage":14.0,"enemies":"3 Sentries","floor":8.0,"turns":5.0},{"damage":12.0,"enemies":"Gremlin Nob","floor":10.0,"turns":5.0},{"damage":13.0,"enemies":"3 Sentries","floor":13.0,"turns":6.0},{"damage":0.0,"enemies":"Cultist","floor":14.0,"turns":4.0},{"damage":89.0,"enemies":"Slime Boss","floor":16.0,"turns":15.0},{"damage":49.0,"enemies":"3 Byrds","floor":18.0,"turns":6.0},{"damage":55.0,"enemies":"Slavers","floor":24.0,"turns":8.0},{"damage":21.0,"enemies":"2 Thieves","floor":25.0,"turns":3.0},{"damage":5.0,"enemies":"Shelled Parasite and Fungi","floor":27.0,"turns":6.0},{"damage":16.0,"enemies":"Gremlin Leader","floor":31.0,"turns":5.0},{"damage":71.0,"enemies":"Automaton","floor":33.0,"turns":8.0},{"damage":9,"enemies":"3 Shapes","floor":35,"turns":2},{"damage":55,"enemies":"Giant Head","floor":40,"turns":7},{"damage":20,"enemies":"3 Darklings","floor":41,"turns":3},{"damage":49,"enemies":"Nemesis","floor":42,"turns":3},{"damage":2,"enemies":"Transient","floor":45,"turns":5},{"damage":25,"enemies":"Giant Head","floor":48,"turns":7},{"damage":80,"enemies":"Awakened One","floor":50,"turns":7}],"seed_played":"8254429428217658177","potions_obtained":[{"floor":1.0,"key":"GamblersBrew"},{"floor":6.0,"key":"PowerPotion"},{"floor":8.0,"key":"Block Potion"},{"floor":14.0,"key":"SteroidPotion"},{"floor":18.0,"key":"Ancient Potion"},{"floor":27.0,"key":"Poison Potion"},{"floor":31.0,"key":"SpeedPotion"},{"floor":35,"key":"Energy Potion"}],"is_trial":false,"path_per_floor":["M","?","M","?","$","E","R","E","T","E","R","?","E","M","R","B",null,"M","?","$","?","$","R","E","M","T","M","$","R","?","E","R","B",null,"M","$","?","?","?","E","M","E","T","T","M","$","R","E","R","B",null],"character_chosen":"IRONCLAD","items_purchased":["Metallicize","Pantograph","PreservedInsect","Lantern","Pen Nib"],"campfire_rested":4,"item_purchase_floors":[20,20,28,36,46],"current_hp_per_floor":[70,63,68,68,68,56,56,48,48,44,72,53,48,56,84,11,75,43,43,43,43,43,72,41,26,26,31,31,62,62,62,62,34,88,106,106,106,106,106,73,83,55,55,62,80,80,80,70,70,36],"gold":53,"neow_bonus":"TWENTY_PERCENT_HP_BONUS","is_prod":false,"is_daily":false,"chose_seed":false,"campfire_upgraded":4,"win_rate":0,"timestamp":1550867709,"path_taken":["M","?","M","?","$","E","R","E","T","E","R","?","E","M","R","BOSS","M","?","$","?","?","R","E","M","T","M","?","R","?","E","R","BOSS","M","$","?","?","?","E","M","E","T","?","M","$","R","E","R","BOSS"],"build_version":"2019-01-23","purchased_purges":1,"victory":true,"max_hp_per_floor":[96,96,96,96,96,96,96,96,96,96,96,96,96,96,96,96,96,99,99,99,99,99,99,102,102,102,106,106,106,106,106,106,106,106,106,106,106,106,106,106,106,109,109,116,116,116,116,116,116,119],"card_choices":[{"not_picked":["Warcry","Perfected Strike"],"picked":"Ghostly Armor","floor":1.0},{"not_picked":["Headbutt","Shrug It Off"],"picked":"Uppercut","floor":3.0},{"not_picked":["Clash","Headbutt"],"picked":"Cleave","floor":6.0},{"not_picked":["Impervious","Cleave"],"picked":"Headbutt","floor":8.0},{"not_picked":["Disarm","Blood for Blood"],"picked":"Iron Wave","floor":10.0},{"not_picked":["Pommel Strike","Shrug It Off"],"picked":"Reaper","floor":13.0},{"not_picked":["Heavy Blade","Rupture","Power Through"],"picked":"SKIP","floor":14.0},{"not_picked":["Juggernaut","Offering"],"picked":"Feed","floor":16.0},{"not_picked":["Pummel","Twin Strike"],"picked":"Pommel Strike","floor":18.0},{"not_picked":["Double Tap","Juggernaut"],"picked":"Spot Weakness","floor":24.0},{"not_picked":["Body Slam","Cleave"],"picked":"Dropkick","floor":25.0},{"not_picked":["Perfected Strike","Sword Boomerang"],"picked":"Twin Strike+1","floor":27.0},{"not_picked":["Sword Boomerang","Bludgeon"],"picked":"Heavy Blade+1","floor":31.0},{"not_picked":["Juggernaut","Brutality"],"picked":"Offering","floor":33.0},{"not_picked":["Wild Strike"],"picked":"SKIP","floor":35},{"not_picked":["Sword Boomerang"],"picked":"SKIP","floor":40},{"not_picked":["Clothesline"],"picked":"SKIP","floor":41},{"not_picked":[],"picked":"Armaments+1","floor":42},{"not_picked":["Havoc+1"],"picked":"SKIP","floor":45},{"not_picked":[],"picked":"Exhume+1","floor":48}],"player_experience":477374,"relics_obtained":[{"floor":6.0,"key":"Juzu Bracelet"},{"floor":8.0,"key":"WingedGreaves"},{"floor":9.0,"key":"Blood Vial"},{"floor":10.0,"key":"Paper Frog"},{"floor":13.0,"key":"War Paint"},{"floor":24.0,"key":"Tiny Chest"},{"floor":26.0,"key":"The Courier"},{"floor":31.0,"key":"Meat on the Bone"},{"floor":40,"key":"Toxic Egg 2"},{"floor":42,"key":"Boot"},{"floor":43,"key":"Vajra"},{"floor":44,"key":"Strawberry"},{"floor":48,"key":"Frozen Egg 2"}],"event_choices":[{"cards_removed":["Defend_R"],"damage_healed":0.0,"max_hp_gain":0.0,"max_hp_loss":0.0,"gold_gain":0.0,"event_name":"Golden Wing","player_choice":"Card Removal","floor":2.0,"gold_loss":0.0,"damage_taken":7.0},{"damage_healed":0.0,"max_hp_gain":0.0,"max_hp_loss":0.0,"gold_gain":0.0,"cards_transformed":["Strike_R"],"event_name":"Living Wall","player_choice":"Change","floor":4.0,"gold_loss":0.0,"damage_taken":0.0,"cards_obtained":["Power Through"]},{"damage_healed":0.0,"max_hp_gain":0.0,"max_hp_loss":0.0,"gold_gain":0.0,"event_name":"Shining Light","player_choice":"Entered Light","floor":12.0,"gold_loss":0.0,"damage_taken":19.0,"cards_upgraded":["Strike_R","Iron Wave"]},{"damage_healed":0.0,"max_hp_gain":0.0,"max_hp_loss":0.0,"gold_gain":0.0,"event_name":"Accursed Blacksmith","player_choice":"Rummage","floor":19.0,"gold_loss":0.0,"damage_taken":0.0,"relics_obtained":["WarpedTongs"],"cards_obtained":["Pain"]},{"damage_healed":0.0,"max_hp_gain":0.0,"max_hp_loss":0.0,"gold_gain":0.0,"event_name":"N\u0027loth","player_choice":"Traded Relic","floor":21.0,"relics_lost":["Blood Vial"],"gold_loss":0.0,"damage_taken":0.0,"relics_obtained":["Nloth\u0027s Gift"]},{"cards_removed":["Strike_R"],"damage_healed":0.0,"max_hp_gain":0.0,"max_hp_loss":0.0,"gold_gain":0.0,"event_name":"Back to Basics","player_choice":"Elegance","floor":30.0,"gold_loss":0.0,"damage_taken":0.0},{"damage_healed":0,"gold_gain":0,"player_choice":"Paid","damage_taken":0,"relics_obtained":["Red Mask"],"max_hp_gain":0,"max_hp_loss":0,"event_name":"Tomb of Lord Red Mask","floor":37,"gold_loss":72},{"damage_healed":0,"gold_gain":0,"player_choice":"2 cards matched","damage_taken":0,"max_hp_gain":0,"max_hp_loss":0,"event_name":"Match and Keep!","floor":38,"gold_loss":0,"cards_obtained":["Thunderclap","Double Tap"]},{"cards_removed":["Strike_R"],"damage_healed":0,"gold_gain":0,"player_choice":"Removed Attack","damage_taken":0,"max_hp_gain":0,"max_hp_loss":0,"event_name":"Falling","floor":39,"gold_loss":0}],"is_beta":false,"boss_relics":[{"not_picked":["Eternal Feather","Empty Cage"],"picked":"Philosopher\u0027s Stone"},{"not_picked":["Mark of Pain","Lizard Tail"],"picked":"Busted Crown"}],"items_purged_floors":[20],"is_endless":false,"potions_floor_spawned":[1,6,8,14,18,27,31,35,40,41],"ascension_level":12}