{"gold_per_floor":[112,112,130,55,67,97,97,131,155,174,174,174,188,199,199,301,301,318,328,328,7,20,20,48,48,48,48,48,48,15,33,33,131,131,146,146,56,67,84,84,14,14,14,14,14,32,32,43,43,43],"floor_reached":51,"playtime":3551,"items_purged":["Pain"],"score":675,"play_id":"89d27c3e-c218-43b4-8d41-bc7b66995a4d","local_time":"20190214165330","is_ascension_mode":false,"campfire_choices":[{"data":"Zap","floor":7,"key":"SMITH"},{"floor":11,"key":"REST"},{"floor":15,"key":"REST"},{"floor":23,"key":"REST"},{"floor":27,"key":"REST"},{"floor":32,"key":"REST"},{"data":"White Noise","floor":40,"key":"SMITH"},{"data":"Darkness","floor":42,"key":"SMITH"},{"floor":49,"key":"REST"}],"neow_cost":"NONE","seed_source_timestamp":1983179034440963,"circlet_count":0,"master_deck":["Strike_B+1","Strike_B+1","Strike_B+1","Strike_B+1","Defend_B+1","Defend_B+1","Defend_B+1","Zap+1","Dualcast","Sweeping Beam","Melter","Conserve Battery","Cold Snap","Capacitor","Cold Snap","Rip and Tear","Defragment","Streamline","Buffer","Go for the Eyes","BootSequence+1","BootSequence","Darkness+1","Beam Cell+1","Capacitor+1","Necronomicurse","Self Repair","Glacier+1","Biased Cognition","Go for the Eyes","White Noise+1","Sunder+1","Darkness","Go for the Eyes","Writhe"],"relics":["Cracked Core","NeowsBlessing","WarpedTongs","Dream Catcher","Juzu Bracelet","Whetstone","Lantern","Philosopher\u0027s Stone","Blood Vial","Peace Pipe","Strawberry","Necronomicon","Mercury Hourglass","Busted Crown","Kunai","NlothsMask"],"potions_floor_usage":[16,16,19,24,31,33,38,48,48,50,50],"damage_taken":[{"damage":0,"enemies":"2 Louse","floor":1,"turns":1},{"damage":1,"enemies":"Cultist","floor":3,"turns":1},{"damage":0,"enemies":"Small Slimes","floor":5,"turns":1},{"damage":14,"enemies":"Gremlin Nob","floor":6,"turns":4},{"damage":15,"enemies":"3 Sentries","floor":8,"turns":5},{"damage":7,"enemies":"Exordium Wildlife","floor":10,"turns":4},{"damage":0,"enemies":"Red Slaver","floor":13,"turns":2},{"damage":0,"enemies":"2 Fungi Beasts","floor":14,"turns":2},{"damage":18,"enemies":"The Guardian","floor":16,"turns":8},{"damage":12,"enemies":"Shell Parasite","floor":18,"turns":4},{"damage":16,"enemies":"2 Thieves","floor":19,"turns":4},{"damage":12,"enemies":"Centurion and Healer","floor":22,"turns":7},{"damage":25,"enemies":"Book of Stabbing","floor":24,"turns":4},{"damage":1,"enemies":"Snake Plant","floor":31,"turns":4},{"damage":59,"enemies":"Champ","floor":33,"turns":13},{"damage":0,"enemies":"Orb Walker","floor":35,"turns":3},{"damage":14,"enemies":"3 Darklings","floor":38,"turns":7},{"damage":14,"enemies":"Sphere and 2 Shapes","floor":39,"turns":5},{"damage":21,"enemies":"4 Shapes","floor":46,"turns":5},{"damage":19,"enemies":"Jaw Worm Horde","floor":48,"turns":5},{"damage":58,"enemies":"Donu and Deca","floor":50,"turns":9}],"seed_played":"-2192373069128392022","potions_obtained":[{"floor":8,"key":"Explosive Potion"},{"floor":10,"key":"Strength Potion"},{"floor":13,"key":"Dexterity Potion"},{"floor":16,"key":"Ancient Potion"},{"floor":18,"key":"Energy Potion"},{"floor":19,"key":"SpeedPotion"},{"floor":22,"key":"PowerPotion"},{"floor":36,"key":"Regen Potion"},{"floor":36,"key":"LiquidBronze"},{"floor":36,"key":"Ancient Potion"},{"floor":38,"key":"Weak Potion"},{"floor":48,"key":"Energy Potion"}],"is_trial":false,"path_per_floor":["M","?","M","$","M","E","R","E","T","M","R","?","M","M","R","B",null,"M","M","?","$","M","R","E","?","T","R","?","?","$","M","R","B",null,"M","?","?","M","M","R","$","R","T","?","?","M","?","M","R","B",null],"character_chosen":"DEFECT","items_purchased":["BootSequence","Blood Vial","Madness","Self Repair","Darkness"],"campfire_rested":6,"item_purchase_floors":[21,21,21,30,41],"current_hp_per_floor":[75,75,74,74,74,60,60,45,45,38,60,48,48,48,70,52,75,63,47,47,47,37,59,36,36,43,67,51,51,51,52,76,26,82,82,82,82,75,63,63,63,63,63,63,63,44,65,55,79,33],"gold":43,"neow_bonus":"THREE_ENEMY_KILL","is_prod":false,"is_daily":false,"chose_seed":false,"campfire_upgraded":3,"win_rate":0,"timestamp":1550181210,"path_taken":["M","?","?","$","M","E","R","E","T","M","R","?","M","M","R","BOSS","M","M","?","$","M","R","E","?","T","R","?","?","?","M","R","BOSS","M","?","?","M","M","R","?","R","T","?","?","M","?","M","R","BOSS"],"build_version":"2019-01-23","purchased_purges":1,"victory":true,"max_hp_per_floor":[75,75,75,75,75,75,75,75,75,75,75,75,75,75,75,75,75,75,75,75,75,75,75,75,75,82,82,82,82,82,82,82,82,82,82,82,82,82,82,82,82,82,82,82,82,82,82,82,82,82],"card_choices":[{"not_picked":["Steam","Redo"],"picked":"Sweeping Beam","floor":1},{"not_picked":["Hologram","White Noise"],"picked":"Melter","floor":3},{"not_picked":["Force Field","Leap"],"picked":"Conserve Battery","floor":5},{"not_picked":["Reinforced Body","FTL"],"picked":"Cold Snap","floor":6},{"not_picked":["Tempest","Sweeping Beam"],"picked":"Capacitor","floor":8},{"not_picked":["Reinforced Body","Compile Driver"],"picked":"Cold Snap","floor":10},{"not_picked":["Creative AI","Blizzard"],"picked":"Rip and Tear","floor":11},{"not_picked":["Sweeping Beam","Heatsinks","Blizzard"],"picked":"SKIP","floor":13},{"not_picked":["Leap","Conserve Battery"],"picked":"Defragment","floor":14},{"not_picked":["Barrage","Storm"],"picked":"Streamline","floor":15},{"not_picked":["Fission","Hyperbeam"],"picked":"Buffer","floor":16},{"not_picked":["Leap","Conserve Battery"],"picked":"Go for the Eyes","floor":18},{"not_picked":["Redo","Skim"],"picked":"BootSequence","floor":19},{"not_picked":["Recycle+1","Turbo"],"picked":"Gash","floor":22},{"not_picked":["Reinforced Body","Go for the Eyes"],"picked":"Darkness","floor":23},{"not_picked":["Sweeping Beam","Coolheaded+1"],"picked":"Beam Cell+1","floor":24},{"not_picked":["Skim+1","Conserve Battery"],"picked":"Capacitor+1","floor":27},{"not_picked":["Rebound+1","Barrage","Lockon+1"],"picked":"SKIP","floor":31},{"not_picked":["Chill","Go for the Eyes+1"],"picked":"Glacier+1","floor":32},{"not_picked":["All For One","Fission"],"picked":"Biased Cognition","floor":33},{"not_picked":[],"picked":"Go for the Eyes","floor":35},{"not_picked":[],"picked":"White Noise","floor":38},{"not_picked":[],"picked":"Sunder+1","floor":39},{"not_picked":["Hologram"],"picked":"SKIP","floor":46},{"not_picked":["Hello World"],"picked":"SKIP","floor":48}],"player_experience":93495,"relics_obtained":[{"floor":6,"key":"Dream Catcher"},{"floor":8,"key":"Juzu Bracelet"},{"floor":9,"key":"Whetstone"},{"floor":24,"key":"Peace Pipe"},{"floor":26,"key":"Strawberry"},{"floor":28,"key":"Necronomicon"},{"floor":43,"key":"Kunai"}],"event_choices":[{"damage_healed":0,"gold_gain":0,"player_choice":"Rummage","damage_taken":0,"relics_obtained":["WarpedTongs"],"max_hp_gain":0,"max_hp_loss":0,"event_name":"Accursed Blacksmith","floor":2,"gold_loss":0,"cards_obtained":["Pain"]},{"damage_healed":0,"gold_gain":0,"player_choice":"Success","damage_taken":12,"relics_obtained":["Lantern"],"max_hp_gain":0,"max_hp_loss":0,"event_name":"Scrap Ooze","floor":12,"gold_loss":0},{"cards_removed":["Defend_B"],"damage_healed":0,"gold_gain":0,"player_choice":"Purged","damage_taken":0,"max_hp_gain":0,"max_hp_loss":0,"event_name":"Purifier","floor":20,"gold_loss":0},{"damage_healed":0,"gold_gain":0,"player_choice":"Simplicity","damage_taken":0,"max_hp_gain":0,"max_hp_loss":0,"event_name":"Back to Basics","floor":25,"gold_loss":0,"cards_upgraded":["Strike_B","Strike_B","Defend_B","Defend_B","Defend_B"]},{"damage_healed":0,"gold_gain":0,"player_choice":"Obtained Book","damage_taken":16,"max_hp_gain":0,"max_hp_loss":0,"event_name":"Cursed Tome","floor":28,"gold_loss":0},{"damage_healed":0,"gold_gain":0,"player_choice":"Opened","damage_taken":0,"relics_obtained":["Mercury Hourglass"],"max_hp_gain":0,"max_hp_loss":0,"event_name":"The Mausoleum","floor":29,"gold_loss":0},{"damage_healed":0,"gold_gain":0,"player_choice":"Got Potions","damage_taken":0,"max_hp_gain":0,"max_hp_loss":0,"event_name":"Lab","floor":36,"gold_loss":0},{"cards_removed":["Madness"],"damage_healed":0,"gold_gain":0,"player_choice":"Upgrade and Remove","damage_taken":0,"max_hp_gain":0,"max_hp_loss":0,"event_name":"Designer","floor":37,"gold_loss":90,"cards_upgraded":["BootSequence"]},{"damage_healed":0,"gold_gain":0,"player_choice":"Trade","damage_taken":0,"relics_obtained":["NlothsMask"],"max_hp_gain":0,"max_hp_loss":0,"event_name":"FaceTrader","floor":44,"gold_loss":0},{"damage_healed":0,"gold_gain":0,"cards_transformed":["Gash"],"player_choice":"Transformed","damage_taken":0,"max_hp_gain":0,"max_hp_loss":0,"event_name":"Transmorgrifier","floor":45,"gold_loss":0,"cards_obtained":["Go for the Eyes"]},{"damage_healed":21,"gold_gain":0,"player_choice":"Writhe","damage_taken":0,"max_hp_gain":0,"max_hp_loss":0,"event_name":"Winding Halls","floor":47,"gold_loss":0,"cards_obtained":["Writhe"]}],"is_beta":false,"boss_relics":[{"not_picked":["Velvet Choker","Runic Dome"],"picked":"Philosopher\u0027s Stone"},{"not_picked":["Runic Pyramid","White Beast Statue"],"picked":"Busted Crown"}],"items_purged_floors":[4],"is_endless":false,"potions_floor_spawned":[8,10,13,16,18,19,22,38,39,48],"ascension_level":0}