{"gold_per_floor":[119,119,133,153,167,167,192,214,214,57,70,100,100,111,111,185,185,200,250,250,261,186,186,25,52,77,77,77,77,77,90,90,90],"floor_reached":33,"playtime":977,"items_purged":["Strike_B"],"score":513,"play_id":"4b79d971-14d1-4350-afeb-ad775c499f53","local_time":"20190204233613","is_ascension_mode":true,"campfire_choices":[{"data":"Zap","floor":6.0,"key":"SMITH"},{"data":"Go for the Eyes","floor":15.0,"key":"SMITH"},{"floor":23.0,"key":"RECALL"},{"floor":28.0,"key":"REST"},{"floor":30.0,"key":"REST"},{"floor":32.0,"key":"REST"}],"neow_cost":"CURSE","seed_source_timestamp":1250554274262564,"circlet_count":0,"master_deck":["AscendersBane","Strike_B","Strike_B","Defend_B","Defend_B","Defend_B","Defend_B+1","Zap+1","Dualcast","Defragment","Doom and Gloom","Cold Snap","Creative AI","Ball Lightning","Auto Shields+1","Go for the Eyes+1","Conserve Battery","Core Surge","Loop+1","Ghostly","Ghostly","Ghostly","Injury","Tempest"],"special_seed":0,"relics":["Cracked Core","Torii","Meat on the Bone","Happy Flower","Odd Mushroom","Symbiotic Virus","War Paint","Fusion Hammer","Oddly Smooth Stone","Mercury Hourglass","Art of War"],"potions_floor_usage":[33],"damage_taken":[{"damage":1.0,"enemies":"2 Louse","floor":1.0,"turns":3.0},{"damage":7.0,"enemies":"Jaw Worm","floor":3.0,"turns":3.0},{"damage":1.0,"enemies":"Small Slimes","floor":4.0,"turns":3.0},{"damage":2.0,"enemies":"Looter","floor":5.0,"turns":3.0},{"damage":17.0,"enemies":"3 Sentries","floor":7.0,"turns":8.0},{"damage":24.0,"enemies":"The Mushroom Lair","floor":8.0,"turns":3.0},{"damage":1.0,"enemies":"Blue Slaver","floor":11.0,"turns":2.0},{"damage":5.0,"enemies":"Gremlin Gang","floor":14.0,"turns":4.0},{"damage":14.0,"enemies":"The Guardian","floor":16.0,"turns":11.0},{"damage":12.0,"enemies":"Shell Parasite","floor":18.0,"turns":4.0},{"damage":0.0,"enemies":"Chosen","floor":21.0,"turns":4.0},{"damage":3.0,"enemies":"Slavers","floor":25.0,"turns":5.0},{"damage":15.0,"enemies":"Snake Plant","floor":31.0,"turns":4.0},{"damage":38,"enemies":"Automaton","floor":33,"turns":6}],"seed_played":"-3225611650339853801","potions_obtained":[{"floor":1.0,"key":"Explosive Potion"},{"floor":4.0,"key":"Weak Potion"},{"floor":8.0,"key":"AttackPotion"},{"floor":16.0,"key":"PowerPotion"},{"floor":21.0,"key":"SkillPotion"},{"floor":31.0,"key":"Dexterity Potion"}],"is_trial":false,"path_per_floor":["M","?","M","M","M","R","E","?","T","$","M","?","?","M","R","B",null,"M","?","?","M","$","R","$","E","T","?","R","$","R","M","R","B"],"character_chosen":"DEFECT","items_purchased":["War Paint","Oddly Smooth Stone"],"campfire_rested":3,"item_purchase_floors":[10,24],"current_hp_per_floor":[63,58,51,50,48,48,43,31,31,31,42,42,42,37,37,35,62,50,50,35,35,35,35,35,32,32,32,32,32,32,17,26,0],"gold":90,"neow_bonus":"ONE_RARE_RELIC","is_prod":false,"is_daily":false,"chose_seed":false,"campfire_upgraded":2,"win_rate":0,"timestamp":1549316173,"path_taken":["M","?","M","M","M","R","E","?","T","$","M","?","?","?","R","BOSS","M","?","?","M","$","R","$","E","T","?","R","?","R","?","R","BOSS"],"build_version":"2019-01-23","purchased_purges":1,"victory":false,"max_hp_per_floor":[71,71,71,71,71,71,71,71,71,71,71,71,71,71,71,71,71,71,71,35,35,35,35,35,35,35,32,32,32,32,32,32,32],"card_choices":[{"not_picked":["Sweeping Beam","Beam Cell"],"picked":"Defragment","floor":1.0},{"not_picked":["Cold Snap","Steam Power"],"picked":"Doom and Gloom","floor":3.0},{"not_picked":["Gash","Scrape"],"picked":"Cold Snap","floor":4.0},{"not_picked":["Auto Shields","Barrage"],"picked":"Creative AI","floor":5.0},{"not_picked":["Undo","Sweeping Beam"],"picked":"Ball Lightning","floor":7.0},{"not_picked":["Steam","Redo"],"picked":"Auto Shields","floor":8.0},{"not_picked":["Redo","Beam Cell"],"picked":"Go for the Eyes","floor":11.0},{"not_picked":["Go for the Eyes","Reinforced Body"],"picked":"Conserve Battery","floor":14.0},{"not_picked":["Meteor Strike","Reboot"],"picked":"Core Surge","floor":16.0},{"not_picked":["Stack","Sweeping Beam"],"picked":"Loop+1","floor":18.0},{"not_picked":["Redo","Cold Snap","Force Field"],"picked":"SKIP","floor":21.0},{"not_picked":["Sweeping Beam","Doom and Gloom","Scrape"],"picked":"SKIP","floor":25.0},{"not_picked":["Rebound","Doom and Gloom","Redo"],"picked":"SKIP","floor":31.0}],"player_experience":184654,"relics_obtained":[{"floor":7.0,"key":"Happy Flower"},{"floor":8.0,"key":"Odd Mushroom"},{"floor":9.0,"key":"Symbiotic Virus"},{"floor":25.0,"key":"Mercury Hourglass"},{"floor":26.0,"key":"Art of War"}],"event_choices":[{"damage_healed":0.0,"max_hp_gain":0.0,"max_hp_loss":0.0,"gold_gain":0.0,"event_name":"Scrap Ooze","player_choice":"Success","floor":2.0,"gold_loss":0.0,"damage_taken":5.0,"relics_obtained":["Meat on the Bone"]},{"damage_healed":0.0,"max_hp_gain":0.0,"max_hp_loss":0.0,"gold_gain":0.0,"event_name":"Mushrooms","player_choice":"Fought Mushrooms","floor":8.0,"gold_loss":0.0,"damage_taken":0.0},{"damage_healed":0.0,"max_hp_gain":0.0,"max_hp_loss":0.0,"gold_gain":30.0,"event_name":"Dead Adventurer","player_choice":"Searched \u00271\u0027 times","floor":12.0,"gold_loss":0.0,"damage_taken":0.0},{"damage_healed":0.0,"max_hp_gain":0.0,"max_hp_loss":0.0,"gold_gain":0.0,"event_name":"Shining Light","player_choice":"Ignored","floor":13.0,"gold_loss":0.0,"damage_taken":0.0},{"damage_healed":0.0,"max_hp_gain":0.0,"max_hp_loss":0.0,"gold_gain":50.0,"event_name":"Nest","player_choice":"Stole From Cult","floor":19.0,"gold_loss":0.0,"damage_taken":0.0},{"damage_healed":0.0,"max_hp_gain":0.0,"max_hp_loss":36.0,"gold_gain":0.0,"event_name":"Ghosts","player_choice":"Became a Ghost","floor":20.0,"gold_loss":0.0,"damage_taken":0.0,"cards_obtained":["Ghostly","Ghostly","Ghostly"]},{"damage_healed":0.0,"max_hp_gain":0.0,"max_hp_loss":0.0,"gold_gain":0.0,"cards_transformed":["Parasite","Strike_B"],"event_name":"Drug Dealer","player_choice":"Became Test Subject","floor":27.0,"gold_loss":0.0,"damage_taken":0.0,"cards_obtained":["Injury","Tempest"]}],"is_beta":false,"boss_relics":[{"not_picked":["Empty Cage","Black Star"],"picked":"Fusion Hammer"}],"items_purged_floors":[22],"is_endless":false,"potions_floor_spawned":[1,4,5,8,16,21,31],"killed_by":"Automaton","ascension_level":19}