{"gold_per_floor":[110,110,130,130,105,105,118,133,159,159,177,188,212,212,212,212],"floor_reached":16,"playtime":1247,"items_purged":[],"score":92,"play_id":"81b010b3-5837-4e25-bd67-5aaf25fbcfb7","local_time":"20190107044248","is_ascension_mode":false,"campfire_choices":[{"floor":6,"key":"REST"},{"floor":10,"key":"REST"},{"data":"Armaments","floor":15,"key":"SMITH"}],"neow_cost":"PERCENT_DAMAGE","seed_source_timestamp":636173244790388,"circlet_count":0,"master_deck":["Strike_R","Strike_R","Strike_R","Strike_R+1","Defend_R","Defend_R","Defend_R","Bash","Bloodletting","Feel No Pain","Perfected Strike","Pommel Strike","Armaments+1","Thunderclap+1","Inflame"],"relics":["Burning Blood","Bird Faced Urn","Blood Vial","Potion Belt","Whetstone"],"potions_floor_usage":[8],"damage_taken":[{"damage":0,"enemies":"Small Slimes","floor":1,"turns":4},{"damage":9,"enemies":"2 Louse","floor":3,"turns":3},{"damage":1,"enemies":"Cultist","floor":7,"turns":3},{"damage":29,"enemies":"Exordium Wildlife","floor":8,"turns":7},{"damage":18,"enemies":"Large Slime","floor":11,"turns":9},{"damage":16,"enemies":"Gremlin Gang","floor":12,"turns":4},{"damage":72,"enemies":"The Guardian","floor":16,"turns":14}],"seed_played":"-4172978982491417135","potions_obtained":[{"floor":3,"key":"BloodPotion"},{"floor":12,"key":"Dexterity Potion"}],"is_trial":false,"path_per_floor":["M","?","M","?","$","R","M","M","T","R","M","M","T","?","R","B"],"character_chosen":"IRONCLAD","items_purchased":["Perfected Strike"],"campfire_rested":2,"item_purchase_floors":[5],"current_hp_per_floor":[62,29,28,28,28,52,61,50,50,74,66,60,60,60,60,0],"gold":212,"neow_bonus":"ONE_RARE_RELIC","is_prod":false,"is_daily":false,"chose_seed":false,"campfire_upgraded":1,"win_rate":0,"timestamp":1546864968,"path_taken":["M","?","M","?","$","R","M","?","T","R","M","M","?","?","R","BOSS"],"build_version":"2019-01-03v4","purchased_purges":0,"victory":false,"max_hp_per_floor":[80,80,80,80,80,80,80,80,80,80,80,80,80,80,80,80],"card_choices":[{"not_picked":["Thunderclap","Wild Strike"],"picked":"Bloodletting","floor":1},{"not_picked":["Body Slam","Clash"],"picked":"Feel No Pain","floor":3},{"not_picked":["Sword Boomerang","Cleave"],"picked":"Pommel Strike","floor":7},{"not_picked":["Anger","Headbutt"],"picked":"Armaments","floor":8},{"not_picked":["Hemokinesis","Anger"],"picked":"Thunderclap","floor":11},{"not_picked":["Burning Pact","Corruption"],"picked":"Inflame","floor":12}],"player_experience":29445,"relics_obtained":[{"floor":9,"key":"Potion Belt"},{"floor":13,"key":"Whetstone"}],"event_choices":[{"damage_healed":0,"gold_gain":0,"player_choice":"Success","damage_taken":33,"relics_obtained":["Blood Vial"],"max_hp_gain":0,"max_hp_loss":0,"event_name":"Scrap Ooze","floor":2,"gold_loss":0},{"cards_removed":["Defend_R"],"damage_healed":0,"gold_gain":0,"player_choice":"Offered Basic","damage_taken":0,"max_hp_gain":0,"max_hp_loss":0,"event_name":"Bonfire Elementals","floor":4,"gold_loss":0},{"cards_removed":["Strike_R"],"damage_healed":0,"gold_gain":0,"player_choice":"Purged","damage_taken":0,"max_hp_gain":0,"max_hp_loss":0,"event_name":"Purifier","floor":14,"gold_loss":0}],"is_beta":false,"boss_relics":[],"items_purged_floors":[],"is_endless":false,"potions_floor_spawned":[3,12],"killed_by":"The Guardian","ascension_level":0}