{"gold_per_floor":[364,364,539,25,25,52,65,65,65,91,91,118,133,166,166,262,262,282,298,298,398,413,447,461,461,488,513,513,319,335,363,363,465,465,478,492,492,492,45,71,84,112,112,137,51,81,110,135,147,159],"floor_reached":51,"playtime":4515,"items_purged":["Doubt","Shame","Strike_R"],"score":1439,"play_id":"788eb689-fcbc-495f-88bb-4807c1b7d1db","local_time":"20190221013632","is_ascension_mode":true,"campfire_choices":[{"floor":8,"key":"REST"},{"floor":11,"key":"REST"},{"data":"Apotheosis","floor":15,"key":"SMITH"},{"floor":25,"key":"REST"},{"floor":32,"key":"REST"},{"floor":49,"key":"REST"}],"neow_cost":"PERCENT_DAMAGE","seed_source_timestamp":453560997474928,"circlet_count":0,"master_deck":["AscendersBane","Strike_R","Strike_R","Strike_R+1","Strike_R+1","Defend_R","Defend_R","Defend_R","Defend_R","Bash","Pommel Strike","Apotheosis+1","Flex","Pommel Strike","True Grit","Flame Barrier","Feed","Injury","Decay","Cleave","Spot Weakness+1","Inflame","Infernal Blade+1","Twin Strike","Exhume+1","Sword Boomerang","Burning Pact+1","Battle Trance+1","Sentinel+1","Sword Boomerang+1"],"relics":["Burning Blood","Pocketwatch","Shuriken","Paper Frog","Singing Bowl","Lantern","Anchor","Bottled Lightning","Calling Bell","Happy Flower","Toxic Egg 2","Ice Cream","Du-Vu Doll","Bag of Marbles","Smiling Mask","Regal Pillow","Pen Nib","Fusion Hammer","Ancient Tea Set","Pear","Whetstone","PreservedInsect","Ginger","MawBank","Bronze Scales"],"potions_floor_usage":[10,16,16,23,30,31,40,50],"damage_taken":[{"damage":4,"enemies":"Small Slimes","floor":1,"turns":4},{"damage":24,"enemies":"Gremlin Nob","floor":6,"turns":4},{"damage":4,"enemies":"Jaw Worm","floor":7,"turns":3},{"damage":20,"enemies":"Lagavulin","floor":10,"turns":3},{"damage":32,"enemies":"Gremlin Nob","floor":12,"turns":4},{"damage":0,"enemies":"2 Louse","floor":13,"turns":3},{"damage":8,"enemies":"3 Sentries","floor":14,"turns":8},{"damage":8,"enemies":"The Guardian","floor":16,"turns":10},{"damage":0,"enemies":"3 Byrds","floor":18,"turns":4},{"damage":14,"enemies":"2 Thieves","floor":19,"turns":4},{"damage":19,"enemies":"Centurion and Healer","floor":22,"turns":4},{"damage":26,"enemies":"Gremlin Leader","floor":23,"turns":5},{"damage":0,"enemies":"Snecko","floor":24,"turns":3},{"damage":0,"enemies":"Slavers","floor":27,"turns":1},{"damage":30,"enemies":"Sentry and Sphere","floor":30,"turns":5},{"damage":0,"enemies":"Gremlin Leader","floor":31,"turns":4},{"damage":79,"enemies":"Champ","floor":33,"turns":7},{"damage":0,"enemies":"Orb Walker","floor":35,"turns":2},{"damage":1,"enemies":"3 Shapes","floor":36,"turns":4},{"damage":30,"enemies":"Reptomancer","floor":40,"turns":4},{"damage":0,"enemies":"Transient","floor":41,"turns":5},{"damage":15,"enemies":"Giant Head","floor":42,"turns":5},{"damage":0,"enemies":"Reptomancer","floor":44,"turns":2},{"damage":0,"enemies":"3 Darklings","floor":46,"turns":3},{"damage":14,"enemies":"Sphere and 2 Shapes","floor":47,"turns":3},{"damage":16,"enemies":"4 Shapes","floor":48,"turns":7},{"damage":80,"enemies":"Awakened One","floor":50,"turns":7}],"seed_played":"-739549413580473314","potions_obtained":[{"floor":6,"key":"SkillPotion"},{"floor":7,"key":"SteroidPotion"},{"floor":10,"key":"LiquidBronze"},{"floor":19,"key":"Strength Potion"},{"floor":23,"key":"Dexterity Potion"},{"floor":27,"key":"BloodPotion"},{"floor":31,"key":"SpeedPotion"},{"floor":36,"key":"Block Potion"},{"floor":42,"key":"Energy Potion"}],"is_trial":false,"path_per_floor":["M","?","?","$","$","E","M","R","T","E","R","E","M","E","R","B",null,"M","M","?","?","M","E","M","R","T","E","?","$","M","E","R","B",null,"M","M","?","?","$","E","M","E","T","E","?","M","M","M","R","B",null],"character_chosen":"IRONCLAD","items_purchased":["Shuriken","Apotheosis","Regal Pillow","Ancient Tea Set","Pear"],"campfire_rested":5,"item_purchase_floors":[4,4,29,39,39],"current_hp_per_floor":[53,41,41,41,41,23,25,49,49,37,61,35,41,41,41,39,73,83,81,62,62,49,29,39,69,69,81,81,81,71,79,115,46,101,107,118,120,120,130,110,118,115,115,121,121,131,131,131,165,95],"gold":171,"neow_bonus":"TWO_FIFTY_GOLD","is_prod":false,"is_daily":false,"chose_seed":false,"campfire_upgraded":1,"win_rate":0,"timestamp":1550741792,"path_taken":["M","?","?","?","$","E","M","R","T","E","R","E","M","E","R","BOSS","M","M","?","?","?","E","M","R","T","E","?","?","M","E","R","BOSS","M","M","?","?","$","E","M","E","T","E","?","M","?","M","R","BOSS"],"build_version":"2019-01-23","purchased_purges":3,"victory":true,"max_hp_per_floor":[80,80,80,80,80,80,80,80,80,82,82,82,82,84,84,84,84,88,94,99,99,99,99,103,103,103,109,109,109,113,115,115,119,119,119,125,127,121,131,135,137,143,143,143,143,147,155,165,165,169],"card_choices":[{"not_picked":["Headbutt","Heavy Blade"],"picked":"Pommel Strike","floor":1},{"not_picked":["Entrench","Wild Strike"],"picked":"Flex","floor":6},{"not_picked":["Perfected Strike","Flex"],"picked":"Pommel Strike","floor":7},{"not_picked":["Hemokinesis","Exhume","Pommel Strike"],"picked":"Singing Bowl","floor":10},{"not_picked":["Feel No Pain","Entrench"],"picked":"True Grit","floor":12},{"not_picked":["Heavy Blade","Anger"],"picked":"Flame Barrier","floor":13},{"not_picked":["Perfected Strike","Dual Wield","Anger"],"picked":"Singing Bowl","floor":14},{"not_picked":["Fiend Fire","Brutality"],"picked":"Feed","floor":16},{"not_picked":["Thunderclap","True Grit+1"],"picked":"Cleave","floor":18},{"not_picked":["Headbutt","Body Slam","Dual Wield+1"],"picked":"Singing Bowl","floor":19},{"not_picked":["Sentinel+1","True Grit+1"],"picked":"Spot Weakness+1","floor":22},{"not_picked":["Juggernaut","Pommel Strike"],"picked":"Inflame","floor":23},{"not_picked":["Feel No Pain+1","Anger+1"],"picked":"Infernal Blade+1","floor":24},{"not_picked":["Clash","Perfected Strike+1","Dropkick"],"picked":"Singing Bowl","floor":27},{"not_picked":["Pommel Strike","Armaments+1"],"picked":"Twin Strike","floor":30},{"not_picked":["Rupture+1","Iron Wave","Clash"],"picked":"Singing Bowl","floor":31},{"not_picked":["Immolate","Juggernaut"],"picked":"Exhume+1","floor":33},{"not_picked":["Clash+1","Uppercut"],"picked":"Sword Boomerang","floor":35},{"not_picked":["Clash+1","Entrench+1","Iron Wave+1"],"picked":"Singing Bowl","floor":36},{"not_picked":["Panacea+1","Swift Strike","Jack Of All Trades+1"],"picked":"Singing Bowl","floor":37},{"not_picked":["Headbutt+1","Evolve+1"],"picked":"Burning Pact+1","floor":40},{"not_picked":["Sword Boomerang","Warcry+1","Flex+1"],"picked":"Singing Bowl","floor":41},{"not_picked":["Rage+1","Thunderclap","Perfected Strike+1"],"picked":"Singing Bowl","floor":42},{"not_picked":["Armaments+1","Intimidate+1"],"picked":"Battle Trance+1","floor":44},{"not_picked":["Bludgeon","Body Slam"],"picked":"Sentinel+1","floor":46},{"not_picked":["Combust+1","Iron Wave+1"],"picked":"Sword Boomerang+1","floor":47},{"not_picked":["Wild Strike+1","Iron Wave","Anger+1"],"picked":"Singing Bowl","floor":48}],"player_experience":460319,"relics_obtained":[{"floor":6,"key":"Paper Frog"},{"floor":9,"key":"Singing Bowl"},{"floor":10,"key":"Lantern"},{"floor":12,"key":"Anchor"},{"floor":14,"key":"Bottled Lightning"},{"floor":17,"key":"Happy Flower"},{"floor":17,"key":"Toxic Egg 2"},{"floor":17,"key":"Ice Cream"},{"floor":23,"key":"Du-Vu Doll"},{"floor":26,"key":"Bag of Marbles"},{"floor":27,"key":"Smiling Mask"},{"floor":31,"key":"Pen Nib"},{"floor":40,"key":"Whetstone"},{"floor":42,"key":"PreservedInsect"},{"floor":43,"key":"Ginger"},{"floor":44,"key":"MawBank"}],"event_choices":[{"damage_healed":0,"gold_gain":0,"player_choice":"Success","damage_taken":12,"relics_obtained":["Pocketwatch"],"max_hp_gain":0,"max_hp_loss":0,"event_name":"Scrap Ooze","floor":2,"gold_loss":0},{"damage_healed":0,"gold_gain":175,"player_choice":"AGREE","damage_taken":0,"max_hp_gain":0,"max_hp_loss":0,"event_name":"Liars Game","floor":3,"gold_loss":0,"cards_obtained":["Doubt"]},{"damage_healed":0,"gold_gain":0,"player_choice":"Shed Blood","damage_taken":24,"max_hp_gain":5,"max_hp_loss":0,"event_name":"Forgotten Altar","floor":20,"gold_loss":0},{"damage_healed":0,"gold_gain":100,"player_choice":"Pray","damage_taken":0,"max_hp_gain":0,"max_hp_loss":0,"event_name":"Golden Shrine","floor":21,"gold_loss":0},{"damage_healed":0,"gold_gain":0,"player_choice":"Ignored","damage_taken":0,"max_hp_gain":0,"max_hp_loss":0,"event_name":"N\u0027loth","floor":28,"gold_loss":0},{"damage_healed":0,"gold_gain":0,"player_choice":"Memory 1","damage_taken":0,"max_hp_gain":0,"max_hp_loss":0,"event_name":"SensoryStone","floor":37,"gold_loss":0},{"damage_healed":0,"gold_gain":0,"player_choice":"Max HP","damage_taken":0,"max_hp_gain":0,"max_hp_loss":6,"event_name":"Winding Halls","floor":38,"gold_loss":0},{"damage_healed":0,"gold_gain":0,"player_choice":"Paid Gold","damage_taken":0,"relics_obtained":["Bronze Scales"],"max_hp_gain":0,"max_hp_loss":0,"event_name":"WeMeetAgain","floor":45,"gold_loss":98}],"is_beta":false,"boss_relics":[{"not_picked":["Eternal Feather","Runic Cube"],"picked":"Calling Bell"},{"not_picked":["Empty Cage","Velvet Choker"],"picked":"Fusion Hammer"}],"items_purged_floors":[4,29,39],"is_endless":false,"potions_floor_spawned":[6,7,10,19,23,27,31,36,42,46],"ascension_level":11}