{"gold_per_floor":[119,134,134,134,134,134,165,165,188,223,277,357,375,415,415,535,535,559,559,140,164,187,187,212,248,260,272,60,91,110,149,149,274,274,287,106,131,144,63,63,98,22,22,41,84,98,98,0,0,0],"floor_reached":51,"playtime":3857,"items_purged":["Defend_B","Strike_B"],"score":944,"play_id":"6c9242c6-2d78-4020-ab5a-dbe052d12e8b","local_time":"20181016194850","is_ascension_mode":true,"campfire_choices":[{"data":"Dualcast","floor":6,"key":"SMITH"},{"floor":8,"key":"REST"},{"floor":15,"key":"REST"},{"data":"Creative AI","floor":23,"key":"SMITH"},{"floor":27,"key":"REST"},{"data":"White Noise","floor":32,"key":"SMITH"},{"data":"Buffer","floor":40,"key":"SMITH"},{"floor":49,"key":"REST"}],"neow_cost":"NONE","seed_source_timestamp":1248524807477510,"circlet_count":0,"master_deck":["Strike_B","Defend_B","Defend_B","Defend_B","Zap+1","Dualcast+1","Self Repair","Darkness+1","Leap","Static Discharge","Glacier","Hello World","Multi-Cast","Conserve Battery+1","Creative AI+1","Darkness","Static Discharge","Redo+1","Thunder Strike+1","Lockon+1","White Noise+1","Hello World","Capacitor","Steam+1","Buffer+1","Double Energy","Self Repair","Heatsinks","Consume+1","Consume","Static Discharge+1","Buffer","Steam+1","Dark Shackles","Transmutation","Dark Shackles"],"relics":["Cracked Core","Golden Idol","Bag of Preparation","Happy Flower","Shuriken","Tiny Chest","Mummified Hand","Omamori","Black Star","WarpedTongs","Blood Vial","Bag of Marbles","MawBank","Meat on the Bone","Orichalcum","Turnip","Gambling Chip","Ice Cream","Mango","Philosopher\u0027s Stone","War Paint","Bronze Scales","Whetstone","Nunchaku","PreservedInsect","Vajra","Red Mask"],"potions_floor_usage":[7,10,29,30],"damage_taken":[{"damage":7,"enemies":"Jaw Worm","floor":1,"turns":3},{"damage":0,"enemies":"2 Louse","floor":2,"turns":1},{"damage":41,"enemies":"Gremlin Nob","floor":7,"turns":5},{"damage":17,"enemies":"3 Sentries","floor":10,"turns":6},{"damage":0,"enemies":"Small Slimes","floor":13,"turns":3},{"damage":22,"enemies":"Lagavulin","floor":14,"turns":8},{"damage":32,"enemies":"Hexaghost","floor":16,"turns":10},{"damage":9,"enemies":"Spheric Guardian","floor":18,"turns":6},{"damage":9,"enemies":"3 Byrds","floor":21,"turns":3},{"damage":29,"enemies":"Centurion and Healer","floor":22,"turns":7},{"damage":1,"enemies":"Snecko","floor":24,"turns":5},{"damage":31,"enemies":"Book of Stabbing","floor":25,"turns":5},{"damage":47,"enemies":"Slavers","floor":29,"turns":4},{"damage":8,"enemies":"Sentry and Sphere","floor":30,"turns":5},{"damage":17,"enemies":"Book of Stabbing","floor":31,"turns":5},{"damage":47,"enemies":"Automaton","floor":33,"turns":8},{"damage":0,"enemies":"Orb Walker","floor":35,"turns":4},{"damage":35,"enemies":"3 Darklings","floor":37,"turns":4},{"damage":0,"enemies":"4 Shapes","floor":38,"turns":5},{"damage":0,"enemies":"Giant Head","floor":41,"turns":6},{"damage":0,"enemies":"Maw","floor":44,"turns":6},{"damage":36,"enemies":"2 Orb Walkers","floor":45,"turns":3},{"damage":43,"enemies":"Transient","floor":46,"turns":5},{"damage":40,"enemies":"Donu and Deca","floor":50,"turns":4}],"seed_played":"-5320930588721691145","potions_obtained":[{"floor":1,"key":"Weak Potion"},{"floor":7,"key":"FocusPotion"},{"floor":13,"key":"Fruit Juice"},{"floor":22,"key":"Regen Potion"},{"floor":25,"key":"FocusPotion"},{"floor":30,"key":"GamblersBrew"},{"floor":35,"key":"SpeedPotion"},{"floor":41,"key":"Energy Potion"}],"is_trial":false,"path_per_floor":["M","M","?","?","?","R","E","R","T","E","T","T","M","E","R","B",null,"M","?","$","M","M","R","M","E","T","R","$","E","M","E","R","B",null,"M","$","M","M","?","R","E","$","T","M","E","M","?","?","R","B"],"character_chosen":"DEFECT","items_purchased":["Creative AI","Darkness","Blood Vial","Orichalcum","White Noise","Self Repair","Consume"],"campfire_rested":4,"item_purchase_floors":[20,20,20,28,28,36,42],"current_hp_per_floor":[68,68,61,61,61,61,27,47,47,37,37,37,44,29,49,24,69,67,67,67,67,50,50,58,36,36,56,56,28,53,59,59,33,88,88,88,70,86,86,86,88,88,88,88,59,44,34,34,60,41],"gold":0,"neow_bonus":"UPGRADE_CARD","is_prod":false,"is_daily":false,"chose_seed":false,"campfire_upgraded":4,"win_rate":0,"timestamp":1539715730,"path_taken":["M","M","?","?","?","R","E","R","T","E","?","?","M","E","R","BOSS","M","?","$","M","M","R","M","E","T","R","$","E","M","E","R","BOSS","M","$","M","M","?","R","E","?","T","?","E","M","?","?","R","BOSS"],"build_version":"2018-10-11","purchased_purges":2,"victory":true,"max_hp_per_floor":[75,75,75,75,69,69,69,69,69,69,69,69,69,69,69,69,69,69,69,69,69,69,69,69,69,69,69,69,74,74,88,88,88,88,88,88,88,88,88,88,88,88,88,88,88,88,88,88,88,88],"card_choices":[{"not_picked":["Fusion","Doom and Gloom"],"picked":"Self Repair","floor":1},{"not_picked":["Sweeping Beam","Cold Snap"],"picked":"Darkness","floor":2},{"not_picked":["Ball Lightning","White Noise"],"picked":"Leap","floor":7},{"not_picked":["Compile Driver","Barrage"],"picked":"Static Discharge","floor":10},{"not_picked":["Coolheaded","Hologram"],"picked":"Glacier","floor":13},{"not_picked":["Beam Cell","Leap"],"picked":"Hello World","floor":14},{"not_picked":["Hyperbeam","Reboot"],"picked":"Multi-Cast","floor":16},{"not_picked":["Steam","Blizzard"],"picked":"Conserve Battery+1","floor":18},{"not_picked":["Hologram","Streamline"],"picked":"Static Discharge","floor":21},{"not_picked":["Ball Lightning+1","Steam"],"picked":"Redo+1","floor":22},{"not_picked":["Turbo","Chaos"],"picked":"Thunder Strike","floor":24},{"not_picked":["Barrage","Conserve Battery"],"picked":"Lockon","floor":25},{"not_picked":["Sweeping Beam","Cold Snap"],"picked":"Hello World","floor":29},{"not_picked":["Barrage+1","Glacier"],"picked":"Capacitor","floor":30},{"not_picked":["Steam Power","Sweeping Beam"],"picked":"Steam+1","floor":31},{"not_picked":["Core Surge","Fission"],"picked":"Buffer","floor":33},{"not_picked":["Rebound","Redo+1"],"picked":"Double Energy","floor":35},{"not_picked":["FTL","Blizzard+1"],"picked":"Heatsinks","floor":37},{"not_picked":["Go for the Eyes+1","Auto Shields+1"],"picked":"Consume","floor":38},{"not_picked":["Scrape","Thunder Strike","Rebound"],"picked":"SKIP","floor":41},{"not_picked":["Consume+1","Barrage+1"],"picked":"Static Discharge+1","floor":44},{"not_picked":["Thunder Strike","Sweeping Beam"],"picked":"Buffer","floor":45},{"not_picked":["Hologram","Coolheaded+1"],"picked":"Steam+1","floor":46},{"not_picked":["Secret Weapon","Dramatic Entrance"],"picked":"Dark Shackles","floor":47},{"not_picked":["Enlightenment","Deep Breath"],"picked":"Transmutation","floor":47},{"not_picked":["Good Instincts","Jack Of All Trades"],"picked":"Dark Shackles","floor":47}],"player_experience":86832,"relics_obtained":[{"floor":7,"key":"Bag of Preparation"},{"floor":9,"key":"Happy Flower"},{"floor":10,"key":"Shuriken"},{"floor":11,"key":"Tiny Chest"},{"floor":12,"key":"Mummified Hand"},{"floor":14,"key":"Omamori"},{"floor":25,"key":"Bag of Marbles"},{"floor":25,"key":"MawBank"},{"floor":26,"key":"Meat on the Bone"},{"floor":29,"key":"Turnip"},{"floor":29,"key":"Gambling Chip"},{"floor":31,"key":"Ice Cream"},{"floor":31,"key":"Mango"},{"floor":41,"key":"Bronze Scales"},{"floor":41,"key":"Whetstone"},{"floor":43,"key":"Nunchaku"},{"floor":45,"key":"PreservedInsect"},{"floor":45,"key":"Vajra"}],"event_choices":[{"event_name":"Golden Wing","player_choice":"Card Removal","floor":3,"damage_taken":0},{"event_name":"Bonfire Elementals","player_choice":"BASIC","floor":4,"damage_taken":0},{"event_name":"Golden Idol","player_choice":"Lose Max HP","floor":5,"damage_taken":0},{"event_name":"Accursed Blacksmith","player_choice":"Rummage","floor":19,"damage_taken":0},{"event_name":"WeMeetAgain","player_choice":"Gold","floor":39,"damage_taken":0},{"event_name":"SensoryStone","player_choice":"Memory 3","floor":47,"damage_taken":0},{"event_name":"Tomb of Lord Red Mask","player_choice":"Paid","floor":48,"damage_taken":0}],"is_beta":false,"boss_relics":[{"not_picked":["Busted Crown","Snecko Eye"],"picked":"Black Star"},{"not_picked":["Orrery","Coffee Dripper"],"picked":"Philosopher\u0027s Stone"}],"items_purged_floors":[20,36],"is_endless":false,"potions_floor_spawned":[1,7,13,22,25,30,35,38,41],"ascension_level":3}