{"gold_per_floor":[115,115,136,136,136,136,180,258,258,278,303,303,303,344,344,433,433,433,397,397,397,397,397,397,397],"floor_reached":25,"playtime":613,"items_purged":[],"score":479,"play_id":"c2d83072-361e-4fa1-a795-bf5e66f11c0f","local_time":"20190203231635","is_ascension_mode":true,"campfire_choices":[{"data":"Dualcast","floor":6,"key":"SMITH"},{"floor":12,"key":"REST"},{"floor":15,"key":"REST"},{"floor":24,"key":"REST"}],"neow_cost":"NONE","seed_source_timestamp":1163451010599384,"circlet_count":0,"master_deck":["AscendersBane","Strike_B","Strike_B","Strike_B","Defend_B","Defend_B","Defend_B","Defend_B","Zap+1","Dualcast+1","Streamline","Doom and Gloom","Consume","Undo","Cold Snap","Ball Lightning","Fission","Glacier","Hologram"],"relics":["Cracked Core","NeowsBlessing","Golden Idol","Regal Pillow","Bag of Marbles","The Courier","FaceOfCleric","Potion Belt","Ectoplasm","MutagenicStrength","Bronze Scales"],"potions_floor_usage":[11,16,20,23,23,25],"damage_taken":[{"damage":0,"enemies":"2 Louse","floor":1,"turns":1},{"damage":0,"enemies":"Small Slimes","floor":3,"turns":1},{"damage":0,"enemies":"Gremlin Nob","floor":7,"turns":1},{"damage":42,"enemies":"Gremlin Nob","floor":8,"turns":4},{"damage":0,"enemies":"Cultist","floor":10,"turns":2},{"damage":10,"enemies":"3 Louse","floor":11,"turns":3},{"damage":18,"enemies":"3 Sentries","floor":14,"turns":6},{"damage":32,"enemies":"Hexaghost","floor":16,"turns":8},{"damage":3,"enemies":"Chosen","floor":18,"turns":5},{"damage":26,"enemies":"Spheric Guardian","floor":20,"turns":4},{"damage":25,"enemies":"Book of Stabbing","floor":23,"turns":6},{"damage":74,"enemies":"Gremlin Leader","floor":25,"turns":9}],"seed_played":"-3399684270498923880","potions_obtained":[{"floor":7,"key":"Energy Potion"},{"floor":10,"key":"LiquidBronze"},{"floor":11,"key":"Regen Potion"},{"floor":16,"key":"EssenceOfSteel"},{"floor":18,"key":"PowerPotion"},{"floor":23,"key":"Regen Potion"}],"is_trial":false,"path_per_floor":["M","?","M","$","?","R","E","?","T","M","M","R","?","E","R","B",null,"M","$","M","?","?","E","R","E"],"character_chosen":"DEFECT","items_purchased":["Glacier"],"campfire_rested":3,"item_purchase_floors":[19],"current_hp_per_floor":[64,64,64,64,64,64,64,22,22,22,12,46,46,29,63,32,58,56,56,40,40,40,16,51,0],"gold":397,"neow_bonus":"THREE_ENEMY_KILL","is_prod":false,"is_daily":false,"chose_seed":false,"campfire_upgraded":1,"win_rate":0,"timestamp":1549228595,"path_taken":["M","?","M","$","?","R","E","?","T","M","M","R","?","E","R","BOSS","M","$","?","?","?","E","R","E"],"build_version":"2019-01-23","purchased_purges":0,"victory":false,"max_hp_per_floor":[71,64,64,64,64,64,64,64,64,64,64,64,64,65,65,66,66,67,67,68,68,68,69,69,69],"card_choices":[{"not_picked":["Sweeping Beam","Redo"],"picked":"Streamline","floor":1},{"not_picked":["Undo","Sweeping Beam"],"picked":"Doom and Gloom","floor":3},{"not_picked":["Go for the Eyes","Chaos"],"picked":"Consume","floor":7},{"not_picked":["Heatsinks","Compile Driver"],"picked":"Undo","floor":8},{"not_picked":["Hello World","Streamline"],"picked":"Cold Snap","floor":10},{"not_picked":["Hello World","Leap"],"picked":"Ball Lightning","floor":11},{"not_picked":["Tempest","Redo","Rebound"],"picked":"SKIP","floor":14},{"not_picked":["Reboot","All For One"],"picked":"Fission","floor":16},{"not_picked":["Steam+1","Gash","Rebound"],"picked":"SKIP","floor":18},{"not_picked":["Compile Driver","Reboot","Tempest"],"picked":"SKIP","floor":20},{"not_picked":["Redo","Fusion"],"picked":"Hologram","floor":23}],"player_experience":179874,"relics_obtained":[{"floor":7,"key":"Regal Pillow"},{"floor":8,"key":"Bag of Marbles"},{"floor":9,"key":"The Courier"},{"floor":14,"key":"Potion Belt"},{"floor":23,"key":"Bronze Scales"}],"event_choices":[{"damage_healed":0,"gold_gain":0,"player_choice":"Lose Max HP","damage_taken":0,"relics_obtained":["Golden Idol"],"max_hp_gain":0,"max_hp_loss":7,"event_name":"Golden Idol","floor":2,"gold_loss":0},{"damage_healed":0,"gold_gain":0,"player_choice":"Grow","damage_taken":0,"max_hp_gain":0,"max_hp_loss":0,"event_name":"Living Wall","floor":5,"gold_loss":0,"cards_upgraded":["Zap"]},{"damage_healed":0,"gold_gain":0,"player_choice":"Searched \u00271\u0027 times","damage_taken":0,"max_hp_gain":0,"max_hp_loss":0,"event_name":"Dead Adventurer","floor":8,"gold_loss":0},{"damage_healed":0,"gold_gain":0,"player_choice":"Trade","damage_taken":0,"relics_obtained":["FaceOfCleric"],"max_hp_gain":0,"max_hp_loss":0,"event_name":"FaceTrader","floor":13,"gold_loss":0},{"damage_healed":0,"gold_gain":0,"player_choice":"Inject Mutagens","damage_taken":0,"relics_obtained":["MutagenicStrength"],"max_hp_gain":0,"max_hp_loss":0,"event_name":"Drug Dealer","floor":21,"gold_loss":0},{"cards_removed":["Strike_B"],"damage_healed":0,"gold_gain":0,"player_choice":"Offered Basic","damage_taken":0,"max_hp_gain":0,"max_hp_loss":0,"event_name":"Bonfire Elementals","floor":22,"gold_loss":0}],"is_beta":false,"boss_relics":[{"not_picked":["Empty Cage","Pandora\u0027s Box"],"picked":"Ectoplasm"}],"items_purged_floors":[],"is_endless":false,"potions_floor_spawned":[7,10,11,16,18,23],"killed_by":"Gremlin Leader","ascension_level":18}