{"gold_per_floor":[113,123,123,142,161,192,192,205,205,10,30,30,62,77,77,177,227,237,254,271,101,119,119,26,26,26,37,137,137,137,154,154,154],"floor_reached":33,"playtime":3199,"items_purged":["Strike_B"],"score":286,"play_id":"ab7ec8f4-9297-461f-8090-585dd39171d1","local_time":"20190223151949","is_ascension_mode":false,"campfire_choices":[{"data":"Zap","floor":7.0,"key":"SMITH"},{"data":"Chrysalis","floor":12.0,"key":"SMITH"},{"floor":15.0,"key":"REST"},{"floor":23.0,"key":"REST"},{"floor":25.0,"key":"REST"},{"floor":29,"key":"REST"},{"floor":32,"key":"REST"}],"neow_cost":"NONE","seed_source_timestamp":0,"circlet_count":0,"master_deck":["Strike_B","Strike_B","Strike_B","Defend_B+1","Defend_B","Defend_B","Defend_B","Zap+1","Dualcast","Chaos","Go for the Eyes","Cold Snap","Conserve Battery","Hologram","Chrysalis+1","Sweeping Beam","Go for the Eyes","Cold Snap","Core Surge","White Noise","FTL+1","Go for the Eyes","Gash","Electrodynamics","Beam Cell","Pain","Beam Cell"],"special_seed":0,"relics":["Cracked Core","NeowsBlessing","Strawberry","Darkstone Periapt","Matryoshka","Tiny House","Bottled Lightning","Letter Opener","Gambling Chip","Cables","WarpedTongs"],"potions_floor_usage":[],"damage_taken":[{"damage":0.0,"enemies":"Cultist","floor":1.0,"turns":1.0},{"damage":0.0,"enemies":"Jaw Worm","floor":2.0,"turns":1.0},{"damage":0.0,"enemies":"2 Louse","floor":4.0,"turns":1.0},{"damage":11.0,"enemies":"Lots of Slimes","floor":5.0,"turns":5.0},{"damage":10.0,"enemies":"Lagavulin","floor":6.0,"turns":7.0},{"damage":1.0,"enemies":"Looter","floor":8.0,"turns":4.0},{"damage":4.0,"enemies":"2 Fungi Beasts","floor":11.0,"turns":4.0},{"damage":10.0,"enemies":"Gremlin Nob","floor":13.0,"turns":5.0},{"damage":38.0,"enemies":"Exordium Thugs","floor":14.0,"turns":5.0},{"damage":33.0,"enemies":"The Guardian","floor":16.0,"turns":14.0},{"damage":24.0,"enemies":"3 Byrds","floor":18.0,"turns":7.0},{"damage":6.0,"enemies":"Chosen","floor":19.0,"turns":5.0},{"damage":10.0,"enemies":"Centurion and Healer","floor":20.0,"turns":10.0},{"damage":24.0,"enemies":"Sentry and Sphere","floor":22.0,"turns":6.0},{"damage":2.0,"enemies":"3 Cultists","floor":27.0,"turns":5.0},{"damage":25.0,"enemies":"Colosseum Slavers","floor":28.0,"turns":4.0},{"damage":21.0,"enemies":"Colosseum Nobs","floor":28.0,"turns":5.0},{"damage":22,"enemies":"Shelled Parasite and Fungi","floor":31,"turns":5},{"damage":89,"enemies":"Collector","floor":33,"turns":8}],"seed_played":"-6684834457168273","potions_obtained":[{"floor":4.0,"key":"Block Potion"},{"floor":5.0,"key":"FairyPotion"},{"floor":11.0,"key":"Regen Potion"},{"floor":17.0,"key":"PowerPotion"},{"floor":18.0,"key":"Fire Potion"},{"floor":22.0,"key":"EntropicBrew"},{"floor":27.0,"key":"Dexterity Potion"}],"is_trial":false,"path_per_floor":["M","M","$","M","M","E","R","M","T","$","M","R","E","M","R","B",null,"M","M","M","$","M","R","$","R","T","M","?","R","?","M","R","B"],"character_chosen":"DEFECT","items_purchased":["Chrysalis","Gash","AttackPotion","Beam Cell","SkillPotion"],"campfire_rested":5,"item_purchase_floors":[10,21,21,24,24],"current_hp_per_floor":[75,75,75,75,64,61,61,60,60,60,56,56,60,22,46,13,87,63,57,47,47,23,49,49,75,75,73,27,53,59,37,64,0],"gold":154,"neow_bonus":"THREE_ENEMY_KILL","is_prod":false,"is_daily":false,"chose_seed":false,"campfire_upgraded":2,"win_rate":0,"timestamp":1550953189,"path_taken":["M","M","?","M","M","E","R","M","T","$","M","R","E","M","R","BOSS","M","M","M","$","M","R","$","R","T","M","?","R","?","M","R","BOSS"],"build_version":"2019-01-23","purchased_purges":1,"victory":false,"max_hp_per_floor":[75,75,75,75,75,82,82,82,82,82,82,82,82,82,82,82,87,87,87,87,87,87,87,87,87,87,87,87,87,93,93,93,93],"card_choices":[{"not_picked":["Redo","FTL"],"picked":"Chaos","floor":1.0},{"not_picked":["Recycle","Conserve Battery"],"picked":"Go for the Eyes","floor":2.0},{"not_picked":["Ball Lightning","Compile Driver"],"picked":"Cold Snap","floor":4.0},{"not_picked":["Amplify","Stack"],"picked":"Conserve Battery","floor":5.0},{"not_picked":["Blizzard","Stack","Reinforced Body"],"picked":"SKIP","floor":6.0},{"not_picked":["Go for the Eyes","Defragment"],"picked":"Hologram","floor":8.0},{"not_picked":["Barrage","Compile Driver"],"picked":"Sweeping Beam","floor":11.0},{"not_picked":["Conserve Battery","Turbo"],"picked":"Go for the Eyes","floor":13.0},{"not_picked":["Ball Lightning","Turbo"],"picked":"Cold Snap","floor":14.0},{"not_picked":["Creative AI","Amplify"],"picked":"Core Surge","floor":16.0},{"not_picked":["Stack","Coolheaded"],"picked":"White Noise","floor":17.0},{"not_picked":["Leap","Ball Lightning"],"picked":"FTL+1","floor":18.0},{"not_picked":["Fusion+1","Undo","Cold Snap"],"picked":"SKIP","floor":19.0},{"not_picked":["Aggregate","Redo"],"picked":"Go for the Eyes","floor":20.0},{"not_picked":["Static Discharge","Beam Cell"],"picked":"Electrodynamics","floor":22.0},{"not_picked":["Cold Snap+1","Steam+1","Go for the Eyes+1"],"picked":"SKIP","floor":27.0},{"not_picked":["Conserve Battery","Stack"],"picked":"Beam Cell","floor":31}],"player_experience":157925,"relics_obtained":[{"floor":6.0,"key":"Strawberry"},{"floor":9.0,"key":"Darkstone Periapt"},{"floor":13.0,"key":"Matryoshka"},{"floor":26.0,"key":"Bottled Lightning"},{"floor":26.0,"key":"Letter Opener"},{"floor":28.0,"key":"Gambling Chip"},{"floor":28.0,"key":"Cables"}],"event_choices":[{"damage_healed":0.0,"max_hp_gain":0.0,"max_hp_loss":0.0,"gold_gain":0.0,"event_name":"Colosseum","player_choice":"Fight","floor":28.0,"gold_loss":0.0,"damage_taken":0.0},{"damage_healed":0.0,"max_hp_gain":0.0,"max_hp_loss":0.0,"gold_gain":0.0,"event_name":"Colosseum","player_choice":"Fought Nobs","floor":28.0,"gold_loss":0.0,"damage_taken":0.0},{"damage_healed":0,"gold_gain":0,"player_choice":"Rummage","damage_taken":0,"relics_obtained":["WarpedTongs"],"max_hp_gain":0,"max_hp_loss":0,"event_name":"Accursed Blacksmith","floor":30,"gold_loss":0,"cards_obtained":["Pain"]}],"is_beta":false,"boss_relics":[{"not_picked":["Busted Crown","Black Star"],"picked":"Tiny House"}],"items_purged_floors":[21],"is_endless":false,"potions_floor_spawned":[4,5,11,18,22,27],"killed_by":"Collector","ascension_level":0}