{"gold_per_floor":[149,164,88,88,88,121,121,196,196,222,222,222,240,258,258,361,361,361,361,361,137,137,137,137,137,137,137,98,98,98,98,98,98],"floor_reached":33,"playtime":770,"items_purged":["Writhe"],"score":379,"play_id":"f599c187-6c21-40cf-8b2f-bf0c34f9110c","local_time":"20190131210723","is_ascension_mode":true,"campfire_choices":[{"data":"Bash","floor":7.0,"key":"SMITH"},{"floor":12.0,"key":"REST"},{"data":"1","floor":15.0,"key":"LIFT"},{"data":"2","floor":25.0,"key":"LIFT"},{"floor":32.0,"key":"REST"}],"neow_cost":"NONE","seed_source_timestamp":895934157783794,"circlet_count":0,"master_deck":["Strike_R","Strike_R","Strike_R","Strike_R","Strike_R","Defend_R","Defend_R","Defend_R","Defend_R","Bash+1","Cleave+1","Carnage+1","Spot Weakness","Sever Soul+1","Clothesline","Barricade","Flame Barrier+1","Twin Strike+1","Demon Form","Battle Trance","Shrug It Off"],"special_seed":0,"relics":["Burning Blood","Tiny Chest","Bird Faced Urn","Sundial","Girya","PreservedInsect","Ectoplasm","Du-Vu Doll","MutagenicStrength","Red Skull","Red Mask","Whetstone","Dream Catcher","Vajra"],"potions_floor_usage":[33,33,33],"damage_taken":[{"damage":8.0,"enemies":"Jaw Worm","floor":1.0,"turns":5.0},{"damage":7.0,"enemies":"2 Louse","floor":2.0,"turns":2.0},{"damage":51.0,"enemies":"Lagavulin","floor":6.0,"turns":7.0},{"damage":6.0,"enemies":"Small Slimes","floor":13.0,"turns":2.0},{"damage":11.0,"enemies":"Blue Slaver","floor":14.0,"turns":3.0},{"damage":25.0,"enemies":"The Guardian","floor":16.0,"turns":8.0},{"damage":11.0,"enemies":"Shell Parasite","floor":18.0,"turns":3.0},{"damage":14.0,"enemies":"Masked Bandits","floor":22.0,"turns":4.0},{"damage":0.0,"enemies":"Chosen","floor":23.0,"turns":3.0},{"damage":12.0,"enemies":"Gremlin Leader","floor":27.0,"turns":3.0},{"damage":21.0,"enemies":"Snake Plant","floor":29.0,"turns":3.0},{"damage":13.0,"enemies":"Slavers","floor":30.0,"turns":4.0},{"damage":0.0,"enemies":"Snecko","floor":31.0,"turns":3.0},{"damage":94,"enemies":"Collector","floor":33,"turns":7}],"seed_played":"5793644945329985447","potions_obtained":[{"floor":1.0,"key":"Dexterity Potion"},{"floor":6.0,"key":"Block Potion"},{"floor":14.0,"key":"Poison Potion"},{"floor":23.0,"key":"LiquidBronze"},{"floor":27.0,"key":"SkillPotion"}],"is_trial":false,"path_per_floor":["M","M","$","?","T","E","R","?","T","T","?","R","M","M","R","B",null,"M","?","?","$","?","M","?","R","T","E","$","M","E","M","R","B"],"character_chosen":"IRONCLAD","items_purchased":["Spot Weakness","Red Skull","Battle Trance"],"campfire_rested":2,"item_purchase_floors":[3,21,28],"current_hp_per_floor":[70,69,69,69,69,24,24,13,13,13,13,37,37,32,32,13,63,58,58,58,58,50,56,56,56,56,50,50,37,30,36,60,0],"gold":98,"neow_bonus":"RANDOM_COMMON_RELIC","is_prod":false,"is_daily":false,"chose_seed":false,"campfire_upgraded":1,"win_rate":0,"timestamp":1548961643,"path_taken":["M","M","$","?","?","E","R","?","T","?","?","R","M","M","R","BOSS","M","?","?","$","?","M","?","R","T","E","$","M","E","M","R","BOSS"],"build_version":"2019-01-23","purchased_purges":1,"victory":false,"max_hp_per_floor":[80,80,80,80,80,80,80,80,80,80,80,80,80,80,80,80,80,80,80,80,80,80,80,80,80,80,80,80,80,80,80,80,80],"card_choices":[{"not_picked":["Blood for Blood","Anger"],"picked":"Cleave","floor":1.0},{"not_picked":["Combust","Wild Strike"],"picked":"Carnage","floor":2.0},{"not_picked":["Bloodletting","Iron Wave"],"picked":"Sever Soul","floor":6.0},{"not_picked":["Whirlwind","Cleave","Carnage"],"picked":"SKIP","floor":13.0},{"not_picked":["Clash","Warcry"],"picked":"Clothesline","floor":14.0},{"not_picked":["Impervious","Offering"],"picked":"Barricade","floor":16.0},{"not_picked":["Armaments","Dual Wield+1"],"picked":"Flame Barrier+1","floor":18.0},{"not_picked":["Flex","Havoc"],"picked":"Twin Strike+1","floor":22.0},{"not_picked":["Body Slam","Clothesline+1","Cleave+1"],"picked":"SKIP","floor":23.0},{"not_picked":["Clothesline","Bloodletting"],"picked":"Demon Form","floor":27.0},{"not_picked":["Flex","Wild Strike","Bloodletting+1"],"picked":"SKIP","floor":29.0},{"not_picked":["Heavy Blade+1","Twin Strike"],"picked":"Shrug It Off","floor":30.0},{"not_picked":["Havoc","Twin Strike","Infernal Blade"],"picked":"SKIP","floor":31.0}],"player_experience":155458,"relics_obtained":[{"floor":5.0,"key":"Bird Faced Urn"},{"floor":6.0,"key":"Sundial"},{"floor":9.0,"key":"Girya"},{"floor":10.0,"key":"PreservedInsect"},{"floor":22.0,"key":"Red Mask"},{"floor":26.0,"key":"Whetstone"},{"floor":27.0,"key":"Dream Catcher"},{"floor":30.0,"key":"Vajra"}],"event_choices":[{"damage_healed":0.0,"max_hp_gain":0.0,"max_hp_loss":0.0,"gold_gain":0.0,"event_name":"The Cleric","player_choice":"Leave","floor":4.0,"gold_loss":0.0,"damage_taken":0.0},{"damage_healed":0.0,"max_hp_gain":0.0,"max_hp_loss":0.0,"gold_gain":75.0,"event_name":"World of Goop","player_choice":"Gather Gold","floor":8.0,"gold_loss":0.0,"damage_taken":11.0},{"damage_healed":0.0,"max_hp_gain":0.0,"max_hp_loss":0.0,"gold_gain":0.0,"event_name":"Living Wall","player_choice":"Grow","floor":11.0,"gold_loss":0.0,"damage_taken":0.0,"cards_upgraded":["Carnage"]},{"damage_healed":0.0,"max_hp_gain":0.0,"max_hp_loss":0.0,"gold_gain":0.0,"event_name":"The Mausoleum","player_choice":"Opened","floor":19.0,"gold_loss":0.0,"damage_taken":0.0,"relics_obtained":["Du-Vu Doll"],"cards_obtained":["Writhe"]},{"damage_healed":0.0,"max_hp_gain":0.0,"max_hp_loss":0.0,"gold_gain":0.0,"event_name":"Drug Dealer","player_choice":"Inject Mutagens","floor":20.0,"gold_loss":0.0,"damage_taken":0.0,"relics_obtained":["MutagenicStrength"]},{"damage_healed":0.0,"max_hp_gain":0.0,"max_hp_loss":0.0,"gold_gain":0.0,"event_name":"Masked Bandits","player_choice":"Fought Bandits","floor":22.0,"gold_loss":0.0,"damage_taken":0.0},{"damage_healed":0.0,"max_hp_gain":0.0,"max_hp_loss":0.0,"gold_gain":0.0,"event_name":"Beggar","player_choice":"Ignored","floor":24.0,"gold_loss":0.0,"damage_taken":0.0}],"is_beta":false,"boss_relics":[{"not_picked":["Lizard Tail","Runic Cube"],"picked":"Ectoplasm"}],"items_purged_floors":[21],"is_endless":false,"potions_floor_spawned":[1,6,14,23,27],"killed_by":"Collector","ascension_level":7}