{"gold_per_floor":[109,109,119,44,44,70,70,99,99,99,114,133,167,187,187,286,286,304,324,334,2,2,2,2,2,83,83,97,97,196,213,213,309,359,370,31,31,43,43,43,58,58,58,69,85,85],"floor_reached":46,"playtime":2734,"items_purged":["Strike_B","Pain"],"score":492,"play_id":"e29b9cf3-ee4b-4dc3-a475-fec49adf20ab","local_time":"20190212012111","is_ascension_mode":false,"campfire_choices":[{"floor":7,"key":"RECALL"},{"data":"Loop","floor":10,"key":"SMITH"},{"floor":15,"key":"REST"},{"floor":23,"key":"REST"},{"data":"Fission","floor":25,"key":"SMITH"},{"data":"Darkness","floor":29,"key":"SMITH"},{"data":"Fission","floor":32,"key":"SMITH"},{"data":"Defragment","floor":40,"key":"SMITH"},{"data":"Darkness","floor":42,"key":"SMITH"}],"neow_cost":"NONE","seed_source_timestamp":564437670003947,"circlet_count":0,"master_deck":["Strike_B","Strike_B","Strike_B","Defend_B","Defend_B","Defend_B","Defend_B","Zap","Dualcast","Loop+1","Defragment+1","Doom and Gloom","Sunder","Darkness+1","Turbo","White Noise","Consume","Fission+1","Leap+1","Redo","Leap+1","Fission+1","Darkness+1","FTL","Echo Form","Machine Learning","Darkness+1","Steam","Conserve Battery","Aggregate+1","Hologram","Reinforced Body+1","Go for the Eyes+1"],"relics":["Cracked Core","NeowsBlessing","WarpedTongs","Du-Vu Doll","Anchor","Potion Belt","Eternal Feather","Bronze Scales","Mercury Hourglass","Tiny House","Mango","Molten Egg 2"],"potions_floor_usage":[19,31,33,39,44,45,46],"damage_taken":[{"damage":0,"enemies":"2 Louse","floor":1,"turns":1},{"damage":0,"enemies":"Cultist","floor":3,"turns":1},{"damage":0,"enemies":"Gremlin Nob","floor":6,"turns":1},{"damage":14,"enemies":"Lagavulin","floor":8,"turns":6},{"damage":2,"enemies":"Small Slimes","floor":11,"turns":2},{"damage":3,"enemies":"Exordium Wildlife","floor":12,"turns":3},{"damage":20,"enemies":"3 Sentries","floor":13,"turns":5},{"damage":3,"enemies":"Looter","floor":14,"turns":4},{"damage":33,"enemies":"Hexaghost","floor":16,"turns":7},{"damage":29,"enemies":"Shell Parasite","floor":18,"turns":5},{"damage":2,"enemies":"Chosen","floor":19,"turns":3},{"damage":27,"enemies":"Shelled Parasite and Fungi","floor":20,"turns":5},{"damage":0,"enemies":"Chosen and Byrds","floor":28,"turns":4},{"damage":6,"enemies":"Centurion and Healer","floor":31,"turns":6},{"damage":52,"enemies":"Collector","floor":33,"turns":10},{"damage":21,"enemies":"Orb Walker","floor":35,"turns":5},{"damage":9,"enemies":"3 Shapes","floor":38,"turns":3},{"damage":14,"enemies":"Maw","floor":39,"turns":6},{"damage":36,"enemies":"Transient","floor":41,"turns":5},{"damage":20,"enemies":"Jaw Worm Horde","floor":44,"turns":4},{"damage":10,"enemies":"4 Shapes","floor":45,"turns":5},{"damage":21,"enemies":"Transient","floor":46,"turns":4}],"seed_played":"-4533935045480818297","potions_obtained":[{"floor":1,"key":"AttackPotion"},{"floor":8,"key":"Ancient Potion"},{"floor":14,"key":"Dexterity Potion"},{"floor":19,"key":"Block Potion"},{"floor":28,"key":"Weak Potion"},{"floor":31,"key":"SmokeBomb"},{"floor":34,"key":"FocusPotion"},{"floor":41,"key":"Fire Potion"},{"floor":45,"key":"EssenceOfSteel"}],"is_trial":false,"path_per_floor":["M","?","M","$","?","E","R","E","T","R","M","M","E","M","R","B",null,"M","M","M","$","?","R","?","R","T","$","M","R","?","M","R","B",null,"M","$","?","M","M","R","M","R","T","M","M","M"],"character_chosen":"DEFECT","items_purchased":["Fission","Bronze Scales","Mango","Conserve Battery"],"campfire_rested":2,"item_purchase_floors":[21,21,36,36],"current_hp_per_floor":[75,75,75,75,75,75,75,61,61,61,59,56,36,33,55,22,75,46,44,17,17,17,51,51,63,63,63,63,75,75,69,75,23,80,59,73,73,64,50,68,32,50,50,30,20,0],"gold":85,"neow_bonus":"THREE_ENEMY_KILL","is_prod":false,"is_daily":false,"chose_seed":false,"campfire_upgraded":6,"win_rate":0,"timestamp":1549952471,"path_taken":["M","?","?","$","?","E","R","E","T","R","M","M","E","M","R","BOSS","M","M","M","$","?","R","?","R","T","$","M","R","?","M","R","BOSS","M","$","?","M","M","R","M","R","T","?","M","M"],"build_version":"2019-01-23","purchased_purges":2,"victory":false,"max_hp_per_floor":[75,75,75,75,75,75,75,75,75,75,75,75,75,75,75,75,75,75,75,75,75,75,75,75,75,75,75,75,75,75,75,75,75,80,80,94,94,94,94,94,94,94,94,94,94,94],"card_choices":[{"not_picked":["Compile Driver","Consume"],"picked":"Loop","floor":1},{"not_picked":["BootSequence","Ball Lightning"],"picked":"Defragment","floor":3},{"not_picked":["Streamline","Go for the Eyes"],"picked":"Doom and Gloom","floor":6},{"not_picked":["Compile Driver","Rip and Tear"],"picked":"Sunder","floor":8},{"not_picked":["Leap","Conserve Battery"],"picked":"Darkness","floor":11},{"not_picked":["White Noise","Doom and Gloom"],"picked":"Turbo","floor":12},{"not_picked":["Gash","Rip and Tear"],"picked":"White Noise","floor":13},{"not_picked":["Melter","Compile Driver"],"picked":"Consume","floor":14},{"not_picked":["Electrodynamics","Amplify"],"picked":"Fission","floor":16},{"not_picked":["Stack","Ball Lightning"],"picked":"Leap+1","floor":18},{"not_picked":["Hologram+1","Rebound"],"picked":"Redo","floor":19},{"not_picked":["Barrage","Gash"],"picked":"Leap+1","floor":20},{"not_picked":["Leap+1","Conserve Battery"],"picked":"FTL","floor":28},{"not_picked":["Tempest","Hello World"],"picked":"Echo Form","floor":31},{"not_picked":["Rainbow","Core Surge"],"picked":"Machine Learning","floor":33},{"not_picked":["Hello World+1","Cold Snap"],"picked":"Darkness","floor":34},{"not_picked":["Static Discharge","Beam Cell+1"],"picked":"Steam","floor":35},{"not_picked":["Steam Power+1","Beam Cell"],"picked":"Aggregate+1","floor":38},{"not_picked":["Consume","Steam Power+1"],"picked":"Hologram","floor":41},{"not_picked":["Echo Form","Consume"],"picked":"Reinforced Body+1","floor":44},{"not_picked":["Skim","Leap"],"picked":"Go for the Eyes+1","floor":45}],"player_experience":137416,"relics_obtained":[{"floor":6,"key":"Du-Vu Doll"},{"floor":8,"key":"Anchor"},{"floor":13,"key":"Potion Belt"},{"floor":26,"key":"Mercury Hourglass"},{"floor":43,"key":"Molten Egg 2"}],"event_choices":[{"damage_healed":0,"gold_gain":0,"player_choice":"Rummage","damage_taken":0,"relics_obtained":["WarpedTongs"],"max_hp_gain":0,"max_hp_loss":0,"event_name":"Accursed Blacksmith","floor":2,"gold_loss":0,"cards_obtained":["Pain"]},{"damage_healed":0,"gold_gain":0,"player_choice":"Leave","damage_taken":0,"max_hp_gain":0,"max_hp_loss":0,"event_name":"The Cleric","floor":5,"gold_loss":0},{"damage_healed":0,"gold_gain":0,"player_choice":"Read","damage_taken":0,"max_hp_gain":0,"max_hp_loss":0,"event_name":"The Library","floor":22,"gold_loss":0,"cards_obtained":["Darkness"]},{"damage_healed":0,"gold_gain":0,"player_choice":"Ignored","damage_taken":0,"max_hp_gain":0,"max_hp_loss":0,"event_name":"Vampires","floor":24,"gold_loss":0},{"damage_healed":0,"gold_gain":99,"player_choice":"Stole From Cult","damage_taken":0,"max_hp_gain":0,"max_hp_loss":0,"event_name":"Nest","floor":30,"gold_loss":0},{"damage_healed":0,"gold_gain":0,"player_choice":"Ignored","damage_taken":0,"max_hp_gain":0,"max_hp_loss":0,"event_name":"NoteForYourself","floor":37,"gold_loss":0}],"is_beta":false,"boss_relics":[{"not_picked":["Philosopher\u0027s Stone","Lizard Tail"],"picked":"Eternal Feather"},{"not_picked":["Calling Bell","Runic Dome"],"picked":"Tiny House"}],"items_purged_floors":[4,21],"is_endless":false,"potions_floor_spawned":[1,8,14,19,28,31,41,45],"killed_by":"Transient","ascension_level":0}