{"gold_per_floor":[115,115,65,83,83,83,158,158,185,185,214,228,72,91,91,187,187,174,7,7,17,17,47,47,47,128,128,144,144,161,14,14,14],"floor_reached":33,"playtime":2728,"items_purged":[],"score":286,"play_id":"41c7ca21-7b44-4d1a-ad30-5b11a9eaa620","local_time":"20190107052829","is_ascension_mode":false,"campfire_choices":[{"data":"Pommel Strike","floor":6,"key":"SMITH"},{"data":"Shrug It Off","floor":8,"key":"SMITH"},{"floor":10,"key":"REST"},{"data":"Pommel Strike","floor":15,"key":"SMITH"},{"floor":24,"key":"REST"},{"floor":27,"key":"REST"},{"data":"Armaments","floor":32,"key":"SMITH"}],"neow_cost":"NONE","seed_source_timestamp":637432123213144,"circlet_count":0,"master_deck":["Strike_R+1","Strike_R+1","Strike_R","Strike_R","Defend_R","Defend_R","Defend_R","Bash","Shrug It Off+1","Pommel Strike+1","Pommel Strike+1","Sword Boomerang","Armaments+1","Double Tap","Infernal Blade","Shrug It Off","Infernal Blade+1","Metallicize+1","Metallicize+1","Warcry+1","Armaments+1"],"relics":["Burning Blood","NeowsBlessing","Gambling Chip","Bag of Marbles","Bottled Flame","Whetstone","Runic Cube","Bag of Preparation","MutagenicStrength","Enchiridion","Toxic Egg 2","Ornamental Fan","Anchor"],"potions_floor_usage":[16,16,23,33],"damage_taken":[{"damage":0,"enemies":"Small Slimes","floor":1,"turns":1},{"damage":0,"enemies":"2 Louse","floor":4,"turns":1},{"damage":0,"enemies":"Lagavulin","floor":11,"turns":1},{"damage":0,"enemies":"Cultist","floor":12,"turns":2},{"damage":4,"enemies":"Gremlin Gang","floor":14,"turns":2},{"damage":43,"enemies":"The Guardian","floor":16,"turns":14},{"damage":15,"enemies":"2 Thieves","floor":18,"turns":4},{"damage":11,"enemies":"Spheric Guardian","floor":21,"turns":6},{"damage":38,"enemies":"Slavers","floor":23,"turns":10},{"damage":1,"enemies":"Chosen and Byrds","floor":28,"turns":5},{"damage":9,"enemies":"Sentry and Sphere","floor":30,"turns":5},{"damage":68,"enemies":"Collector","floor":33,"turns":11}],"seed_played":"6249502122858489626","potions_obtained":[{"floor":11,"key":"SkillPotion"},{"floor":14,"key":"GamblersBrew"},{"floor":21,"key":"PowerPotion"},{"floor":23,"key":"Strength Potion"}],"is_trial":false,"path_per_floor":["M","?","?","M","?","R","?","R","T","R","E","M","$","M","R","B",null,"M","$","?","M","?","E","R","?","T","R","M","$","M","$","R","B"],"character_chosen":"IRONCLAD","items_purchased":["Whetstone","Bag of Preparation","Shrug It Off","Anchor"],"campfire_rested":3,"item_purchase_floors":[13,19,19,31],"current_hp_per_floor":[80,73,73,79,67,67,56,56,56,80,80,80,80,80,80,43,80,71,71,71,66,50,18,42,42,42,66,71,71,68,68,68,0],"gold":14,"neow_bonus":"THREE_ENEMY_KILL","is_prod":false,"is_daily":false,"chose_seed":false,"campfire_upgraded":4,"win_rate":0,"timestamp":1546867709,"path_taken":["M","?","?","M","?","R","?","R","T","R","E","M","$","M","R","BOSS","M","$","?","M","?","E","R","?","T","R","?","$","?","?","R","BOSS"],"build_version":"2019-01-03v4","purchased_purges":0,"victory":false,"max_hp_per_floor":[80,80,80,80,80,80,80,80,80,80,80,80,80,80,80,80,80,80,80,80,80,80,80,80,80,80,80,80,80,80,80,80,80],"card_choices":[{"not_picked":["Flex","Carnage"],"picked":"Shrug It Off","floor":1},{"not_picked":["Warcry","Ghostly Armor"],"picked":"Pommel Strike","floor":4},{"not_picked":["Fire Breathing","Sever Soul"],"picked":"Pommel Strike","floor":11},{"not_picked":["Power Through","Clothesline"],"picked":"Sword Boomerang","floor":12},{"not_picked":["Intimidate","Ghostly Armor"],"picked":"Armaments","floor":14},{"not_picked":["Barricade","Brutality"],"picked":"Double Tap","floor":16},{"not_picked":["Clothesline","Disarm"],"picked":"Infernal Blade","floor":18},{"not_picked":["Intimidate","Wild Strike+1"],"picked":"Infernal Blade+1","floor":21},{"not_picked":["Rupture","Power Through+1"],"picked":"Metallicize+1","floor":23},{"not_picked":["Headbutt","Shrug It Off+1"],"picked":"Warcry+1","floor":28},{"not_picked":["Perfected Strike","Cleave"],"picked":"Armaments+1","floor":30}],"player_experience":30692,"relics_obtained":[{"floor":9,"key":"Bag of Marbles"},{"floor":11,"key":"Bottled Flame"},{"floor":22,"key":"Enchiridion"},{"floor":23,"key":"Toxic Egg 2"},{"floor":26,"key":"Ornamental Fan"}],"event_choices":[{"cards_removed":["Defend_R"],"damage_healed":0,"gold_gain":0,"player_choice":"Card Removal","damage_taken":7,"max_hp_gain":0,"max_hp_loss":0,"event_name":"Golden Wing","floor":2,"gold_loss":0},{"cards_removed":["Strike_R"],"damage_healed":0,"gold_gain":0,"player_choice":"Card Removal","damage_taken":0,"max_hp_gain":0,"max_hp_loss":0,"event_name":"The Cleric","floor":3,"gold_loss":50},{"damage_healed":0,"gold_gain":0,"player_choice":"Success","damage_taken":12,"relics_obtained":["Gambling Chip"],"max_hp_gain":0,"max_hp_loss":0,"event_name":"Scrap Ooze","floor":5,"gold_loss":0},{"damage_healed":0,"gold_gain":75,"player_choice":"Gather Gold","damage_taken":11,"max_hp_gain":0,"max_hp_loss":0,"event_name":"World of Goop","floor":7,"gold_loss":0},{"damage_healed":0,"gold_gain":0,"player_choice":"Inject Mutagens","damage_taken":0,"relics_obtained":["MutagenicStrength"],"max_hp_gain":0,"max_hp_loss":0,"event_name":"Drug Dealer","floor":20,"gold_loss":0},{"damage_healed":0,"gold_gain":0,"player_choice":"Obtained Book","damage_taken":16,"max_hp_gain":0,"max_hp_loss":0,"event_name":"Cursed Tome","floor":22,"gold_loss":0},{"damage_healed":0,"gold_gain":0,"player_choice":"Copied","damage_taken":0,"max_hp_gain":0,"max_hp_loss":0,"event_name":"Duplicator","floor":25,"gold_loss":0,"cards_obtained":["Metallicize"]}],"is_beta":false,"boss_relics":[{"not_picked":["Fusion Hammer","Coffee Dripper"],"picked":"Runic Cube"}],"items_purged_floors":[],"is_endless":false,"potions_floor_spawned":[11,14,21,23],"killed_by":"Collector","ascension_level":0}