{"gold_per_floor":[111,130,130,142,127,161,10,10,10,10,10,28,53,72,72,169,169,187,187,207,226,246,246,277,277,577,577,66,66,66,66],"floor_reached":31,"playtime":2349,"items_purged":["Eviscerate"],"score":319,"play_id":"33c49594-9a82-4c72-9642-cca5819b38e6","local_time":"20181202012736","is_ascension_mode":true,"campfire_choices":[{"floor":8.0,"key":"REST"},{"data":"Well Laid Plans","floor":11.0,"key":"SMITH"},{"floor":15.0,"key":"REST"},{"floor":23,"key":"REST"},{"floor":25,"key":"REST"}],"neow_cost":"NONE","seed_source_timestamp":175033054595761,"circlet_count":0,"master_deck":["Defend_G","Defend_G","Defend_G","Defend_G","Defend_G","Strike_G","Strike_G","Strike_G","Survivor","Neutralize","Terror","Infinite Blades","Cloak And Dagger","PiercingWail","Well Laid Plans+1","Blade Dance","Dash","A Thousand Cuts","Backstab","Prepared","Flying Knee","Caltrops"],"special_seed":0,"relics":["Sozu","Bag of Marbles","Boot","Dream Catcher","Omamori","Busted Crown","Paper Crane","Old Coin","Juzu Bracelet","Bottled Tornado"],"potions_floor_usage":[],"damage_taken":[{"damage":0.0,"enemies":"2 Louse","floor":1.0,"turns":3.0},{"damage":1.0,"enemies":"Cultist","floor":2.0,"turns":5.0},{"damage":2.0,"enemies":"Jaw Worm","floor":4.0,"turns":4.0},{"damage":9.0,"enemies":"Exordium Thugs","floor":5.0,"turns":4.0},{"damage":26.0,"enemies":"Gremlin Nob","floor":6.0,"turns":5.0},{"damage":0.0,"enemies":"Looter","floor":12.0,"turns":3.0},{"damage":5.0,"enemies":"3 Louse","floor":14.0,"turns":4.0},{"damage":1,"enemies":"The Guardian","floor":16,"turns":13},{"damage":1,"enemies":"Chosen","floor":18,"turns":6},{"damage":5,"enemies":"Shell Parasite","floor":20,"turns":5},{"damage":22,"enemies":"Snake Plant","floor":21,"turns":4},{"damage":10,"enemies":"3 Cultists","floor":22,"turns":5},{"damage":34,"enemies":"Book of Stabbing","floor":24,"turns":6},{"damage":48,"enemies":"Gremlin Leader","floor":31,"turns":2}],"seed_played":"8193036588526416865","potions_obtained":[],"is_trial":false,"path_per_floor":["M","M","?","M","M","E","$","R","T","$","R","M","T","M","R","B",null,"M","?","M","M","M","R","E","R","T","?","$","?","$","E"],"character_chosen":"THE_SILENT","items_purchased":["Boot","Juzu Bracelet","Bottled Tornado","Caltrops"],"campfire_rested":4,"item_purchase_floors":[7,28,28,28],"current_hp_per_floor":[70,69,69,67,58,32,32,53,53,53,53,53,53,48,69,68,70,69,69,64,42,32,53,19,40,40,40,40,40,40,0],"gold":66,"neow_bonus":"BOSS_RELIC","is_prod":false,"is_daily":false,"chose_seed":false,"campfire_upgraded":1,"win_rate":0,"timestamp":1543732056,"path_taken":["M","M","?","M","M","E","$","R","T","?","R","?","?","M","R","BOSS","M","?","M","M","M","R","E","R","T","?","$","?","?","E"],"build_version":"2018-11-15","purchased_purges":1,"victory":false,"max_hp_per_floor":[70,70,70,70,70,70,70,70,70,70,70,70,70,70,70,70,70,70,70,70,70,70,70,70,70,70,70,70,70,70,70],"card_choices":[{"not_picked":["Flying Knee","Masterful Stab"],"picked":"Terror","floor":1.0},{"not_picked":["Caltrops","Reflex"],"picked":"Infinite Blades","floor":2.0},{"not_picked":["Terror","Underhanded Strike"],"picked":"Cloak And Dagger","floor":4.0},{"not_picked":["Well Laid Plans","Flying Knee"],"picked":"PiercingWail","floor":5.0},{"not_picked":["Terror","Reflex"],"picked":"Well Laid Plans","floor":6.0},{"not_picked":["Sucker Punch","Flying Knee"],"picked":"Blade Dance","floor":12.0},{"not_picked":["Bane","Catalyst"],"picked":"Dash","floor":14.0},{"not_picked":["Poisoned Stab"],"picked":"SKIP","floor":18},{"not_picked":[],"picked":"Backstab","floor":20},{"not_picked":["Well Laid Plans"],"picked":"SKIP","floor":21},{"not_picked":["Finisher"],"picked":"SKIP","floor":22},{"not_picked":[],"picked":"Prepared","floor":23},{"not_picked":["Bouncing Flask"],"picked":"SKIP","floor":24},{"not_picked":[],"picked":"Flying Knee","floor":25}],"player_experience":223007,"relics_obtained":[{"floor":6.0,"key":"Bag of Marbles"},{"floor":9.0,"key":"Dream Catcher"},{"floor":13.0,"key":"Omamori"},{"floor":24,"key":"Paper Crane"},{"floor":26,"key":"Old Coin"}],"event_choices":[{"damage_healed":0.0,"max_hp_gain":0.0,"max_hp_loss":0.0,"gold_gain":0.0,"event_name":"FaceTrader","player_choice":"Leave","floor":3.0,"gold_loss":0.0,"damage_taken":0.0},{"damage_healed":0,"gold_gain":0,"cards_transformed":["Strike_G","Strike_G"],"player_choice":"Became Test Subject","damage_taken":0,"max_hp_gain":0,"max_hp_loss":0,"event_name":"Drug Dealer","floor":19,"gold_loss":0,"cards_obtained":["Eviscerate","A Thousand Cuts"]},{"damage_healed":0,"gold_gain":0,"player_choice":"Ignored","damage_taken":0,"max_hp_gain":0,"max_hp_loss":0,"event_name":"Ghosts","floor":27,"gold_loss":0},{"damage_healed":0,"gold_gain":0,"player_choice":"Ignored","damage_taken":0,"max_hp_gain":0,"max_hp_loss":0,"event_name":"Duplicator","floor":29,"gold_loss":0}],"is_beta":false,"boss_relics":[{"not_picked":["Tiny House","Snecko Eye"],"picked":"Busted Crown"}],"items_purged_floors":[28],"is_endless":false,"potions_floor_spawned":[2,4,5,14,21,24],"killed_by":"Gremlin Leader","ascension_level":5}