{"gold_per_floor":[119,138,138,138,153,186,140,140,221,221,221,238,19,37,37,135,135,149,163,173,173,173,173],"floor_reached":23,"playtime":1354,"items_purged":["Strike_R"],"score":248,"play_id":"064b2b68-eec7-4ab0-8d31-21c75ca4beac","local_time":"20190115034856","is_ascension_mode":true,"campfire_choices":[{"data":"Armaments","floor":8,"key":"SMITH"},{"data":"Bash","floor":11,"key":"SMITH"},{"floor":15,"key":"REST"}],"neow_cost":"NONE","seed_source_timestamp":228296417020256,"circlet_count":0,"master_deck":["Strike_R+1","Strike_R+1","Strike_R+1","Strike_R+1","Defend_R+1","Defend_R+1","Defend_R+1","Defend_R+1","Bash+1","Double Tap+1","Sword Boomerang","Armaments+1","Iron Wave+1","Armaments","Metallicize","Offering","Combust","Iron Wave"],"relics":["Burning Blood","Pen Nib","Bottled Flame","Whetstone","Lizard Tail"],"potions_floor_usage":[6,12,20,20],"damage_taken":[{"damage":7,"enemies":"2 Louse","floor":1,"turns":3},{"damage":1,"enemies":"Cultist","floor":2,"turns":3},{"damage":7,"enemies":"Jaw Worm","floor":5,"turns":3},{"damage":0,"enemies":"Gremlin Nob","floor":6,"turns":2},{"damage":3,"enemies":"Exordium Wildlife","floor":12,"turns":5},{"damage":29,"enemies":"Gremlin Gang","floor":14,"turns":6},{"damage":56,"enemies":"Hexaghost","floor":16,"turns":14},{"damage":33,"enemies":"Spheric Guardian","floor":18,"turns":6},{"damage":6,"enemies":"Chosen","floor":19,"turns":3},{"damage":25,"enemies":"Snake Plant","floor":20,"turns":4},{"damage":51,"enemies":"Book of Stabbing","floor":23,"turns":7}],"seed_played":"7587571439615638914","potions_obtained":[{"floor":1,"key":"AttackPotion"},{"floor":2,"key":"Ancient Potion"},{"floor":6,"key":"SkillPotion"},{"floor":16,"key":"Strength Potion"},{"floor":19,"key":"Block Potion"}],"is_trial":false,"path_per_floor":["M","M","?","$","M","E","$","R","T","$","R","M","$","M","R","B",null,"M","M","M","?","?","E"],"character_chosen":"IRONCLAD","items_purchased":["Iron Wave","Whetstone"],"campfire_rested":1,"item_purchase_floors":[7,13],"current_hp_per_floor":[79,80,80,80,79,80,80,80,80,80,80,80,80,57,80,30,80,53,53,34,34,19,12],"gold":173,"neow_bonus":"ONE_RANDOM_RARE_CARD","is_prod":false,"is_daily":false,"chose_seed":false,"campfire_upgraded":2,"win_rate":0,"timestamp":1547552936,"path_taken":["M","M","?","?","M","E","$","R","T","$","R","M","?","?","R","BOSS","M","M","?","?","?","E"],"build_version":"2019-01-10","purchased_purges":1,"victory":false,"max_hp_per_floor":[80,80,80,80,80,80,80,80,80,80,80,80,80,80,80,80,80,80,80,80,80,85,85],"card_choices":[{"not_picked":["Clash","Power Through"],"picked":"Sword Boomerang","floor":1},{"not_picked":["Heavy Blade","True Grit","Corruption"],"picked":"SKIP","floor":2},{"not_picked":["Rupture","Dropkick","Hemokinesis"],"picked":"SKIP","floor":5},{"not_picked":["Hemokinesis","Barricade"],"picked":"Armaments","floor":6},{"not_picked":["Fire Breathing","Burning Pact"],"picked":"Armaments","floor":12},{"not_picked":["Twin Strike","Uppercut"],"picked":"Metallicize","floor":14},{"not_picked":["Limit Break","Bludgeon"],"picked":"Offering","floor":16},{"not_picked":["Anger+1","Clothesline"],"picked":"Combust","floor":18},{"not_picked":["Intimidate","Rage+1"],"picked":"Iron Wave","floor":19},{"not_picked":["Whirlwind","Disarm","True Grit"],"picked":"SKIP","floor":20}],"player_experience":169588,"relics_obtained":[{"floor":6,"key":"Pen Nib"},{"floor":9,"key":"Bottled Flame"}],"event_choices":[{"damage_healed":0,"gold_gain":0,"player_choice":"Forge","damage_taken":0,"max_hp_gain":0,"max_hp_loss":0,"event_name":"Accursed Blacksmith","floor":3,"gold_loss":0,"cards_upgraded":["Double Tap"]},{"damage_healed":0,"gold_gain":0,"player_choice":"Simplicity","damage_taken":0,"max_hp_gain":0,"max_hp_loss":0,"event_name":"Back to Basics","floor":21,"gold_loss":0,"cards_upgraded":["Strike_R","Strike_R","Strike_R","Defend_R","Defend_R","Defend_R","Defend_R"]},{"damage_healed":0,"gold_gain":0,"player_choice":"Shed Blood","damage_taken":20,"max_hp_gain":5,"max_hp_loss":0,"event_name":"Forgotten Altar","floor":22,"gold_loss":0}],"is_beta":false,"boss_relics":[{"not_picked":["Runic Dome","Sozu"],"picked":"Lizard Tail"}],"items_purged_floors":[13],"is_endless":false,"potions_floor_spawned":[1,2,6,16,19],"killed_by":"Book of Stabbing","ascension_level":3}