{"gold_per_floor":[114,69,88,163,176,176,186,186,210,210,460,477,488,498,498,598,598,564,564,564,366,377,377,404,3,52,12,31,31,31,51,51,51],"floor_reached":33,"playtime":3910,"items_purged":["Pain"],"score":257,"play_id":"61f19e7b-471a-4fe8-a6f1-a7faf7d8dbce","local_time":"20180627184156","is_ascension_mode":false,"campfire_choices":[{"data":"Demon Form","floor":6,"key":"SMITH"},{"data":"Flex","floor":8,"key":"SMITH"},{"data":"Flex","floor":10,"key":"SMITH"},{"floor":15,"key":"REST"},{"floor":23,"key":"REST"},{"floor":29,"key":"REST"},{"floor":32,"key":"REST"}],"neow_cost":"NONE","seed_source_timestamp":1038245105967,"circlet_count":0,"master_deck":["Strike_R","Strike_R","Strike_R","Strike_R+1","Strike_R","Defend_R","Defend_R","Defend_R","Defend_R","Bash","Demon Form+1","Flex+1","Flex+1","Clash","Perfected Strike+1","Anger","Rampage","Double Tap","Iron Wave","Impervious","Flex+1","Heavy Blade","Anger","Shrug It Off","Second Wind"],"relics":["Burning Blood","Omamori","Lizard Tail","Juzu Bracelet","Shuriken","Ice Cream","Whetstone"],"potions_floor_usage":[13,16,24,24,28,28,31],"damage_taken":[{"damage":6,"enemies":"Cultist","floor":1,"turns":3},{"damage":6,"enemies":"Jaw Worm","floor":3,"turns":3},{"damage":5,"enemies":"Small Slimes","floor":5,"turns":4},{"damage":12,"enemies":"2 Fungi Beasts","floor":7,"turns":3},{"damage":0,"enemies":"Large Slime","floor":12,"turns":4},{"damage":29,"enemies":"Exordium Thugs","floor":13,"turns":5},{"damage":2,"enemies":"3 Louse","floor":14,"turns":5},{"damage":16,"enemies":"Slime Boss","floor":16,"turns":8},{"damage":26,"enemies":"2 Thieves","floor":18,"turns":5},{"damage":24,"enemies":"Shell Parasite","floor":22,"turns":5},{"damage":105,"enemies":"Gremlin Leader","floor":24,"turns":8},{"damage":46,"enemies":"Cultist and Chosen","floor":28,"turns":7},{"damage":24,"enemies":"3 Cultists","floor":31,"turns":6},{"damage":58,"enemies":"Collector","floor":33,"turns":5}],"seed_played":"-8833920638783563168","potions_obtained":[{"floor":1,"key":"Swift Potion"},{"floor":13,"key":"SpeedPotion"},{"floor":22,"key":"LiquidBronze"},{"floor":27,"key":"FairyPotion"},{"floor":27,"key":"BloodPotion"},{"floor":27,"key":"AttackPotion"},{"floor":28,"key":"EssenceOfSteel"}],"is_trial":false,"path_per_floor":["M","$","M","?","M","R","M","R","T","R","?","M","M","M","R","B",null,"M","?","?","$","M","R","E","$","T","?","M","R","?","M","R"],"character_chosen":"IRONCLAD","items_purchased":["Flex","Ancient Potion","SpeedPotion","Block Potion","SkillPotion","Ice Cream"],"campfire_rested":4,"item_purchase_floors":[2,21,21,25,25,25],"current_hp_per_floor":[80,80,80,80,80,80,74,74,74,74,74,80,57,61,80,70,80,60,60,60,60,42,66,16,16,16,16,14,38,38,20,44,0],"gold":51,"neow_bonus":"ONE_RANDOM_RARE_CARD","is_prod":false,"is_daily":false,"chose_seed":false,"campfire_upgraded":3,"win_rate":0.0,"timestamp":1530139316,"path_taken":["M","$","?","?","M","R","M","R","T","R","?","M","M","M","R","BOSS","M","?","?","?","M","R","E","$","T","?","M","R","?","M","R","BOSS"],"build_version":"2018-06-21v2","purchased_purges":1,"victory":false,"max_hp_per_floor":[80,80,80,80,80,80,80,80,80,80,80,80,80,80,80,80,80,80,80,80,80,80,80,80,80,80,80,80,80,80,80,80,80],"card_choices":[{"not_picked":["Thunderclap","Metallicize"],"picked":"Flex","floor":1},{"not_picked":["Rupture","Sword Boomerang"],"picked":"Clash","floor":3},{"not_picked":["Iron Wave","Dual Wield"],"picked":"Perfected Strike","floor":5},{"not_picked":["Armaments","Twin Strike"],"picked":"Anger","floor":7},{"not_picked":["Perfected Strike","Cleave"],"picked":"Rampage","floor":12},{"not_picked":["Inflame","Flex"],"picked":"Double Tap","floor":13},{"not_picked":["Cleave","Clash"],"picked":"Iron Wave","floor":14},{"not_picked":["Limit Break","Brutality"],"picked":"Impervious","floor":16},{"not_picked":["Shrug It Off","Headbutt+1"],"picked":"Flex+1","floor":18},{"not_picked":["Sword Boomerang+1","Power Through"],"picked":"Heavy Blade","floor":22},{"not_picked":["Fire Breathing","Warcry"],"picked":"Anger","floor":24},{"not_picked":["Shockwave","Sword Boomerang+1"],"picked":"Shrug It Off","floor":28},{"not_picked":["Iron Wave","Armaments"],"picked":"Second Wind","floor":31}],"player_experience":17395,"relics_obtained":[{"floor":9,"key":"Omamori"},{"floor":24,"key":"Shuriken"},{"floor":26,"key":"Whetstone"}],"event_choices":[{"event_name":"Golden Wing","player_choice":"Gained Gold","floor":4,"damage_taken":0},{"event_name":"Golden Shrine","player_choice":"Desecrate","floor":11,"damage_taken":0},{"event_name":"Accursed Blacksmith","player_choice":"Rummage","floor":19,"damage_taken":0},{"event_name":"Match and Keep!","player_choice":"2 cards matched","floor":20,"damage_taken":0},{"event_name":"Match and Keep!","player_choice":"2 cards matched","floor":20,"damage_taken":0},{"event_name":"The Woman in Blue","player_choice":"Bought 3 Potions","floor":27,"damage_taken":0},{"event_name":"Wheel of Change","player_choice":"Card Removal","floor":30,"damage_taken":0}],"boss_relics":[{"not_picked":["Black Star","Runic Cube"],"picked":"Lizard Tail"}],"items_purged_floors":[21],"is_endless":false,"potions_floor_spawned":[1,13,22,28],"killed_by":"Collector","ascension_level":0}