{"gold_per_floor":[113,128,146,146,162,162,181,211,211,211,224,243,275,292,292,292],"floor_reached":16,"playtime":1601,"items_purged":[],"score":141,"play_id":"b9c49d03-86f6-47f8-ae06-9ac2ff0ae572","local_time":"20190221205420","daily_mods":["Hoarder"],"is_ascension_mode":false,"campfire_choices":[{"data":"Chaos","floor":6,"key":"SMITH"},{"floor":15,"key":"REST"}],"neow_cost":"","seed_source_timestamp":0,"circlet_count":0,"master_deck":["Strike_B","Strike_B","Strike_B","Strike_B","Defend_B","Defend_B","Defend_B","Defend_B","Zap","Dualcast","Go for the Eyes","Go for the Eyes","Go for the Eyes","Hologram","Hologram","Hologram","Chaos","Chaos+1","Chaos","Genetic Algorithm","Genetic Algorithm","Genetic Algorithm","Parasite","Parasite","Parasite","Lockon","Lockon","Lockon","Electrodynamics","Electrodynamics","Electrodynamics","Self Repair","Self Repair","Self Repair"],"relics":["Cracked Core","Prayer Wheel","Boot","Oddly Smooth Stone"],"potions_floor_usage":[11,11,13,13],"damage_taken":[{"damage":6,"enemies":"Jaw Worm","floor":1,"turns":3},{"damage":3,"enemies":"Small Slimes","floor":2,"turns":2},{"damage":0,"enemies":"2 Louse","floor":3,"turns":2},{"damage":4,"enemies":"2 Fungi Beasts","floor":5,"turns":5},{"damage":2,"enemies":"Looter","floor":7,"turns":5},{"damage":0,"enemies":"Lagavulin","floor":8,"turns":6},{"damage":7,"enemies":"Exordium Thugs","floor":11,"turns":3},{"damage":1,"enemies":"2 Fungi Beasts","floor":12,"turns":3},{"damage":22,"enemies":"Gremlin Nob","floor":13,"turns":5},{"damage":16,"enemies":"Large Slime","floor":14,"turns":4},{"damage":52,"enemies":"The Guardian","floor":16,"turns":10}],"seed_played":"-7032129045424213920","potions_obtained":[{"floor":3,"key":"Strength Potion"},{"floor":5,"key":"Block Potion"},{"floor":8,"key":"AttackPotion"},{"floor":11,"key":"Dexterity Potion"}],"is_trial":true,"path_per_floor":["M","M","M","$","M","R","M","E","T","?","M","M","E","M","R","B"],"character_chosen":"DEFECT","items_purchased":[],"campfire_rested":1,"item_purchase_floors":[],"current_hp_per_floor":[69,66,66,66,62,62,60,60,60,75,68,67,45,29,51,0],"gold":292,"neow_bonus":"","is_prod":false,"is_daily":false,"chose_seed":false,"campfire_upgraded":1,"win_rate":0,"timestamp":1550800460,"path_taken":["M","M","M","$","M","R","M","E","T","?","M","M","E","M","R","BOSS"],"build_version":"2019-01-23","purchased_purges":0,"victory":false,"max_hp_per_floor":[75,75,75,75,75,75,75,75,75,75,75,75,75,75,75,75],"card_choices":[{"not_picked":["Turbo","Steam"],"picked":"Go for the Eyes","floor":1},{"not_picked":["Loop","Leap"],"picked":"Hologram","floor":2},{"not_picked":["Sweeping Beam","Static Discharge"],"picked":"Chaos","floor":3},{"not_picked":["Cold Snap","Self Repair"],"picked":"Genetic Algorithm","floor":5},{"not_picked":["Redo","Steam Power","Stack"],"picked":"SKIP","floor":7},{"not_picked":["Ball Lightning","White Noise","Capacitor"],"picked":"SKIP","floor":8},{"not_picked":["Darkness","Turbo"],"picked":"Lockon","floor":11},{"not_picked":["Tempest","Ball Lightning","Leap"],"picked":"SKIP","floor":11},{"not_picked":["Ball Lightning","Consume","Echo Form"],"picked":"SKIP","floor":12},{"not_picked":["Force Field","Streamline","Darkness"],"picked":"SKIP","floor":12},{"not_picked":["Hologram","Stack"],"picked":"Electrodynamics","floor":13},{"not_picked":["Auto Shields","Go for the Eyes"],"picked":"Self Repair","floor":14},{"not_picked":["Recycle","Turbo","Glacier"],"picked":"SKIP","floor":14}],"player_experience":152179,"relics_obtained":[{"floor":8,"key":"Prayer Wheel"},{"floor":9,"key":"Boot"},{"floor":13,"key":"Oddly Smooth Stone"}],"event_choices":[{"damage_healed":18,"gold_gain":0,"player_choice":"Healed and dodged fight","damage_taken":0,"max_hp_gain":0,"max_hp_loss":0,"event_name":"Mushrooms","floor":10,"gold_loss":0,"cards_obtained":["Parasite"]}],"is_beta":false,"boss_relics":[],"items_purged_floors":[],"is_endless":false,"potions_floor_spawned":[3,5,8,11],"killed_by":"The Guardian","ascension_level":0}