{"gold_per_floor":[115,44,44,119,84,84,96,22,22,81,81,100,117,131,131,233,233,244,244,122,139,139],"floor_reached":22,"playtime":1492,"items_purged":["Strike_G"],"score":270,"play_id":"ebc635a9-32ee-4731-b304-2f48d5db35c2","local_time":"20190112042435","is_ascension_mode":true,"campfire_choices":[{"data":"Neutralize","floor":6.0,"key":"SMITH"},{"floor":11.0,"key":"REST"},{"floor":15.0,"key":"REST"}],"neow_cost":"NONE","seed_source_timestamp":0,"circlet_count":0,"master_deck":["AscendersBane","Defend_G","Defend_G","Defend_G","Defend_G","Defend_G","Strike_G","Strike_G","Strike_G","Survivor","Neutralize+1","Predator","Footwork","Footwork","Heel Hook","Backflip","Well Laid Plans","Doppelganger","Acrobatics","Prepared"],"special_seed":0,"relics":["HoveringKite","Letter Opener","Snake Skull","Lizard Tail"],"potions_floor_usage":[],"damage_taken":[{"damage":3.0,"enemies":"2 Louse","floor":1.0,"turns":4.0},{"damage":5.0,"enemies":"Small Slimes","floor":7.0,"turns":5.0},{"damage":14.0,"enemies":"Lagavulin Event","floor":10.0,"turns":10.0},{"damage":0.0,"enemies":"Jaw Worm","floor":12.0,"turns":5.0},{"damage":11.0,"enemies":"Gremlin Gang","floor":13.0,"turns":6.0},{"damage":10.0,"enemies":"Exordium Thugs","floor":14.0,"turns":7.0},{"damage":62.0,"enemies":"Slime Boss","floor":16.0,"turns":22.0},{"damage":42,"enemies":"3 Byrds","floor":18,"turns":9},{"damage":8,"enemies":"Spheric Guardian","floor":21,"turns":12},{"damage":57,"enemies":"3 Cultists","floor":22,"turns":5}],"seed_played":"-2873165245784538366","potions_obtained":[{"floor":13.0,"key":"Block Potion"},{"floor":14.0,"key":"EssenceOfSteel"},{"floor":16.0,"key":"Dexterity Potion"},{"floor":18,"key":"Fire Potion"}],"is_trial":false,"path_per_floor":["M","$","?","?","?","R","M","$","T","?","R","M","M","M","R","B",null,"M","?","$","M","M"],"character_chosen":"THE_SILENT","items_purchased":["Footwork","Heel Hook","Prepared"],"campfire_rested":2,"item_purchase_floors":[2,8,20],"current_hp_per_floor":[60,60,60,49,66,66,61,61,61,47,68,68,57,47,68,6,54,12,12,12,4,0],"gold":139,"neow_bonus":"BOSS_RELIC","is_prod":false,"is_daily":false,"chose_seed":false,"campfire_upgraded":1,"win_rate":0,"timestamp":1547285075,"path_taken":["M","$","?","?","?","R","M","$","T","?","R","M","M","M","R","BOSS","M","?","$","M","?"],"build_version":"2019-01-10","purchased_purges":1,"victory":false,"max_hp_per_floor":[70,70,70,70,70,70,70,70,70,70,70,70,70,70,70,70,70,70,70,70,70,70],"card_choices":[{"not_picked":["Flying Knee","Blur"],"picked":"Predator","floor":1.0},{"not_picked":["Deadly Poison","Deflect"],"picked":"Footwork","floor":7.0},{"not_picked":["Reflex","Caltrops"],"picked":"Backflip","floor":10.0},{"not_picked":["Finisher","Dodge and Roll","Catalyst"],"picked":"SKIP","floor":12.0},{"not_picked":["Noxious Fumes","Outmaneuver","Sucker Punch"],"picked":"SKIP","floor":13.0},{"not_picked":["Heel Hook","Skewer"],"picked":"Well Laid Plans","floor":14.0},{"not_picked":["A Thousand Cuts","Phantasmal Killer"],"picked":"Doppelganger","floor":16.0},{"not_picked":["Accuracy","Slice"],"picked":"Acrobatics","floor":18},{"not_picked":["Bane+1","Riddle With Holes","Concentrate+1"],"picked":"SKIP","floor":21}],"player_experience":356186,"relics_obtained":[{"floor":9.0,"key":"Letter Opener"},{"floor":10.0,"key":"Snake Skull"}],"event_choices":[{"damage_healed":0.0,"max_hp_gain":0.0,"max_hp_loss":0.0,"gold_gain":0.0,"event_name":"Scrap Ooze","player_choice":"Fled","floor":3.0,"gold_loss":0.0,"damage_taken":0.0},{"damage_healed":0.0,"max_hp_gain":0.0,"max_hp_loss":0.0,"gold_gain":75.0,"event_name":"World of Goop","player_choice":"Gather Gold","floor":4.0,"gold_loss":0.0,"damage_taken":11.0},{"damage_healed":17.0,"max_hp_gain":0.0,"max_hp_loss":0.0,"gold_gain":0.0,"event_name":"The Cleric","player_choice":"Healed","floor":5.0,"gold_loss":35.0,"damage_taken":0.0},{"damage_healed":0.0,"max_hp_gain":0.0,"max_hp_loss":0.0,"gold_gain":0.0,"event_name":"Dead Adventurer","player_choice":"Searched \u00271\u0027 times","floor":10.0,"gold_loss":0.0,"damage_taken":0.0},{"cards_removed":["Strike_G"],"damage_healed":0,"gold_gain":0,"player_choice":"Purged","damage_taken":0,"max_hp_gain":0,"max_hp_loss":0,"event_name":"Purifier","floor":19,"gold_loss":0}],"is_beta":false,"boss_relics":[{"not_picked":["Eternal Feather","WristBlade"],"picked":"Lizard Tail"}],"items_purged_floors":[20],"is_endless":false,"potions_floor_spawned":[13,14,16,18,21],"killed_by":"3 Cultists","ascension_level":11}