{"gold_per_floor":[117,67,167,185,260,291,291,324,349,30,30,44,44,64,64,159,159,173,183,183,183],"floor_reached":21,"playtime":1264,"items_purged":[],"score":307,"play_id":"83c4ae3a-a1bf-42b2-84f7-a1af080d8744","local_time":"20190216152458","is_ascension_mode":true,"campfire_choices":[{"floor":7,"key":"REST"},{"floor":15,"key":"REST"}],"neow_cost":"NONE","seed_source_timestamp":74543105779332,"circlet_count":0,"master_deck":["Defend_G","Defend_G","Defend_G","Defend_G","Strike_G","Strike_G","Strike_G","Strike_G","Strike_G","Survivor","Neutralize","Distraction","Blade Dance","Choke","Poisoned Stab","Noxious Fumes","Quick Slash","Dagger Throw","A Thousand Cuts","Prepared+1","Neutralize"],"relics":["Ring of the Snake","NeowsBlessing","Omamori","Toxic Egg 2","Happy Flower","Singing Bowl","Nunchaku","Cursed Key"],"potions_floor_usage":[8],"damage_taken":[{"damage":0,"enemies":"Jaw Worm","floor":1,"turns":1},{"damage":0,"enemies":"2 Louse","floor":4,"turns":1},{"damage":0,"enemies":"3 Sentries","floor":6,"turns":1},{"damage":42,"enemies":"Lagavulin","floor":8,"turns":6},{"damage":1,"enemies":"Cultist","floor":12,"turns":3},{"damage":3,"enemies":"Looter","floor":14,"turns":2},{"damage":40,"enemies":"Hexaghost","floor":16,"turns":10},{"damage":8,"enemies":"Chosen","floor":18,"turns":5},{"damage":14,"enemies":"2 Thieves","floor":19,"turns":4},{"damage":42,"enemies":"Cultist and Chosen","floor":21,"turns":6}],"seed_played":"-4064047557827364171","potions_obtained":[{"floor":1,"key":"GamblersBrew"},{"floor":8,"key":"PowerPotion"},{"floor":16,"key":"SpeedPotion"},{"floor":19,"key":"GhostInAJar"}],"is_trial":false,"path_per_floor":["M","?","?","M","?","E","R","E","T","$","?","M","$","M","R","B",null,"M","M","?","M"],"character_chosen":"THE_SILENT","items_purchased":["Singing Bowl","Noxious Fumes"],"campfire_rested":2,"item_purchase_floors":[10,10],"current_hp_per_floor":[63,63,63,63,52,52,70,28,28,28,25,24,24,21,42,2,53,45,33,33,0],"gold":183,"neow_bonus":"THREE_ENEMY_KILL","is_prod":false,"is_daily":false,"chose_seed":false,"campfire_upgraded":0,"win_rate":0,"timestamp":1550359498,"path_taken":["M","?","?","?","?","E","R","E","T","?","?","M","?","?","R","BOSS","M","M","?","M"],"build_version":"2019-01-23","purchased_purges":0,"victory":false,"max_hp_per_floor":[70,70,70,70,70,70,70,70,70,70,70,70,70,70,70,70,70,70,72,72,72],"card_choices":[{"not_picked":["Deflect","Bane"],"picked":"Distraction","floor":1},{"not_picked":["Deflect","Underhanded Strike"],"picked":"Blade Dance","floor":4},{"not_picked":["Malaise","Dagger Spray"],"picked":"Choke","floor":6},{"not_picked":["Underhanded Strike","Prepared"],"picked":"Poisoned Stab","floor":8},{"not_picked":["Eviscerate","Choke"],"picked":"Quick Slash","floor":12},{"not_picked":["Underhanded Strike","Bane"],"picked":"Dagger Throw","floor":14},{"not_picked":["Envenom","Corpse Explosion+1"],"picked":"A Thousand Cuts","floor":16},{"not_picked":["Underhanded Strike","Reflex+1"],"picked":"Prepared+1","floor":18},{"not_picked":["Bane","Catalyst+1","Underhanded Strike"],"picked":"Singing Bowl","floor":19}],"player_experience":417321,"relics_obtained":[{"floor":6,"key":"Omamori"},{"floor":8,"key":"Toxic Egg 2"},{"floor":9,"key":"Happy Flower"}],"event_choices":[{"cards_removed":["Defend_G"],"damage_healed":0,"gold_gain":0,"player_choice":"Card Removal","damage_taken":0,"max_hp_gain":0,"max_hp_loss":0,"event_name":"The Cleric","floor":2,"gold_loss":50},{"damage_healed":0,"gold_gain":100,"player_choice":"Pray","damage_taken":0,"max_hp_gain":0,"max_hp_loss":0,"event_name":"Golden Shrine","floor":3,"gold_loss":0},{"damage_healed":0,"gold_gain":75,"player_choice":"Gather Gold","damage_taken":11,"max_hp_gain":0,"max_hp_loss":0,"event_name":"World of Goop","floor":5,"gold_loss":0},{"damage_healed":0,"gold_gain":0,"player_choice":"Success","damage_taken":3,"relics_obtained":["Nunchaku"],"max_hp_gain":0,"max_hp_loss":0,"event_name":"Scrap Ooze","floor":11,"gold_loss":0},{"damage_healed":0,"gold_gain":0,"player_choice":"Copied","damage_taken":0,"max_hp_gain":0,"max_hp_loss":0,"event_name":"Duplicator","floor":20,"gold_loss":0,"cards_obtained":["Neutralize"]}],"is_beta":false,"boss_relics":[{"not_picked":["Sozu","Philosopher\u0027s Stone"],"picked":"Cursed Key"}],"items_purged_floors":[],"is_endless":false,"potions_floor_spawned":[1,8,16,19],"killed_by":"Cultist and Chosen","ascension_level":9}