{"gold_per_floor":[416,355,355,383,5,5,33,33,33,76,101,101,101,119,119,342,342,364,57,81,81,109,157,187,233,233,263,263,263,263,263,263,484,484,502,72,72,89,114,163,163,185,185,225,225,243,295,313,313,313,313,313,9,62,62],"floor_reached":56,"playtime":1248,"items_purged":["Writhe"],"score":425,"play_id":"f64ebbac-c4a1-42e8-8a80-1a10e19b22f3","local_time":"20190220171630","is_ascension_mode":true,"campfire_choices":[{"data":"Corruption","floor":6,"key":"SMITH"},{"data":"Demon Form","floor":13,"key":"SMITH"},{"data":"Feed","floor":15,"key":"SMITH"},{"floor":29,"key":"RECALL"},{"data":"Impervious","floor":32,"key":"SMITH"},{"data":"Dark Embrace","floor":41,"key":"SMITH"},{"data":"Perfected Strike","floor":49,"key":"SMITH"},{"data":"Headbutt","floor":52,"key":"SMITH"}],"neow_cost":"TEN_PERCENT_HP_LOSS","seed_source_timestamp":177895731656725,"circlet_count":0,"master_deck":["Strike_R+1","Strike_R+1","Strike_R+1","Strike_R+1","Strike_R+1","Defend_R+1","Defend_R+1","Defend_R+1","Defend_R+1","Bash+1","Wild Strike+1","Twin Strike+1","Corruption+1","Headbutt+1","Demon Form+1","Feed+1","Impervious+1","Perfected Strike+1","Sentinel+1","Twin Strike+1","Spot Weakness+1","Barricade+1","Shockwave+1","True Grit+1","Dark Embrace+1","Whirlwind+1","Heavy Blade+1","Shrug It Off+1","Sword Boomerang+1","Seeing Red+1"],"relics":["Burning Blood","Golden Idol","Ginger","Lee\u0027s Waffle","Mango","Shuriken","Ornamental Fan","Incense Burner","Magic Flower","Runic Dome","ClockworkSouvenir","Bag of Marbles","Pear","StoneCalendar","Vajra","Centennial Puzzle","Regal Pillow","Juzu Bracelet","MutagenicStrength","Nunchaku","Black Star","Pen Nib","Chemical X","Lantern","Molten Egg 2","Prayer Wheel","War Paint","Calipers","Frozen Egg 2","The Courier","Red Skull","Toxic Egg 2","Potion Belt","Pantograph","Bottled Tornado","Bottled Lightning","Mummified Hand","Unceasing Top"],"potions_floor_usage":[11,16,16,18,23,55,55,55,55,55],"damage_taken":[{"damage":0,"enemies":"Cultist","floor":1,"turns":2},{"damage":6,"enemies":"Small Slimes","floor":4,"turns":2},{"damage":1,"enemies":"Jaw Worm","floor":7,"turns":2},{"damage":0,"enemies":"Lagavulin","floor":10,"turns":2},{"damage":0,"enemies":"Looter","floor":11,"turns":1},{"damage":0,"enemies":"Lots of Slimes","floor":14,"turns":2},{"damage":0,"enemies":"Slime Boss","floor":16,"turns":4},{"damage":0,"enemies":"Chosen","floor":18,"turns":2},{"damage":2,"enemies":"3 Byrds","floor":20,"turns":4},{"damage":0,"enemies":"Centurion and Healer","floor":22,"turns":3},{"damage":5,"enemies":"Book of Stabbing","floor":23,"turns":3},{"damage":6,"enemies":"Snake Plant","floor":24,"turns":2},{"damage":0,"enemies":"Gremlin Leader","floor":25,"turns":4},{"damage":0,"enemies":"Shelled Parasite and Fungi","floor":27,"turns":3},{"damage":1,"enemies":"Champ","floor":33,"turns":6},{"damage":1,"enemies":"3 Darklings","floor":35,"turns":4},{"damage":0,"enemies":"Orb Walker","floor":38,"turns":2},{"damage":0,"enemies":"3 Darklings","floor":39,"turns":1},{"damage":0,"enemies":"Giant Head","floor":40,"turns":3},{"damage":0,"enemies":"Sphere and 2 Shapes","floor":42,"turns":3},{"damage":0,"enemies":"Reptomancer","floor":44,"turns":3},{"damage":0,"enemies":"Jaw Worm Horde","floor":46,"turns":1},{"damage":10,"enemies":"Giant Head","floor":47,"turns":2},{"damage":0,"enemies":"3 Darklings","floor":48,"turns":1},{"damage":0,"enemies":"Awakened One","floor":50,"turns":5},{"damage":0,"enemies":"Shield and Spear","floor":54,"turns":3},{"damage":0,"enemies":"The Heart","floor":55,"turns":4}],"seed_played":"-8917860399349941098","potions_obtained":[{"floor":1,"key":"EssenceOfSteel"},{"floor":4,"key":"FearPotion"},{"floor":7,"key":"FearPotion"},{"floor":11,"key":"Block Potion"},{"floor":16,"key":"Fire Potion"},{"floor":16,"key":"BloodPotion"},{"floor":18,"key":"Swift Potion"},{"floor":23,"key":"SpeedPotion"},{"floor":27,"key":"Fire Potion"},{"floor":44,"key":"Block Potion"},{"floor":46,"key":"Fire Potion"},{"floor":47,"key":"Swift Potion"},{"floor":48,"key":"FearPotion"},{"floor":54,"key":"SteroidPotion"}],"is_trial":false,"path_per_floor":["M","$","?","M","$","R","M","?","T","E","M","$","R","M","R","B",null,"M","$","M","?","M","E","M","E","T","M","?","R","?","?","R","B",null,"M","$","?","M","M","E","R","M","T","E","?","M","E","M","R","B",null,"R","$","E","B",null],"character_chosen":"IRONCLAD","items_purchased":["Twin Strike","Corruption","Ginger","Lee\u0027s Waffle","ClockworkSouvenir","Bag of Marbles","Armaments","Pen Nib","Chemical X","Lantern","Bottled Tornado","Bottled Lightning"],"campfire_rested":0,"item_purchase_floors":[2,2,5,5,19,19,19,36,36,36,53,53],"current_hp_per_floor":[77,77,58,60,84,84,84,84,98,98,101,101,101,104,104,113,113,113,113,127,127,131,131,135,135,135,139,139,139,139,139,139,148,148,148,148,148,148,148,148,148,148,148,148,148,152,152,152,152,157,157,157,157,157,162],"gold":62,"neow_bonus":"TWO_FIFTY_GOLD","is_prod":false,"is_daily":false,"chose_seed":false,"campfire_upgraded":7,"win_rate":0,"timestamp":1550675790,"path_taken":["M","$","?","M","$","R","M","?","T","E","M","?","R","M","R","BOSS","M","$","M","?","M","E","M","E","T","?","?","R","?","?","R","BOSS","M","$","?","M","M","E","R","M","T","E","?","M","E","M","R","BOSS","R","$","E","BOSS"],"build_version":"2019-01-23","purchased_purges":1,"victory":true,"max_hp_per_floor":[77,77,77,77,84,84,84,84,98,98,101,101,101,104,104,113,113,113,113,127,127,131,131,135,135,135,139,139,139,139,139,139,148,148,148,148,148,148,148,148,148,148,148,148,148,152,152,152,152,157,157,157,157,157,162],"card_choices":[{"not_picked":["Shrug It Off","Twin Strike"],"picked":"Wild Strike+1","floor":1},{"not_picked":["Offering","Havoc","Clash+1"],"picked":"SKIP","floor":4},{"not_picked":["Thunderclap","Combust"],"picked":"Headbutt","floor":7},{"not_picked":["Clash","Pommel Strike"],"picked":"Demon Form","floor":10},{"not_picked":["Body Slam","Flex+1"],"picked":"Feed","floor":10},{"not_picked":["Cleave","Bloodletting+1","Rage"],"picked":"SKIP","floor":11},{"not_picked":["Anger","Dropkick","Clash+1"],"picked":"SKIP","floor":14},{"not_picked":["Brutality","Demon Form"],"picked":"Impervious","floor":16},{"not_picked":["Flex+1","Shrug It Off"],"picked":"Perfected Strike","floor":18},{"not_picked":["Body Slam","Second Wind","Carnage+1"],"picked":"SKIP","floor":20},{"not_picked":["Flame Barrier+1","Fire Breathing+1"],"picked":"Twin Strike+1","floor":22},{"not_picked":["Headbutt+1","Twin Strike"],"picked":"Spot Weakness","floor":23},{"not_picked":["Reaper","True Grit+1"],"picked":"Barricade","floor":23},{"not_picked":["Havoc","Sentinel"],"picked":"Shockwave+1","floor":24},{"not_picked":["Blood for Blood+1","Pommel Strike"],"picked":"True Grit+1","floor":25},{"not_picked":["Entrench","Wild Strike","Twin Strike"],"picked":"SKIP","floor":25},{"not_picked":["Clothesline","Ghostly Armor+1","Havoc"],"picked":"SKIP","floor":27},{"not_picked":["Demon Form","Double Tap"],"picked":"Dark Embrace","floor":33},{"not_picked":["Pommel Strike+1","Disarm+1"],"picked":"Whirlwind+1","floor":35},{"not_picked":["Pommel Strike+1","Combust+1"],"picked":"Heavy Blade+1","floor":38},{"not_picked":["Armaments","Pommel Strike+1","Headbutt"],"picked":"SKIP","floor":39},{"not_picked":["Feed+1","Armaments+1"],"picked":"Shrug It Off+1","floor":40},{"not_picked":["Pommel Strike+1","Anger+1"],"picked":"Sword Boomerang+1","floor":40},{"not_picked":["Heavy Blade+1","Rupture"],"picked":"Seeing Red+1","floor":42},{"not_picked":["Combust+1","Anger+1","Perfected Strike+1"],"picked":"SKIP","floor":42},{"not_picked":["Inflame+1","Body Slam+1","Perfected Strike+1"],"picked":"SKIP","floor":44},{"not_picked":["Shrug It Off","Immolate+1","Infernal Blade+1"],"picked":"SKIP","floor":44},{"not_picked":["Body Slam+1","Flex+1","Flame Barrier+1"],"picked":"SKIP","floor":46},{"not_picked":["Pommel Strike+1","Iron Wave+1","Sever Soul+1"],"picked":"SKIP","floor":46},{"not_picked":["Wild Strike+1","Thunderclap+1","Rampage+1"],"picked":"SKIP","floor":47},{"not_picked":["Reckless Charge+1","Sever Soul+1","Bludgeon+1"],"picked":"SKIP","floor":47},{"not_picked":["True Grit+1","Blood for Blood+1","Wild Strike+1"],"picked":"SKIP","floor":48},{"not_picked":["Entrench+1","Power Through+1","Anger+1"],"picked":"SKIP","floor":48},{"not_picked":["Pommel Strike+1","Flex+1","Heavy Blade+1"],"picked":"SKIP","floor":54},{"not_picked":["Wild Strike+1","Inflame+1","Brutality+1"],"picked":"SKIP","floor":54}],"player_experience":216009,"relics_obtained":[{"floor":9,"key":"Mango"},{"floor":9,"key":"Shuriken"},{"floor":10,"key":"Ornamental Fan"},{"floor":14,"key":"Incense Burner"},{"floor":16,"key":"Magic Flower"},{"floor":20,"key":"Pear"},{"floor":23,"key":"StoneCalendar"},{"floor":25,"key":"Vajra"},{"floor":26,"key":"Centennial Puzzle"},{"floor":27,"key":"Regal Pillow"},{"floor":33,"key":"Nunchaku"},{"floor":39,"key":"Molten Egg 2"},{"floor":40,"key":"Prayer Wheel"},{"floor":40,"key":"War Paint"},{"floor":42,"key":"Calipers"},{"floor":43,"key":"Frozen Egg 2"},{"floor":43,"key":"The Courier"},{"floor":44,"key":"Red Skull"},{"floor":44,"key":"Toxic Egg 2"},{"floor":47,"key":"Potion Belt"},{"floor":47,"key":"Pantograph"},{"floor":54,"key":"Mummified Hand"},{"floor":54,"key":"Unceasing Top"}],"event_choices":[{"damage_healed":0,"gold_gain":0,"player_choice":"Take Damage","damage_taken":19,"relics_obtained":["Golden Idol"],"max_hp_gain":0,"max_hp_loss":0,"event_name":"Golden Idol","floor":3,"gold_loss":0},{"damage_healed":0,"gold_gain":0,"player_choice":"Grow","damage_taken":0,"max_hp_gain":0,"max_hp_loss":0,"event_name":"Living Wall","floor":8,"gold_loss":0,"cards_upgraded":["Twin Strike"]},{"damage_healed":0,"gold_gain":0,"cards_transformed":["Armaments"],"player_choice":"Transformed","damage_taken":0,"max_hp_gain":0,"max_hp_loss":0,"event_name":"Transmorgrifier","floor":21,"gold_loss":0,"cards_obtained":["Sentinel"]},{"damage_healed":0,"gold_gain":0,"player_choice":"Opened","damage_taken":0,"relics_obtained":["Juzu Bracelet"],"max_hp_gain":0,"max_hp_loss":0,"event_name":"The Mausoleum","floor":28,"gold_loss":0,"cards_obtained":["Writhe"]},{"damage_healed":0,"gold_gain":0,"player_choice":"Forge","damage_taken":0,"max_hp_gain":0,"max_hp_loss":0,"event_name":"Accursed Blacksmith","floor":30,"gold_loss":0,"cards_upgraded":["Barricade"]},{"damage_healed":0,"gold_gain":0,"player_choice":"Inject Mutagens","damage_taken":0,"relics_obtained":["MutagenicStrength"],"max_hp_gain":0,"max_hp_loss":0,"event_name":"Drug Dealer","floor":31,"gold_loss":0},{"damage_healed":0,"gold_gain":0,"player_choice":"Full Heal","damage_taken":0,"max_hp_gain":0,"max_hp_loss":0,"event_name":"Wheel of Change","floor":37,"gold_loss":0},{"damage_healed":0,"gold_gain":0,"player_choice":"Ignored","damage_taken":0,"max_hp_gain":0,"max_hp_loss":0,"event_name":"Tomb of Lord Red Mask","floor":45,"gold_loss":0}],"is_beta":false,"boss_relics":[{"not_picked":["Lizard Tail","Black Blood"],"picked":"Runic Dome"},{"not_picked":["Philosopher\u0027s Stone","Busted Crown"],"picked":"Black Star"}],"items_purged_floors":[36],"is_endless":false,"potions_floor_spawned":[11,14,16,18,27,33,42,46,48],"ascension_level":-20}