{"gold_per_floor":[10,25,42,52,52,52,68,99,99,99,99,114,114,133,133,237,237,248,248,258,258,278,278,309,309,336,19,45,45,56,56,56,156,156,168,184,184,184,184,212,212,231,254,254],"floor_reached":44,"playtime":3336,"items_purged":["Defend_B"],"score":606,"play_id":"b0377365-b08a-4778-b016-b204ddc098e0","local_time":"20190114232520","is_ascension_mode":true,"campfire_choices":[{"data":"Genetic Algorithm","floor":6,"key":"SMITH"},{"floor":15,"key":"REST"},{"floor":23,"key":"REST"},{"floor":25,"key":"REST"},{"floor":29,"key":"REST"},{"data":"Electrodynamics","floor":32,"key":"SMITH"},{"floor":41,"key":"RECALL"}],"neow_cost":"NO_GOLD","seed_source_timestamp":210496160200562,"circlet_count":0,"master_deck":["Strike_B+1","Strike_B+1","Defend_B+1","Defend_B+1","Zap+1","Dualcast+1","Turbo+1","Genetic Algorithm+1","Cold Snap+1","Rip and Tear+1","Ball Lightning+1","Leap+1","Sunder+1","Doom and Gloom+1","Electrodynamics+1","Compile Driver+1","Conserve Battery+1","Streamline+1","Gash+1","Conserve Battery+1","Coolheaded+1","Ghostly+1","Ghostly+1","Ghostly+1","Ghostly+1","Ghostly+1","Loop+1","Injury"],"relics":["Cracked Core","Nunchaku","StoneCalendar","Nuclear Battery","Singing Bowl","Oddly Smooth Stone","Membership Card","Regal Pillow","Du-Vu Doll","Cursed Key","Mark of the Bloom","Dead Branch","Potion Belt"],"potions_floor_usage":[8,16,16,22,24,33,33,44],"damage_taken":[{"damage":1,"enemies":"Cultist","floor":1,"turns":4},{"damage":7,"enemies":"Jaw Worm","floor":2,"turns":4},{"damage":3,"enemies":"2 Louse","floor":3,"turns":3},{"damage":9,"enemies":"2 Fungi Beasts","floor":4,"turns":3},{"damage":16,"enemies":"3 Louse","floor":7,"turns":3},{"damage":12,"enemies":"Gremlin Nob","floor":8,"turns":4},{"damage":6,"enemies":"Gremlin Gang","floor":12,"turns":4},{"damage":0,"enemies":"Exordium Wildlife","floor":14,"turns":2},{"damage":21,"enemies":"The Guardian","floor":16,"turns":9},{"damage":8,"enemies":"2 Thieves","floor":18,"turns":4},{"damage":0,"enemies":"Spheric Guardian","floor":20,"turns":3},{"damage":1,"enemies":"Centurion and Healer","floor":22,"turns":5},{"damage":28,"enemies":"Book of Stabbing","floor":24,"turns":7},{"damage":38,"enemies":"Slavers","floor":28,"turns":4},{"damage":15,"enemies":"Cultist and Chosen","floor":30,"turns":5},{"damage":0,"enemies":"Automaton","floor":33,"turns":8},{"damage":0,"enemies":"3 Darklings","floor":35,"turns":3},{"damage":0,"enemies":"3 Shapes","floor":36,"turns":4},{"damage":42,"enemies":"Giant Head","floor":40,"turns":9},{"damage":0,"enemies":"Sphere and 2 Shapes","floor":42,"turns":4},{"damage":20,"enemies":"Maw","floor":44,"turns":2}],"seed_played":"5693165364687505341","potions_obtained":[{"floor":2,"key":"Strength Potion"},{"floor":8,"key":"Swift Potion"},{"floor":12,"key":"Poison Potion"},{"floor":14,"key":"Swift Potion"},{"floor":18,"key":"Strength Potion"},{"floor":20,"key":"Block Potion"},{"floor":28,"key":"PowerPotion"},{"floor":35,"key":"Dexterity Potion"},{"floor":42,"key":"SteroidPotion"}],"is_trial":false,"path_per_floor":["M","M","M","M","?","R","M","E","T","?","?","M","?","M","R","B",null,"M","?","M","?","M","R","E","R","T","$","E","R","M","?","R","B",null,"M","M","?","?","?","E","R","M","T","M"],"character_chosen":"DEFECT","items_purchased":["Membership Card","Regal Pillow"],"campfire_rested":4,"item_purchase_floors":[27,27],"current_hp_per_floor":[88,81,78,69,69,69,53,41,41,38,31,25,7,7,33,12,89,81,64,64,64,63,91,63,91,91,91,53,94,79,47,47,49,49,51,53,53,50,50,8,8,8,8,0],"gold":254,"neow_bonus":"TWENTY_PERCENT_HP_BONUS","is_prod":false,"is_daily":false,"chose_seed":false,"campfire_upgraded":2,"win_rate":0,"timestamp":1547537120,"path_taken":["M","M","?","?","?","R","M","E","T","?","?","M","?","M","R","BOSS","M","?","M","?","M","R","E","R","T","$","E","R","?","?","R","BOSS","M","M","?","?","?","E","R","M","T","?"],"build_version":"2019-01-10","purchased_purges":1,"victory":false,"max_hp_per_floor":[89,89,89,89,89,89,89,89,89,89,89,89,89,89,89,89,89,89,94,94,94,94,94,94,94,94,94,94,94,94,47,47,49,49,51,53,53,50,50,52,52,52,52,52],"card_choices":[{"not_picked":["Hologram","Barrage"],"picked":"Turbo","floor":1},{"not_picked":["Sweeping Beam","Ball Lightning"],"picked":"Genetic Algorithm","floor":2},{"not_picked":["Go for the Eyes","Coolheaded"],"picked":"Cold Snap","floor":3},{"not_picked":["Blizzard","Beam Cell"],"picked":"Rip and Tear","floor":4},{"not_picked":["All For One","Gash"],"picked":"Ball Lightning","floor":7},{"not_picked":["Go for the Eyes","Doom and Gloom"],"picked":"Leap","floor":8},{"not_picked":["Conserve Battery","Storm"],"picked":"Sunder","floor":12},{"not_picked":["Force Field","Genetic Algorithm"],"picked":"Doom and Gloom","floor":14},{"not_picked":["Seek","Creative AI"],"picked":"Electrodynamics","floor":16},{"not_picked":["Barrage","Tempest"],"picked":"Compile Driver+1","floor":18},{"not_picked":["Darkness+1","Compile Driver"],"picked":"Conserve Battery","floor":20},{"not_picked":["Scrape+1","Consume"],"picked":"Streamline","floor":22},{"not_picked":["Melter","Stack"],"picked":"Gash+1","floor":24},{"not_picked":["Cold Snap+1","BootSequence"],"picked":"Conserve Battery","floor":28},{"not_picked":["BootSequence","Beam Cell"],"picked":"Coolheaded+1","floor":30},{"not_picked":["Thunder Strike","Amplify","Reboot"],"picked":"Singing Bowl","floor":33},{"not_picked":["Blizzard","Melter","Reprogram"],"picked":"Singing Bowl","floor":35},{"not_picked":["Steam","Double Energy","Barrage"],"picked":"Singing Bowl","floor":36},{"not_picked":["Gash+1","Rebound","Blizzard+1"],"picked":"Singing Bowl","floor":40},{"not_picked":["Ball Lightning","Heatsinks"],"picked":"Loop+1","floor":42}],"player_experience":152697,"relics_obtained":[{"floor":8,"key":"Nunchaku"},{"floor":9,"key":"StoneCalendar"},{"floor":24,"key":"Singing Bowl"},{"floor":26,"key":"Oddly Smooth Stone"},{"floor":28,"key":"Du-Vu Doll"},{"floor":40,"key":"Dead Branch"},{"floor":43,"key":"Potion Belt"}],"event_choices":[{"cards_removed":["Strike_B"],"damage_healed":0,"gold_gain":0,"player_choice":"Forget","damage_taken":0,"max_hp_gain":0,"max_hp_loss":0,"event_name":"Living Wall","floor":5,"gold_loss":0},{"damage_healed":0,"gold_gain":0,"player_choice":"Fled","damage_taken":3,"max_hp_gain":0,"max_hp_loss":0,"event_name":"Scrap Ooze","floor":10,"gold_loss":0},{"cards_removed":["Defend_B"],"damage_healed":0,"gold_gain":0,"player_choice":"Card Removal","damage_taken":7,"max_hp_gain":0,"max_hp_loss":0,"event_name":"Golden Wing","floor":11,"gold_loss":0},{"damage_healed":0,"gold_gain":0,"player_choice":"Entered Light","damage_taken":18,"max_hp_gain":0,"max_hp_loss":0,"event_name":"Shining Light","floor":13,"gold_loss":0,"cards_upgraded":["Defend_B","Rip and Tear"]},{"damage_healed":0,"gold_gain":0,"player_choice":"Shed Blood","damage_taken":22,"max_hp_gain":5,"max_hp_loss":0,"event_name":"Forgotten Altar","floor":19,"gold_loss":0},{"cards_removed":["Strike_B"],"damage_healed":0,"gold_gain":0,"player_choice":"Purged","damage_taken":0,"max_hp_gain":0,"max_hp_loss":0,"event_name":"Purifier","floor":21,"gold_loss":0},{"damage_healed":0,"gold_gain":0,"player_choice":"Became a Ghost","damage_taken":0,"max_hp_gain":0,"max_hp_loss":47,"event_name":"Ghosts","floor":31,"gold_loss":0,"cards_obtained":["Ghostly","Ghostly","Ghostly","Ghostly","Ghostly"]},{"damage_healed":0,"gold_gain":0,"player_choice":"Upgrade","damage_taken":0,"relics_obtained":["Mark of the Bloom"],"max_hp_gain":0,"max_hp_loss":0,"event_name":"MindBloom","floor":37,"gold_loss":0,"cards_upgraded":["Strike_B","Strike_B","Defend_B","Zap","Dualcast","Turbo","Cold Snap","Ball Lightning","Leap","Sunder","Doom and Gloom","Conserve Battery","Streamline","Conserve Battery","Ghostly","Ghostly","Ghostly","Ghostly","Ghostly"]},{"damage_healed":0,"gold_gain":0,"player_choice":"Max HP","damage_taken":0,"max_hp_gain":0,"max_hp_loss":3,"event_name":"Winding Halls","floor":38,"gold_loss":0},{"damage_healed":0,"gold_gain":0,"player_choice":"Ignored","damage_taken":0,"max_hp_gain":0,"max_hp_loss":0,"event_name":"Tomb of Lord Red Mask","floor":39,"gold_loss":0}],"is_beta":false,"boss_relics":[{"not_picked":["Fusion Hammer","FrozenCore"],"picked":"Nuclear Battery"},{"not_picked":["Runic Pyramid","Sozu"],"picked":"Cursed Key"}],"items_purged_floors":[27],"is_endless":false,"potions_floor_spawned":[2,8,12,14,18,20,28,35,42],"killed_by":"Maw","ascension_level":2}