{"gold_per_floor":[112,112,112,112,112,150,150,165,165,206,227,227,243,264,264,392,392,380,396,396,419,419,455,455,473,473,473,498,317,353,374,374,504,504,518,643,82,0,0,41,64,103,103,118,134,147,183,207,207,207,207,207,10,45,45],"floor_reached":56,"playtime":8275,"items_purged":[],"score":1823,"play_id":"964a055f-5e80-4d06-8ddd-b49732411c37","local_time":"20190215195649","is_ascension_mode":true,"campfire_choices":[{"data":"Neutralize","floor":7.0,"key":"SMITH"},{"data":"Noxious Fumes","floor":12.0,"key":"SMITH"},{"data":"Catalyst","floor":15.0,"key":"SMITH"},{"data":"Adrenaline","floor":24.0,"key":"SMITH"},{"data":"Crippling Poison","floor":27.0,"key":"SMITH"},{"data":"Bouncing Flask","floor":32.0,"key":"SMITH"},{"floor":49.0,"key":"RECALL"},{"floor":52,"key":"REST"}],"neow_cost":"NONE","seed_source_timestamp":28632831486700,"circlet_count":0,"master_deck":["Defend_G+1","Defend_G+1","Defend_G+1","Defend_G+1","Strike_G+1","Strike_G+1","Strike_G+1","Strike_G+1","Strike_G+1","Survivor","Neutralize+1","Deflect+1","Malaise","Noxious Fumes+1","PiercingWail","Tools of the Trade","PiercingWail","Catalyst+1","Adrenaline+1","Blur","Dodge and Roll+1","Crippling Poison+1","PiercingWail","Backstab","Tactician+1","Bouncing Flask+1","Crippling Poison+1","Backflip","A Thousand Cuts","Tactician+1","Noxious Fumes+1","Noxious Fumes","Prepared","Sadistic Nature","Well Laid Plans","Backflip+1","Noxious Fumes+1","Deadly Poison+1","Deadly Poison+1","Dodge and Roll+1","Apotheosis","PiercingWail"],"special_seed":0,"relics":["Ring of the Snake","NeowsBlessing","Pocketwatch","Golden Idol","Strawberry","Question Card","Kunai","Sozu","Unceasing Top","Mercury Hourglass","Lantern","Bottled Flame","Fusion Hammer","FossilizedHelix","Bottled Tornado","Red Mask","Mango","Pantograph","Regal Pillow","Anchor"],"potions_floor_usage":[55],"damage_taken":[{"damage":0.0,"enemies":"Jaw Worm","floor":1.0,"turns":1.0},{"damage":0.0,"enemies":"Gremlin Nob","floor":6.0,"turns":1.0},{"damage":0.0,"enemies":"Small Slimes","floor":8.0,"turns":1.0},{"damage":21.0,"enemies":"Lagavulin","floor":10.0,"turns":11.0},{"damage":0.0,"enemies":"2 Louse","floor":11.0,"turns":3.0},{"damage":0.0,"enemies":"Large Slime","floor":13.0,"turns":7.0},{"damage":6.0,"enemies":"Exordium Wildlife","floor":14.0,"turns":4.0},{"damage":12.0,"enemies":"The Guardian","floor":16.0,"turns":11.0},{"damage":0.0,"enemies":"2 Thieves","floor":18.0,"turns":4.0},{"damage":0.0,"enemies":"3 Byrds","floor":19.0,"turns":6.0},{"damage":1.0,"enemies":"Sentry and Sphere","floor":21.0,"turns":7.0},{"damage":0.0,"enemies":"Gremlin Leader","floor":23.0,"turns":7.0},{"damage":0.0,"enemies":"Centurion and Healer","floor":25.0,"turns":6.0},{"damage":0.0,"enemies":"3 Cultists","floor":28.0,"turns":5.0},{"damage":9.0,"enemies":"Book of Stabbing","floor":30.0,"turns":5.0},{"damage":0.0,"enemies":"Snecko","floor":31.0,"turns":4.0},{"damage":6.0,"enemies":"Collector","floor":33.0,"turns":8.0},{"damage":8.0,"enemies":"3 Darklings","floor":35.0,"turns":5.0},{"damage":0.0,"enemies":"Mind Bloom Boss Battle","floor":36.0,"turns":6.0},{"damage":0.0,"enemies":"Giant Head","floor":40.0,"turns":7.0},{"damage":0.0,"enemies":"Orb Walker","floor":41.0,"turns":3.0},{"damage":0.0,"enemies":"Reptomancer","floor":42.0,"turns":6.0},{"damage":0.0,"enemies":"Maw","floor":44.0,"turns":6.0},{"damage":2.0,"enemies":"4 Shapes","floor":45.0,"turns":5.0},{"damage":0.0,"enemies":"Sphere and 2 Shapes","floor":46.0,"turns":3.0},{"damage":0.0,"enemies":"Giant Head","floor":47.0,"turns":7.0},{"damage":12.0,"enemies":"3 Darklings","floor":48.0,"turns":4.0},{"damage":39,"enemies":"Time Eater","floor":50,"turns":11},{"damage":41,"enemies":"Shield and Spear","floor":54,"turns":6},{"damage":54,"enemies":"The Heart","floor":55,"turns":10}],"seed_played":"6203241213177591321","potions_obtained":[{"floor":10.0,"key":"FearPotion"},{"floor":11.0,"key":"Regen Potion"},{"floor":16.0,"key":"Regen Potion"}],"is_trial":false,"path_per_floor":["M","?","?","?","?","E","R","M","T","E","M","R","M","M","R","B",null,"M","M","?","M","?","E","R","M","T","R","M","$","E","M","R","B",null,"M","?","$","?","$","E","M","E","T","M","M","M","E","M","R","B",null,"R","$","E","B",null],"character_chosen":"THE_SILENT","items_purchased":["Lantern","Bouncing Flask","Bottled Tornado","Noxious Fumes","Prepared","Sadistic Nature","Apotheosis"],"campfire_rested":1,"item_purchase_floors":[29,29,37,37,37,37,53],"current_hp_per_floor":[63,56,49,32,32,39,39,39,39,18,18,18,18,12,12,15,62,62,62,62,61,61,61,61,61,61,61,61,61,52,52,52,46,69,61,61,61,61,61,75,75,75,75,75,73,73,73,61,61,47,80,91,91,50,36],"gold":45,"neow_bonus":"THREE_ENEMY_KILL","is_prod":false,"is_daily":false,"chose_seed":false,"campfire_upgraded":6,"win_rate":0,"timestamp":1550257009,"path_taken":["M","?","?","?","?","E","R","M","T","E","M","R","?","M","R","BOSS","M","M","?","M","?","E","R","M","T","R","?","$","E","M","R","BOSS","M","?","$","?","?","E","M","E","T","?","M","M","E","M","R","BOSS","R","$","E","BOSS"],"build_version":"2019-01-23","purchased_purges":0,"victory":true,"max_hp_per_floor":[70,70,70,70,70,77,77,77,77,77,77,77,77,77,77,77,77,77,77,77,77,77,77,77,77,77,77,77,77,77,77,77,77,77,77,77,77,77,77,91,91,91,91,91,91,91,91,91,91,91,91,91,91,91,91],"card_choices":[{"not_picked":["Sucker Punch","Dodge and Roll"],"picked":"Deflect","floor":1.0},{"not_picked":["Deflect","Acrobatics"],"picked":"Malaise","floor":6.0},{"not_picked":["Prepared","Deflect"],"picked":"Noxious Fumes","floor":8.0},{"not_picked":["Prepared","All Out Attack","Slice"],"picked":"PiercingWail","floor":10.0},{"not_picked":["Endless Agony","Choke","Dagger Throw"],"picked":"Tools of the Trade","floor":11.0},{"not_picked":["Blade Dance","Backflip","Flying Knee"],"picked":"PiercingWail","floor":13.0},{"not_picked":["Prepared","Underhanded Strike","Sucker Punch"],"picked":"Catalyst","floor":14.0},{"not_picked":["Bullet Time","Malaise","Grand Finale"],"picked":"Adrenaline","floor":16.0},{"not_picked":["Dash","Dagger Throw","Setup"],"picked":"Blur","floor":18.0},{"not_picked":["Finisher+1","Flying Knee+1","Quick Slash"],"picked":"Dodge and Roll+1","floor":19.0},{"not_picked":["Slice","All Out Attack+1","Eviscerate"],"picked":"Crippling Poison","floor":21.0},{"not_picked":["Blade Dance","Distraction","Sucker Punch"],"picked":"PiercingWail","floor":23.0},{"not_picked":["Dodge and Roll","Blade Dance+1","Sucker Punch"],"picked":"Backstab","floor":25.0},{"not_picked":["Outmaneuver+1","Accuracy","Slice"],"picked":"Tactician+1","floor":28.0},{"not_picked":["Dodge and Roll","Bullet Time","Endless Agony+1"],"picked":"Crippling Poison+1","floor":30.0},{"not_picked":["Outmaneuver","Quick Slash+1","Blade Dance"],"picked":"Backflip","floor":31.0},{"not_picked":["Tools of the Trade","Venomology","Bullet Time"],"picked":"A Thousand Cuts","floor":33.0},{"not_picked":["Poisoned Stab","Underhanded Strike","Quick Slash"],"picked":"Tactician+1","floor":35.0},{"not_picked":["Heel Hook","Flying Knee+1","Quick Slash+1"],"picked":"Noxious Fumes+1","floor":36.0},{"not_picked":["Quick Slash+1","Deadly Poison","Glass Knife"],"picked":"Well Laid Plans","floor":40.0},{"not_picked":["Tactician+1","Masterful Stab+1","Escape Plan"],"picked":"Backflip+1","floor":41.0},{"not_picked":["Blade Dance+1","Flechettes+1","Underhanded Strike","Dodge and Roll"],"picked":"SKIP","floor":42.0},{"not_picked":["Blade Dance","Dagger Throw+1","Cloak And Dagger"],"picked":"Noxious Fumes+1","floor":44.0},{"not_picked":["Backflip","Flying Knee+1","Dagger Throw+1"],"picked":"Deadly Poison+1","floor":45.0},{"not_picked":["Endless Agony+1","Sucker Punch","Dagger Spray"],"picked":"Deadly Poison+1","floor":46.0},{"not_picked":["Storm of Steel","Outmaneuver+1","Dagger Spray"],"picked":"Dodge and Roll+1","floor":47.0},{"not_picked":["Choke","Endless Agony","Slice","Dodge and Roll"],"picked":"SKIP","floor":48.0},{"not_picked":["Backflip","Setup","Terror"],"picked":"PiercingWail","floor":54}],"player_experience":183639,"relics_obtained":[{"floor":6.0,"key":"Strawberry"},{"floor":9.0,"key":"Question Card"},{"floor":10.0,"key":"Kunai"},{"floor":23.0,"key":"Unceasing Top"},{"floor":26.0,"key":"Mercury Hourglass"},{"floor":30.0,"key":"Bottled Flame"},{"floor":36.0,"key":"FossilizedHelix"},{"floor":40.0,"key":"Mango"},{"floor":42.0,"key":"Pantograph"},{"floor":47.0,"key":"Regal Pillow"},{"floor":54,"key":"Anchor"}],"event_choices":[{"damage_healed":0.0,"max_hp_gain":0.0,"max_hp_loss":0.0,"gold_gain":0.0,"event_name":"Scrap Ooze","player_choice":"Success","floor":2.0,"gold_loss":0.0,"damage_taken":7.0,"relics_obtained":["Pocketwatch"]},{"cards_removed":["Defend_G"],"damage_healed":0.0,"max_hp_gain":0.0,"max_hp_loss":0.0,"gold_gain":0.0,"event_name":"Golden Wing","player_choice":"Card Removal","floor":3.0,"gold_loss":0.0,"damage_taken":7.0},{"damage_healed":0.0,"max_hp_gain":0.0,"max_hp_loss":0.0,"gold_gain":0.0,"event_name":"Golden Idol","player_choice":"Take Damage","floor":4.0,"gold_loss":0.0,"damage_taken":17.0,"relics_obtained":["Golden Idol"]},{"damage_healed":0.0,"max_hp_gain":0.0,"max_hp_loss":0.0,"gold_gain":0.0,"event_name":"Living Wall","player_choice":"Grow","floor":5.0,"gold_loss":0.0,"damage_taken":0.0,"cards_upgraded":["Deflect"]},{"damage_healed":0.0,"max_hp_gain":0.0,"max_hp_loss":0.0,"gold_gain":0.0,"event_name":"Back to Basics","player_choice":"Simplicity","floor":20.0,"gold_loss":0.0,"damage_taken":0.0,"cards_upgraded":["Defend_G","Defend_G","Defend_G","Defend_G","Strike_G","Strike_G","Strike_G","Strike_G","Strike_G"]},{"damage_healed":0.0,"max_hp_gain":0.0,"max_hp_loss":0.0,"gold_gain":0.0,"event_name":"Lab","player_choice":"Got Potions","floor":22.0,"gold_loss":0.0,"damage_taken":0.0},{"damage_healed":0.0,"max_hp_gain":0.0,"max_hp_loss":0.0,"gold_gain":0.0,"event_name":"MindBloom","player_choice":"Fight","floor":36.0,"gold_loss":0.0,"damage_taken":0.0},{"damage_healed":0.0,"max_hp_gain":0.0,"max_hp_loss":0.0,"gold_gain":0.0,"event_name":"Tomb of Lord Red Mask","player_choice":"Paid","floor":38.0,"gold_loss":82.0,"damage_taken":0.0,"relics_obtained":["Red Mask"]}],"is_beta":false,"boss_relics":[{"not_picked":["Ectoplasm","Tiny House"],"picked":"Sozu"},{"not_picked":["Philosopher\u0027s Stone","WristBlade"],"picked":"Fusion Hammer"}],"items_purged_floors":[],"is_endless":false,"potions_floor_spawned":[10,11,16,23,25,28,30,31,36,42,45,47,48],"ascension_level":6}