{"gold_per_floor":[216,234,244,261,273,273,305,275,302,336,336,349,349,363,363,462,462,481,499,424,442,248,248,258,258,258,258,278,27,27,47,47,152,152,162,80,100,30,30,62,62,79,79,97,97],"floor_reached":45,"playtime":7561,"items_purged":["Brutality+1","Strike_R"],"score":484,"play_id":"4c5004a7-6413-42f8-b6e3-77710eeaf21d","local_time":"20190225035637","is_ascension_mode":false,"campfire_choices":[{"data":"True Grit","floor":6.0,"key":"SMITH"},{"floor":11.0,"key":"REST"},{"data":"Armaments","floor":13.0,"key":"SMITH"},{"data":"Power Through","floor":15.0,"key":"SMITH"},{"data":"Dark Embrace","floor":23,"key":"SMITH"},{"data":"Limit Break","floor":25,"key":"SMITH"},{"floor":27,"key":"REST"},{"floor":32,"key":"REST"},{"floor":41,"key":"REST"}],"neow_cost":"NONE","seed_source_timestamp":728881682903903,"circlet_count":0,"master_deck":["Strike_R","Defend_R","Defend_R","Defend_R","Defend_R","Bash","Armaments+1","True Grit+1","Disarm","Power Through+1","Clothesline","Exhume","Battle Trance","Limit Break+1","Dark Embrace+1","Evolve+1","Fire Breathing+1","True Grit+1","Headbutt","Flash of Steel","Spot Weakness","Shrug It Off+1","Metallicize","Immolate+1","Ghostly Armor","RitualDagger+1","Dual Wield+1","Juggernaut","Body Slam+1","Corruption","Sentinel","Reaper+1","Feel No Pain+1","Disarm+1","Flex+1"],"special_seed":0,"relics":["Burning Blood","Charon\u0027s Ashes","Boot","Oddly Smooth Stone","Astrolabe","Molten Egg 2","Mark of Pain","Orichalcum","Bag of Preparation"],"potions_floor_usage":[33,33,33],"damage_taken":[{"damage":0.0,"enemies":"2 Louse","floor":1.0,"turns":4.0},{"damage":1.0,"enemies":"Cultist","floor":2.0,"turns":3.0},{"damage":12.0,"enemies":"Small Slimes","floor":3.0,"turns":5.0},{"damage":8.0,"enemies":"2 Fungi Beasts","floor":4.0,"turns":6.0},{"damage":21.0,"enemies":"Large Slime","floor":5.0,"turns":9.0},{"damage":45.0,"enemies":"3 Sentries","floor":7.0,"turns":14.0},{"damage":26.0,"enemies":"Gremlin Nob","floor":10.0,"turns":6.0},{"damage":0.0,"enemies":"3 Louse","floor":12.0,"turns":5.0},{"damage":3.0,"enemies":"Looter","floor":14.0,"turns":4.0},{"damage":13.0,"enemies":"The Guardian","floor":16.0,"turns":19.0},{"damage":26.0,"enemies":"Spheric Guardian","floor":18.0,"turns":18.0},{"damage":10.0,"enemies":"Chosen","floor":19.0,"turns":9.0},{"damage":11.0,"enemies":"Sentry and Sphere","floor":21.0,"turns":16.0},{"damage":9,"enemies":"Cultist and Chosen","floor":24,"turns":8},{"damage":20,"enemies":"Centurion and Healer","floor":28,"turns":10},{"damage":16,"enemies":"Snake Plant","floor":31,"turns":9},{"damage":32,"enemies":"Champ","floor":33,"turns":17},{"damage":25,"enemies":"3 Darklings","floor":35,"turns":9},{"damage":12,"enemies":"Orb Walker","floor":37,"turns":3},{"damage":25,"enemies":"Nemesis","floor":40,"turns":7},{"damage":15,"enemies":"Spire Growth","floor":42,"turns":6},{"damage":64,"enemies":"Transient","floor":44,"turns":5},{"damage":37,"enemies":"Jaw Worm Horde","floor":45,"turns":4}],"seed_played":"-6325334566741130277","potions_obtained":[{"floor":1.0,"key":"SteroidPotion"},{"floor":4.0,"key":"SkillPotion"},{"floor":7.0,"key":"EssenceOfSteel"},{"floor":8.0,"key":"Regen Potion"},{"floor":12.0,"key":"Block Potion"},{"floor":14.0,"key":"FearPotion"},{"floor":21.0,"key":"Regen Potion"},{"floor":24,"key":"Dexterity Potion"},{"floor":44,"key":"Energy Potion"}],"is_trial":false,"path_per_floor":["M","M","M","M","M","R","E","?","T","E","R","M","R","M","R","B",null,"M","M","$","M","$","R","M","R","T","R","M","$","?","M","R","B",null,"M","$","M","$","?","E","R","M","T","M","M"],"character_chosen":"IRONCLAD","items_purchased":["Flash of Steel","Metallicize","Immolate+1","Ghostly Armor","Corruption","Reaper+1"],"campfire_rested":4,"item_purchase_floors":[22,29,29,29,36,38],"current_hp_per_floor":[80,80,74,72,57,57,18,18,18,13,37,43,43,46,46,39,80,60,56,56,51,51,51,48,48,48,72,58,58,52,42,66,55,80,61,61,55,55,55,46,70,66,66,13,0],"gold":97,"neow_bonus":"HUNDRED_GOLD","is_prod":false,"is_daily":false,"chose_seed":false,"campfire_upgraded":5,"win_rate":0,"timestamp":1551034597,"path_taken":["M","M","M","M","M","R","E","?","T","E","R","?","R","M","R","BOSS","M","M","$","?","$","R","M","R","T","R","M","$","?","M","R","BOSS","M","$","M","$","?","E","R","M","T","M","M"],"build_version":"2019-01-23","purchased_purges":2,"victory":false,"max_hp_per_floor":[80,80,80,80,80,80,80,80,80,80,80,80,80,80,80,80,80,80,80,80,80,80,80,80,80,80,80,80,80,80,80,80,80,80,80,80,80,80,80,80,80,80,80,80,80],"card_choices":[{"not_picked":["Rupture","Anger"],"picked":"Armaments","floor":1.0},{"not_picked":["Heavy Blade","Carnage"],"picked":"True Grit","floor":2.0},{"not_picked":["Body Slam","Corruption"],"picked":"Disarm","floor":3.0},{"not_picked":["Cleave","Thunderclap","Clash"],"picked":"SKIP","floor":4.0},{"not_picked":["Havoc","Iron Wave"],"picked":"Power Through","floor":5.0},{"not_picked":["Bloodletting","Blood for Blood"],"picked":"Clothesline","floor":7.0},{"not_picked":["Pommel Strike","Clash"],"picked":"Exhume","floor":10.0},{"not_picked":["Pommel Strike","Corruption"],"picked":"Battle Trance","floor":12.0},{"not_picked":["Entrench","Pummel"],"picked":"Limit Break","floor":14.0},{"not_picked":["Impervious","Limit Break"],"picked":"Dark Embrace","floor":16.0},{"not_picked":["Sword Boomerang","Wild Strike+1"],"picked":"True Grit+1","floor":18.0},{"not_picked":["Warcry","Burning Pact","Armaments"],"picked":"SKIP","floor":19.0},{"not_picked":["Combust+1","Battle Trance"],"picked":"Headbutt","floor":21.0},{"not_picked":["Uppercut+1","Shrug It Off"],"picked":"Spot Weakness","floor":24},{"not_picked":["Body Slam+1","Wild Strike+1"],"picked":"Shrug It Off+1","floor":28},{"not_picked":["Thunderclap+1","True Grit"],"picked":"Dual Wield+1","floor":31},{"not_picked":["Bludgeon+1","Immolate+1"],"picked":"Juggernaut","floor":33},{"not_picked":["Infernal Blade+1","Sword Boomerang+1"],"picked":"Body Slam+1","floor":35},{"not_picked":["Shrug It Off+1","Cleave+1"],"picked":"Sentinel","floor":37},{"not_picked":["Havoc+1","Ghostly Armor+1"],"picked":"Feel No Pain+1","floor":40},{"not_picked":["Clash+1","Twin Strike+1"],"picked":"Disarm+1","floor":42},{"not_picked":["Shrug It Off+1","Inflame+1"],"picked":"Flex+1","floor":44}],"player_experience":409674,"relics_obtained":[{"floor":7.0,"key":"Charon\u0027s Ashes"},{"floor":9.0,"key":"Boot"},{"floor":10.0,"key":"Oddly Smooth Stone"},{"floor":26,"key":"Molten Egg 2"},{"floor":40,"key":"Orichalcum"},{"floor":43,"key":"Bag of Preparation"}],"event_choices":[{"damage_healed":0.0,"max_hp_gain":0.0,"max_hp_loss":0.0,"gold_gain":0.0,"event_name":"The Woman in Blue","player_choice":"Bought 2 Potions","floor":8.0,"gold_loss":0.0,"damage_taken":0.0},{"damage_healed":0,"gold_gain":0,"player_choice":"Joined the Cult","damage_taken":6,"max_hp_gain":0,"max_hp_loss":0,"event_name":"Nest","floor":30,"gold_loss":0,"cards_obtained":["RitualDagger"]},{"damage_healed":0,"gold_gain":0,"player_choice":"Ignored","damage_taken":0,"max_hp_gain":0,"max_hp_loss":0,"event_name":"Mysterious Sphere","floor":39,"gold_loss":0}],"is_beta":false,"boss_relics":[{"not_picked":["Snecko Eye","Eternal Feather"],"picked":"Astrolabe"},{"not_picked":["Cursed Key","Calling Bell"],"picked":"Mark of Pain"}],"items_purged_floors":[20,22],"is_endless":false,"potions_floor_spawned":[1,4,7,12,14,21,24,28,44],"killed_by":"Jaw Worm Horde","ascension_level":0}