{"gold_per_floor":[116,116,131,131,306,306,67,93,93,110,110,138,138,158,158,257,257,277,111,111,72,347,382,382,408,457,457,476,476,509,526,526,526],"floor_reached":33,"playtime":1848,"items_purged":["Doubt"],"score":518,"play_id":"2d9e7964-fc19-49bd-b8e9-a73d7bbd4d69","local_time":"20190220132850","is_ascension_mode":true,"campfire_choices":[{"data":"Zap","floor":6,"key":"SMITH"},{"data":"Dualcast","floor":11,"key":"SMITH"},{"data":"Redo","floor":15,"key":"SMITH"},{"floor":24,"key":"REST"},{"data":"Electrodynamics","floor":27,"key":"SMITH"},{"data":"Loop","floor":29,"key":"SMITH"},{"floor":32,"key":"REST"}],"neow_cost":"NONE","seed_source_timestamp":444329136374000,"circlet_count":0,"master_deck":["Strike_B","Strike_B","Strike_B","Defend_B","Defend_B","Defend_B","Defend_B","Zap+1","Dualcast+1","Redo+1","Cold Snap+1","Coolheaded","Cold Snap+1","Genetic Algorithm","Electrodynamics+1","Loop+1","Storm+1","Storm+1","Regret","Darkness+1","Coolheaded","White Noise+1","Ball Lightning"],"relics":["Cracked Core","NeowsBlessing","Incense Burner","Membership Card","Happy Flower","Art of War","Singing Bowl","White Beast Statue","Frozen Egg 2","Bottled Flame","Whetstone","Shuriken"],"potions_floor_usage":[12,16,18,23,28,30,30,30,30,33,33,33],"damage_taken":[{"damage":0,"enemies":"Jaw Worm","floor":1,"turns":1},{"damage":0,"enemies":"Small Slimes","floor":3,"turns":1},{"damage":0,"enemies":"Lagavulin","floor":8,"turns":1},{"damage":5,"enemies":"2 Louse","floor":10,"turns":2},{"damage":11,"enemies":"Gremlin Nob","floor":12,"turns":5},{"damage":16,"enemies":"Exordium Thugs","floor":14,"turns":4},{"damage":0,"enemies":"Slime Boss","floor":16,"turns":14},{"damage":1,"enemies":"Chosen","floor":18,"turns":5},{"damage":40,"enemies":"Slavers","floor":23,"turns":3},{"damage":10,"enemies":"Gremlin Leader","floor":25,"turns":6},{"damage":21,"enemies":"2 Thieves","floor":28,"turns":4},{"damage":22,"enemies":"Slavers","floor":30,"turns":3},{"damage":0,"enemies":"Sentry and Sphere","floor":31,"turns":3},{"damage":43,"enemies":"Automaton","floor":33,"turns":6}],"seed_played":"6709707850390468903","potions_obtained":[{"floor":1,"key":"Fruit Juice"},{"floor":8,"key":"FocusPotion"},{"floor":13,"key":"Weak Potion"},{"floor":13,"key":"AttackPotion"},{"floor":18,"key":"Fire Potion"},{"floor":23,"key":"Fruit Juice"},{"floor":25,"key":"EntropicBrew"},{"floor":28,"key":"EntropicBrew"},{"floor":30,"key":"Fire Potion"},{"floor":31,"key":"Poison Potion"}],"is_trial":false,"path_per_floor":["M","?","M","T","?","R","$","E","T","M","R","E","?","M","R","B",null,"M","$","?","$","?","E","R","E","T","R","M","R","E","M","R","B"],"character_chosen":"DEFECT","items_purchased":["Membership Card","Frozen Egg 2","Storm+1","Storm+1"],"campfire_rested":2,"item_purchase_floors":[7,19,19,21],"current_hp_per_floor":[68,61,61,61,61,61,61,61,61,56,56,50,50,36,36,36,71,70,70,70,70,70,32,57,47,47,47,31,31,9,9,35,0],"gold":526,"neow_bonus":"THREE_ENEMY_KILL","is_prod":false,"is_daily":false,"chose_seed":false,"campfire_upgraded":5,"win_rate":0,"timestamp":1550665730,"path_taken":["M","?","M","?","?","R","$","E","T","M","R","E","?","?","R","BOSS","M","$","?","$","?","E","R","E","T","R","M","R","E","?","R","BOSS"],"build_version":"2019-01-23","purchased_purges":1,"victory":false,"max_hp_per_floor":[75,75,75,75,75,75,75,75,75,75,75,80,80,82,82,82,82,82,82,82,82,82,84,84,84,84,84,89,89,89,89,89,89],"card_choices":[{"not_picked":["Sweeping Beam","Conserve Battery"],"picked":"Redo","floor":1},{"not_picked":["Coolheaded","Leap"],"picked":"Cold Snap","floor":3},{"not_picked":["Barrage","Meteor Strike"],"picked":"Coolheaded","floor":8},{"not_picked":["Beam Cell","Static Discharge"],"picked":"Cold Snap","floor":10},{"not_picked":["Beam Cell","Amplify"],"picked":"Genetic Algorithm","floor":12},{"not_picked":["Tempest","Sweeping Beam","Gash"],"picked":"Singing Bowl","floor":14},{"not_picked":["Meteor Strike","Core Surge"],"picked":"Electrodynamics","floor":16},{"not_picked":["Gash","Compile Driver"],"picked":"Loop","floor":18},{"not_picked":["Redo","Barrage","Steam"],"picked":"Singing Bowl","floor":23},{"not_picked":["Steam Power+1","Streamline"],"picked":"Darkness+1","floor":25},{"not_picked":["Melter","Scrape"],"picked":"Coolheaded","floor":28},{"not_picked":["Skim+1","Chaos"],"picked":"White Noise+1","floor":30},{"not_picked":["Static Discharge+1","Barrage"],"picked":"Ball Lightning","floor":31}],"player_experience":234085,"relics_obtained":[{"floor":4,"key":"Incense Burner"},{"floor":8,"key":"Happy Flower"},{"floor":9,"key":"Art of War"},{"floor":12,"key":"Singing Bowl"},{"floor":23,"key":"Bottled Flame"},{"floor":25,"key":"Whetstone"},{"floor":30,"key":"Shuriken"}],"event_choices":[{"cards_removed":["Strike_B"],"damage_healed":0,"gold_gain":0,"player_choice":"Card Removal","damage_taken":7,"max_hp_gain":0,"max_hp_loss":0,"event_name":"Golden Wing","floor":2,"gold_loss":0},{"damage_healed":0,"gold_gain":175,"player_choice":"AGREE","damage_taken":0,"max_hp_gain":0,"max_hp_loss":0,"event_name":"Liars Game","floor":5,"gold_loss":0,"cards_obtained":["Doubt"]},{"damage_healed":0,"gold_gain":0,"player_choice":"Got Potions","damage_taken":0,"max_hp_gain":0,"max_hp_loss":0,"event_name":"Lab","floor":13,"gold_loss":0},{"damage_healed":0,"gold_gain":0,"player_choice":"Ignored","damage_taken":0,"max_hp_gain":0,"max_hp_loss":0,"event_name":"Beggar","floor":20,"gold_loss":0},{"damage_healed":0,"gold_gain":275,"player_choice":"Desecrate","damage_taken":0,"max_hp_gain":0,"max_hp_loss":0,"event_name":"Golden Shrine","floor":22,"gold_loss":0,"cards_obtained":["Regret"]}],"is_beta":false,"boss_relics":[{"not_picked":["Coffee Dripper","Ectoplasm"],"picked":"White Beast Statue"}],"items_purged_floors":[7],"is_endless":false,"potions_floor_spawned":[1,8,14,18,23,25,28,30,31],"killed_by":"Automaton","ascension_level":7}