{"gold_per_floor":[117,137,87,87,87,114,134,164,164,164,183,216,231,247,247,344,344,355,366,366,466,27,27,27,27,73,87,101,136,136,61,61,165,165,183,183,197,211,225,225,253,253,253,288,388,388,421,441,441,441,441,441,122,155,155],"floor_reached":56,"playtime":8274,"items_purged":["Heel Hook"],"score":1597,"play_id":"762d35d0-cabb-40c2-95a7-2978d3e70e1d","local_time":"20190209163633","is_ascension_mode":true,"campfire_choices":[{"data":"Envenom","floor":10.0,"key":"SMITH"},{"data":"Blade Dance","floor":15.0,"key":"SMITH"},{"data":"After Image","floor":23.0,"key":"SMITH"},{"floor":25.0,"key":"REST"},{"floor":30.0,"key":"REST"},{"data":"Deflect","floor":32.0,"key":"SMITH"},{"data":"A Thousand Cuts","floor":40.0,"key":"SMITH"},{"data":"Burst","floor":42.0,"key":"SMITH"},{"data":"1","floor":46.0,"key":"LIFT"},{"floor":49,"key":"RECALL"},{"data":"2","floor":52,"key":"LIFT"}],"neow_cost":"NONE","seed_source_timestamp":933546685078000,"circlet_count":0,"master_deck":["Survivor","Neutralize","Cloak And Dagger","Cloak And Dagger","Envenom+1","Blade Dance+1","Infinite Blades","Terror","Infinite Blades","PiercingWail","Well Laid Plans","After Image+1","Burst+1","Corpse Explosion","Acrobatics","Blade Dance","Storm of Steel","Flying Knee","Die Die Die","Endless Agony","Noxious Fumes+1","Deflect+1","Accuracy","Cloak And Dagger","PiercingWail+1","A Thousand Cuts+1","Prepared+1","Escape Plan","Blur+1","Cloak And Dagger+1","Backstab+1","Crippling Poison+1","Blade Dance+1","Calculated Gamble"],"special_seed":0,"relics":["Ring of the Snake","NeowsBlessing","Darkstone Periapt","Spirit Poop","Matryoshka","Pen Nib","Bottled Tornado","Vajra","Pandora\u0027s Box","FossilizedHelix","Shuriken","Snake Skull","Turnip","Oddly Smooth Stone","Dream Catcher","Shovel","Runic Pyramid","Girya","Tingsha","Frozen Egg 2","Bird Faced Urn","Regal Pillow","Ninja Scroll","StoneCalendar"],"potions_floor_usage":[55,55],"damage_taken":[{"damage":0.0,"enemies":"2 Louse","floor":1.0,"turns":1.0},{"damage":0.0,"enemies":"Small Slimes","floor":2.0,"turns":1.0},{"damage":0.0,"enemies":"Gremlin Nob","floor":6.0,"turns":1.0},{"damage":0.0,"enemies":"Cultist","floor":7.0,"turns":5.0},{"damage":16.0,"enemies":"Lagavulin","floor":8.0,"turns":8.0},{"damage":6.0,"enemies":"3 Louse","floor":11.0,"turns":4.0},{"damage":22.0,"enemies":"Gremlin Nob","floor":12.0,"turns":4.0},{"damage":0.0,"enemies":"Looter","floor":13.0,"turns":3.0},{"damage":4.0,"enemies":"Exordium Wildlife","floor":14.0,"turns":5.0},{"damage":0.0,"enemies":"The Guardian","floor":16.0,"turns":10.0},{"damage":9.0,"enemies":"Chosen","floor":18.0,"turns":5.0},{"damage":10.0,"enemies":"Spheric Guardian","floor":19.0,"turns":4.0},{"damage":25.0,"enemies":"Colosseum Slavers","floor":21.0,"turns":4.0},{"damage":4.0,"enemies":"Colosseum Nobs","floor":21.0,"turns":4.0},{"damage":0.0,"enemies":"3 Cultists","floor":27.0,"turns":4.0},{"damage":0.0,"enemies":"Sentry and Sphere","floor":28.0,"turns":4.0},{"damage":34.0,"enemies":"Slavers","floor":29.0,"turns":6.0},{"damage":0.0,"enemies":"Automaton","floor":33.0,"turns":7.0},{"damage":0.0,"enemies":"3 Darklings","floor":35.0,"turns":5.0},{"damage":0.0,"enemies":"3 Shapes","floor":37.0,"turns":3.0},{"damage":0.0,"enemies":"Maw","floor":38.0,"turns":6.0},{"damage":0.0,"enemies":"Spire Growth","floor":39.0,"turns":4.0},{"damage":0.0,"enemies":"Reptomancer","floor":41.0,"turns":6.0},{"damage":0.0,"enemies":"Nemesis","floor":44.0,"turns":5.0},{"damage":0.0,"enemies":"Mind Bloom Boss Battle","floor":45.0,"turns":6.0},{"damage":0.0,"enemies":"Giant Head","floor":47.0,"turns":4.0},{"damage":0.0,"enemies":"4 Shapes","floor":48.0,"turns":6.0},{"damage":26,"enemies":"Awakened One","floor":50,"turns":9},{"damage":21,"enemies":"Shield and Spear","floor":54,"turns":5},{"damage":28,"enemies":"The Heart","floor":55,"turns":8}],"seed_played":"5330639129729492072","potions_obtained":[{"floor":6.0,"key":"PowerPotion"},{"floor":8.0,"key":"AttackPotion"},{"floor":11.0,"key":"LiquidBronze"},{"floor":12.0,"key":"EssenceOfSteel"},{"floor":16.0,"key":"EssenceOfSteel"},{"floor":21.0,"key":"SteroidPotion"},{"floor":33.0,"key":"Explosive Potion"},{"floor":37.0,"key":"FearPotion"},{"floor":38.0,"key":"Block Potion"},{"floor":45.0,"key":"GhostInAJar"}],"is_trial":false,"path_per_floor":["M","M","?","?","?","E","M","E","T","R","M","E","M","M","R","B",null,"M","M","?","?","$","R","$","R","T","M","M","E","R","$","R","B",null,"M","?","M","M","M","R","E","R","T","E","?","R","E","M","R","B",null,"R","$","E","B",null],"character_chosen":"THE_SILENT","items_purchased":["Snake Skull","Turnip","Ninja Scroll","EssenceOfSteel"],"campfire_rested":2,"item_purchase_floors":[22,22,53,53],"current_hp_per_floor":[70,70,70,76,76,76,76,60,60,60,54,32,32,28,28,28,76,67,57,43,14,14,14,14,38,38,38,38,4,28,28,28,28,81,81,81,81,81,81,81,81,81,81,81,81,81,81,81,81,60,81,81,81,66,56],"gold":155,"neow_bonus":"THREE_ENEMY_KILL","is_prod":false,"is_daily":false,"chose_seed":false,"campfire_upgraded":6,"win_rate":0,"timestamp":1549726593,"path_taken":["M","M","?","?","?","E","?","E","T","R","M","E","M","M","R","BOSS","M","M","?","?","$","R","?","R","T","M","?","E","R","$","R","BOSS","M","?","?","M","M","R","E","R","T","E","?","R","E","M","R","BOSS","R","$","E","BOSS"],"build_version":"2019-01-23","purchased_purges":1,"victory":true,"max_hp_per_floor":[70,70,70,76,76,76,76,76,76,76,76,76,76,76,76,76,76,76,76,81,81,81,81,81,81,81,81,81,81,81,81,81,81,81,81,81,81,81,81,81,81,81,81,81,81,81,81,81,81,81,81,81,81,81,81],"card_choices":[{"not_picked":["Quick Slash","Outmaneuver"],"picked":"Cloak And Dagger","floor":1.0},{"not_picked":["Acrobatics","Underhanded Strike"],"picked":"Cloak And Dagger","floor":2.0},{"not_picked":["Quick Slash","Acrobatics"],"picked":"Envenom","floor":6.0},{"not_picked":["Quick Slash","Deadly Poison"],"picked":"Blade Dance","floor":7.0},{"not_picked":["Well Laid Plans","Unload"],"picked":"Infinite Blades","floor":8.0},{"not_picked":["Dodge and Roll","Underhanded Strike"],"picked":"Terror","floor":11.0},{"not_picked":["Bane","Blur"],"picked":"Infinite Blades","floor":12.0},{"not_picked":["Deflect","Underhanded Strike"],"picked":"PiercingWail","floor":13.0},{"not_picked":["Outmaneuver","Eviscerate"],"picked":"Well Laid Plans","floor":14.0},{"not_picked":["Unload","Bullet Time"],"picked":"After Image","floor":16.0},{"not_picked":["Outmaneuver","Poisoned Stab"],"picked":"Deadly Poison","floor":18.0},{"not_picked":["Slice","Flying Knee+1","Masterful Stab+1"],"picked":"SKIP","floor":19.0},{"not_picked":["Bouncing Flask","Blur"],"picked":"Noxious Fumes+1","floor":21.0},{"not_picked":["Flying Knee","Deadly Poison"],"picked":"Deflect","floor":27.0},{"not_picked":["Tools of the Trade","Caltrops"],"picked":"Accuracy","floor":28.0},{"not_picked":["Masterful Stab+1","Deflect+1"],"picked":"Cloak And Dagger","floor":29.0},{"not_picked":["Dagger Throw","Cloak And Dagger"],"picked":"PiercingWail+1","floor":30.0},{"not_picked":["Venomology","Die Die Die"],"picked":"A Thousand Cuts","floor":33.0},{"not_picked":["Heel Hook+1","Distraction"],"picked":"Prepared+1","floor":35.0},{"not_picked":["Backflip","Eviscerate+1"],"picked":"Escape Plan","floor":37.0},{"not_picked":["Bouncing Flask","Bane"],"picked":"Blur+1","floor":38.0},{"not_picked":["Quick Slash","Flying Knee+1"],"picked":"Cloak And Dagger+1","floor":39.0},{"not_picked":["Flying Knee","Distraction+1"],"picked":"Backstab+1","floor":41.0},{"not_picked":["Crippling Poison","Phantasmal Killer","Flying Knee"],"picked":"SKIP","floor":44.0},{"not_picked":["Leg Sweep","Blade Dance+1"],"picked":"Crippling Poison+1","floor":45.0},{"not_picked":["Acrobatics+1","Dagger Spray+1"],"picked":"Blade Dance+1","floor":47.0},{"not_picked":["Endless Agony","Expertise","Quick Slash+1"],"picked":"SKIP","floor":48.0},{"not_picked":["Burst","Poisoned Stab+1"],"picked":"Calculated Gamble","floor":54}],"player_experience":87810,"relics_obtained":[{"floor":6.0,"key":"Matryoshka"},{"floor":8.0,"key":"Pen Nib"},{"floor":9.0,"key":"Bottled Tornado"},{"floor":12.0,"key":"Vajra"},{"floor":21.0,"key":"FossilizedHelix"},{"floor":21.0,"key":"Shuriken"},{"floor":26.0,"key":"Oddly Smooth Stone"},{"floor":26.0,"key":"Dream Catcher"},{"floor":29.0,"key":"Shovel"},{"floor":41.0,"key":"Girya"},{"floor":43.0,"key":"Tingsha"},{"floor":44.0,"key":"Frozen Egg 2"},{"floor":45.0,"key":"Bird Faced Urn"},{"floor":47.0,"key":"Regal Pillow"},{"floor":54,"key":"StoneCalendar"}],"event_choices":[{"cards_removed":["Defend_G"],"damage_healed":0.0,"max_hp_gain":0.0,"max_hp_loss":0.0,"gold_gain":0.0,"event_name":"The Cleric","player_choice":"Card Removal","floor":3.0,"gold_loss":50.0,"damage_taken":0.0},{"damage_healed":0.0,"max_hp_gain":0.0,"max_hp_loss":0.0,"gold_gain":0.0,"event_name":"Big Fish","player_choice":"Box","floor":4.0,"gold_loss":0.0,"damage_taken":0.0,"relics_obtained":["Darkstone Periapt"],"cards_obtained":["Regret"]},{"cards_removed":["Regret"],"damage_healed":0.0,"max_hp_gain":0.0,"max_hp_loss":0.0,"gold_gain":0.0,"event_name":"Bonfire Elementals","player_choice":"Offered Curse","floor":5.0,"gold_loss":0.0,"damage_taken":0.0,"relics_obtained":["Spirit Poop"]},{"damage_healed":0.0,"max_hp_gain":5.0,"max_hp_loss":0.0,"gold_gain":0.0,"event_name":"Forgotten Altar","player_choice":"Shed Blood","floor":20.0,"gold_loss":0.0,"damage_taken":19.0},{"damage_healed":0.0,"max_hp_gain":0.0,"max_hp_loss":0.0,"gold_gain":0.0,"event_name":"Colosseum","player_choice":"Fight","floor":21.0,"gold_loss":0.0,"damage_taken":0.0},{"damage_healed":0.0,"max_hp_gain":0.0,"max_hp_loss":0.0,"gold_gain":0.0,"event_name":"Colosseum","player_choice":"Fought Nobs","floor":21.0,"gold_loss":0.0,"damage_taken":0.0},{"cards_removed":["Deadly Poison"],"damage_healed":0.0,"max_hp_gain":0.0,"max_hp_loss":0.0,"gold_gain":0.0,"event_name":"Purifier","player_choice":"Purged","floor":36.0,"gold_loss":0.0,"damage_taken":0.0},{"damage_healed":0.0,"max_hp_gain":0.0,"max_hp_loss":0.0,"gold_gain":0.0,"event_name":"MindBloom","player_choice":"Fight","floor":45.0,"gold_loss":0.0,"damage_taken":0.0}],"is_beta":false,"boss_relics":[{"not_picked":["Empty Cage","Sozu"],"picked":"Pandora\u0027s Box"},{"not_picked":["Tiny House","Calling Bell"],"picked":"Runic Pyramid"}],"items_purged_floors":[31],"is_endless":false,"potions_floor_spawned":[6,8,11,12,16,21,27,29,33,37,38,44,45],"ascension_level":3}