{"gold_per_floor":[109,119,136,136,311,347,360,360,385,385,428,428,399,415,415,415],"floor_reached":16,"playtime":2933,"items_purged":[],"score":110,"play_id":"c746a465-d940-4176-91d4-035110603354","local_time":"20180701004350","is_ascension_mode":false,"campfire_choices":[{"floor":8,"key":"REST"},{"floor":10,"key":"REST"},{"floor":15,"key":"REST"}],"neow_cost":"","seed_source_timestamp":282937819601245,"circlet_count":0,"master_deck":["Strike_B","Strike_B","Strike_B","Strike_B","Defend_B","Defend_B+1","Defend_B","Defend_B","Zap","Dualcast","Stack","Storm","Melter","Injury","Doubt","Double Energy+1","Rebound"],"relics":["Cracked Core","Golden Idol","Omamori","Regal Pillow","Bag of Preparation"],"potions_floor_usage":[7,11,11,16],"damage_taken":[{"damage":1,"enemies":"Cultist","floor":1,"turns":4},{"damage":1,"enemies":"Jaw Worm","floor":2,"turns":4},{"damage":0,"enemies":"2 Louse","floor":3,"turns":2},{"damage":27,"enemies":"3 Sentries","floor":6,"turns":9},{"damage":37,"enemies":"Exordium Wildlife","floor":7,"turns":7},{"damage":15,"enemies":"Lagavulin","floor":11,"turns":7},{"damage":2,"enemies":"Looter","floor":14,"turns":3},{"damage":75,"enemies":"Hexaghost","floor":16,"turns":11}],"seed_played":"8286575042731994461","potions_obtained":[{"floor":3,"key":"GamblersBrew"},{"floor":6,"key":"Weak Potion"},{"floor":7,"key":"PowerPotion"},{"floor":11,"key":"EssenceOfSteel"}],"is_trial":false,"path_per_floor":["M","M","M","?","?","E","M","R","T","R","E","?","?","M","R"],"character_chosen":"DEFECT","items_purchased":[],"campfire_rested":3,"item_purchase_floors":[],"current_hp_per_floor":[74,73,73,73,73,46,9,31,31,68,53,38,38,36,73,0],"gold":415,"neow_bonus":"","is_prod":false,"is_daily":false,"chose_seed":false,"campfire_upgraded":0,"win_rate":0.0,"timestamp":1530420230,"path_taken":["M","?","M","?","?","E","M","R","T","R","E","?","?","M","R","BOSS"],"build_version":"2018-06-28","purchased_purges":0,"victory":false,"max_hp_per_floor":[75,75,75,75,75,75,75,75,75,75,75,75,75,75,75,75],"card_choices":[{"not_picked":["Self Repair","Beam Cell"],"picked":"Stack","floor":1},{"not_picked":["Reinforced Body","Stack"],"picked":"Storm","floor":2},{"not_picked":["Skim","Loop"],"picked":"Melter","floor":3},{"not_picked":["Coolheaded","Scrape"],"picked":"Double Energy","floor":6},{"not_picked":["Melter","Blizzard","Coolheaded"],"picked":"SKIP","floor":7},{"not_picked":["Steam","Barrage","Go for the Eyes"],"picked":"SKIP","floor":11},{"not_picked":["Beam Cell","Barrage"],"picked":"Rebound","floor":14}],"player_experience":35128,"relics_obtained":[{"floor":6,"key":"Omamori"},{"floor":9,"key":"Regal Pillow"},{"floor":11,"key":"Bag of Preparation"}],"event_choices":[{"event_name":"Golden Idol","player_choice":"Take Wound","floor":4,"damage_taken":0},{"event_name":"Liars Game","player_choice":"agreed","floor":5,"damage_taken":0},{"event_name":"Shining Light","player_choice":"Entered Light","floor":12,"damage_taken":0},{"event_name":"World of Goop","player_choice":"Left","floor":13,"damage_taken":0}],"boss_relics":[],"items_purged_floors":[],"is_endless":false,"potions_floor_spawned":[3,6,7,11],"killed_by":"Hexaghost","ascension_level":0}