{"gold_per_floor":[359,359,359,373,373,373,398,398,478,252,264,290,310,11,11,111,111,124,223,27,27,27,60,60,60,110,110,84,84,101,112,112,112],"floor_reached":33,"playtime":1429,"items_purged":["Strike_R"],"score":388,"play_id":"4e0bb7d8-0440-4d02-a621-e47be5711090","local_time":"20190210232344","is_ascension_mode":true,"campfire_choices":[{"floor":6,"key":"REST"},{"floor":8,"key":"REST"},{"floor":15,"key":"REST"},{"data":"Feed","floor":24,"key":"SMITH"},{"data":"Pommel Strike","floor":27,"key":"SMITH"},{"data":"Pommel Strike","floor":32,"key":"SMITH"}],"neow_cost":"PERCENT_DAMAGE","seed_source_timestamp":2545120547880997,"circlet_count":0,"master_deck":["Defend_R","Defend_R","Defend_R","Bash+1","Shrug It Off","Flex","Heavy Blade+1","Pommel Strike+1","Battle Trance","Flex","Pommel Strike+1","Feed+1","Iron Wave+1","Bite+1","Bite+1","Bite+1","Bite+1","Bite+1","Shrug It Off","Shame","Feed+1"],"relics":["Burning Blood","Happy Flower","Letter Opener","Ancient Tea Set","Bag of Marbles","PreservedInsect","Bronze Scales","Mark of Pain","Membership Card","Molten Egg 2","Whetstone","Shuriken"],"potions_floor_usage":[7,16,16,31,33],"damage_taken":[{"damage":7,"enemies":"2 Louse","floor":1,"turns":4},{"damage":0,"enemies":"Cultist","floor":4,"turns":3},{"damage":30,"enemies":"Gremlin Nob","floor":7,"turns":4},{"damage":0,"enemies":"Jaw Worm","floor":11,"turns":3},{"damage":32,"enemies":"3 Sentries","floor":12,"turns":8},{"damage":0,"enemies":"3 Louse","floor":13,"turns":1},{"damage":1,"enemies":"Slime Boss","floor":16,"turns":7},{"damage":6,"enemies":"3 Byrds","floor":18,"turns":3},{"damage":18,"enemies":"Book of Stabbing","floor":23,"turns":3},{"damage":4,"enemies":"Shell Parasite","floor":30,"turns":2},{"damage":1,"enemies":"3 Cultists","floor":31,"turns":3},{"damage":73,"enemies":"Automaton","floor":33,"turns":6}],"seed_played":"-6288642064536401868","potions_obtained":[{"floor":4,"key":"Swift Potion"},{"floor":7,"key":"Weak Potion"},{"floor":12,"key":"Strength Potion"},{"floor":18,"key":"FearPotion"},{"floor":30,"key":"SteroidPotion"}],"is_trial":false,"path_per_floor":["M","?","?","M","?","R","E","R","T","$","M","E","M","$","R","B",null,"M","?","$","?","$","E","R","?","T","R","$","?","M","M","R","B"],"character_chosen":"IRONCLAD","items_purchased":["Ancient Tea Set","PreservedInsect","Bronze Scales","Membership Card","Shrug It Off"],"campfire_rested":3,"item_purchase_floors":[10,14,14,20,28],"current_hp_per_floor":[50,55,38,44,44,69,45,70,70,70,76,50,56,56,81,85,85,88,88,88,88,88,79,79,63,63,63,63,63,63,63,63,0],"gold":112,"neow_bonus":"TWO_FIFTY_GOLD","is_prod":false,"is_daily":false,"chose_seed":false,"campfire_upgraded":3,"win_rate":0,"timestamp":1549869824,"path_taken":["M","?","?","M","?","R","E","R","T","$","?","E","M","$","R","BOSS","M","?","$","?","$","E","R","?","T","R","?","?","M","?","R","BOSS"],"build_version":"2019-01-23","purchased_purges":1,"victory":false,"max_hp_per_floor":[80,85,85,85,85,85,85,85,85,85,85,85,85,85,85,85,85,88,88,88,88,88,91,91,63,63,63,63,63,63,63,63,63],"card_choices":[{"not_picked":["Sword Boomerang","Whirlwind"],"picked":"Shrug It Off","floor":1},{"not_picked":["Anger","Sword Boomerang"],"picked":"Flex","floor":4},{"not_picked":["Fire Breathing","Flex"],"picked":"Pommel Strike","floor":7},{"not_picked":["Corruption","Burning Pact"],"picked":"Battle Trance","floor":11},{"not_picked":["Searing Blow","Warcry"],"picked":"Flex","floor":12},{"not_picked":["Clash","Armaments"],"picked":"Pommel Strike","floor":13},{"not_picked":["Bludgeon","Impervious"],"picked":"Feed","floor":16},{"not_picked":["Body Slam+1","Anger+1"],"picked":"Iron Wave+1","floor":18},{"not_picked":["Flex","Perfected Strike+1","Anger+1"],"picked":"SKIP","floor":23},{"not_picked":["Clash+1","Flex","Body Slam+1"],"picked":"SKIP","floor":30},{"not_picked":["Shrug It Off","Flex"],"picked":"Feed+1","floor":31}],"player_experience":346760,"relics_obtained":[{"floor":7,"key":"Happy Flower"},{"floor":9,"key":"Letter Opener"},{"floor":12,"key":"Bag of Marbles"},{"floor":23,"key":"Molten Egg 2"},{"floor":26,"key":"Whetstone"}],"event_choices":[{"damage_healed":0,"gold_gain":0,"player_choice":"Donut","damage_taken":0,"max_hp_gain":5,"max_hp_loss":0,"event_name":"Big Fish","floor":2,"gold_loss":0},{"damage_healed":0,"gold_gain":0,"player_choice":"Entered Light","damage_taken":17,"max_hp_gain":0,"max_hp_loss":0,"event_name":"Shining Light","floor":3,"gold_loss":0,"cards_upgraded":["Strike_R","Strike_R"]},{"damage_healed":0,"gold_gain":0,"cards_transformed":["Defend_R"],"player_choice":"Transformed","damage_taken":0,"max_hp_gain":0,"max_hp_loss":0,"event_name":"Transmorgrifier","floor":5,"gold_loss":0,"cards_obtained":["Heavy Blade"]},{"damage_healed":0,"gold_gain":99,"player_choice":"Stole From Cult","damage_taken":0,"max_hp_gain":0,"max_hp_loss":0,"event_name":"Nest","floor":19,"gold_loss":0},{"damage_healed":0,"gold_gain":0,"player_choice":"Ignored","damage_taken":0,"max_hp_gain":0,"max_hp_loss":0,"event_name":"Beggar","floor":21,"gold_loss":0},{"damage_healed":0,"gold_gain":0,"player_choice":"Became a vampire","damage_taken":0,"max_hp_gain":0,"max_hp_loss":28,"event_name":"Vampires","floor":25,"gold_loss":0,"cards_obtained":["Bite","Bite","Bite","Bite","Bite"]},{"damage_healed":0,"gold_gain":0,"player_choice":"Stole Relic","damage_taken":0,"relics_obtained":["Shuriken"],"max_hp_gain":0,"max_hp_loss":0,"event_name":"Addict","floor":29,"gold_loss":0,"cards_obtained":["Shame"]}],"is_beta":false,"boss_relics":[{"not_picked":["Lizard Tail","Runic Cube"],"picked":"Mark of Pain"}],"items_purged_floors":[10],"is_endless":false,"potions_floor_spawned":[4,7,12,18,30],"killed_by":"Automaton","ascension_level":7}