{"gold_per_floor":[367,367,367,382,382,410,128,142,142,142,155,172,172,172,172,274,274,285,300,300,312,3,33,47,47,71,82,82,82],"floor_reached":29,"playtime":1893,"items_purged":["Defend_R"],"score":306,"play_id":"31ad2a1c-b478-4371-bd92-45316eb127df","local_time":"20190208115252","is_ascension_mode":true,"campfire_choices":[{"floor":13,"key":"REST"},{"data":"Flame Barrier","floor":15,"key":"SMITH"}],"neow_cost":"PERCENT_DAMAGE","seed_source_timestamp":2330398546243854,"circlet_count":0,"master_deck":["Strike_R","Strike_R","Strike_R","Strike_R","Defend_R","Defend_R","Defend_R","Bash","Spot Weakness","Madness","Shockwave","Cleave","Heavy Blade","Ghostly Armor","Apotheosis+1","Flame Barrier+1","Rage","Battle Trance","Seeing Red","Immolate","Pommel Strike","Iron Wave","Rampage","Whirlwind","Shrug It Off","Berserk+1","Flame Barrier","Heavy Blade+1"],"relics":["Burning Blood","NlothsMask","Gambling Chip","Orrery","Turnip","Anchor","Bottled Tornado","Vajra"],"potions_floor_usage":[6,19,23,27,27],"damage_taken":[{"damage":4,"enemies":"2 Louse","floor":1,"turns":3},{"damage":2,"enemies":"Cultist","floor":4,"turns":4},{"damage":29,"enemies":"Lagavulin","floor":6,"turns":7},{"damage":3,"enemies":"Small Slimes","floor":8,"turns":3},{"damage":5,"enemies":"Exordium Thugs","floor":11,"turns":4},{"damage":6,"enemies":"Red Slaver","floor":12,"turns":4},{"damage":1,"enemies":"The Guardian","floor":16,"turns":7},{"damage":11,"enemies":"Shell Parasite","floor":18,"turns":5},{"damage":4,"enemies":"Spheric Guardian","floor":19,"turns":4},{"damage":28,"enemies":"Snecko","floor":21,"turns":5},{"damage":18,"enemies":"Gremlin Leader","floor":23,"turns":4},{"damage":13,"enemies":"Snake Plant","floor":24,"turns":3},{"damage":1,"enemies":"Centurion and Healer","floor":27,"turns":7},{"damage":55,"enemies":"Book of Stabbing","floor":29,"turns":5}],"seed_played":"-8486194802363950372","potions_obtained":[{"floor":1,"key":"Dexterity Potion"},{"floor":11,"key":"EssenceOfSteel"},{"floor":12,"key":"BloodPotion"},{"floor":18,"key":"Block Potion"},{"floor":23,"key":"SneckoOil"},{"floor":24,"key":"SmokeBomb"}],"is_trial":false,"path_per_floor":["M","?","?","M","?","E","$","M","T","$","M","M","R","?","R","B",null,"M","M","?","M","$","E","M","T","T","M","?","E"],"character_chosen":"IRONCLAD","items_purchased":["Apotheosis","Flame Barrier","Turnip"],"campfire_rested":1,"item_purchase_floors":[7,7,22],"current_hp_per_floor":[58,63,63,67,67,44,44,47,47,47,48,48,73,73,73,78,83,78,80,80,58,58,54,47,47,47,52,52,0],"gold":82,"neow_bonus":"TWO_FIFTY_GOLD","is_prod":false,"is_daily":false,"chose_seed":false,"campfire_upgraded":1,"win_rate":0,"timestamp":1549655572,"path_taken":["M","?","?","?","?","E","$","M","T","?","M","M","R","?","R","BOSS","M","M","?","?","$","E","?","?","T","M","?","E"],"build_version":"2019-01-23","purchased_purges":1,"victory":false,"max_hp_per_floor":[80,85,85,85,85,85,85,85,85,85,85,85,85,85,85,85,85,85,85,85,85,85,85,85,85,85,85,85,85],"card_choices":[{"not_picked":["Body Slam","Headbutt"],"picked":"Spot Weakness","floor":1},{"not_picked":["Sword Boomerang","Metallicize"],"picked":"Heavy Blade","floor":4},{"not_picked":["Carnage","Bloodletting"],"picked":"Ghostly Armor","floor":6},{"not_picked":["Rupture","Bloodletting"],"picked":"Rage","floor":8},{"not_picked":["Rage","Cleave"],"picked":"Battle Trance","floor":11},{"not_picked":["Evolve","Dual Wield"],"picked":"Seeing Red","floor":12},{"not_picked":["Impervious","Brutality"],"picked":"Immolate","floor":16},{"not_picked":["Perfected Strike","Rage"],"picked":"Pommel Strike","floor":17},{"not_picked":["Clothesline","Flex"],"picked":"Iron Wave","floor":17},{"not_picked":["Body Slam","Clothesline"],"picked":"Rampage","floor":17},{"not_picked":["Rupture","Burning Pact"],"picked":"Whirlwind","floor":18},{"not_picked":["Cleave","Bloodletting","Searing Blow"],"picked":"SKIP","floor":19},{"not_picked":["Uppercut","Clothesline+1"],"picked":"Shrug It Off","floor":21},{"not_picked":["Clothesline","Bloodletting"],"picked":"Berserk","floor":23},{"not_picked":["Hemokinesis","Perfected Strike+1"],"picked":"Flame Barrier","floor":24},{"not_picked":["Body Slam+1","Bloodletting"],"picked":"Heavy Blade+1","floor":27}],"player_experience":275188,"relics_obtained":[{"floor":6,"key":"Gambling Chip"},{"floor":23,"key":"Anchor"},{"floor":25,"key":"Bottled Tornado"},{"floor":26,"key":"Vajra"}],"event_choices":[{"damage_healed":0,"gold_gain":0,"player_choice":"Donut","damage_taken":0,"max_hp_gain":5,"max_hp_loss":0,"event_name":"Big Fish","floor":2,"gold_loss":0},{"damage_healed":0,"gold_gain":0,"player_choice":"3 cards matched","damage_taken":0,"max_hp_gain":0,"max_hp_loss":0,"event_name":"Match and Keep!","floor":3,"gold_loss":0,"cards_obtained":["Madness","Shockwave","Cleave"]},{"damage_healed":0,"gold_gain":0,"player_choice":"Trade","damage_taken":0,"relics_obtained":["NlothsMask"],"max_hp_gain":0,"max_hp_loss":0,"event_name":"FaceTrader","floor":5,"gold_loss":0},{"damage_healed":0,"gold_gain":0,"player_choice":"Upgraded","damage_taken":0,"max_hp_gain":0,"max_hp_loss":0,"event_name":"Upgrade Shrine","floor":14,"gold_loss":0,"cards_upgraded":["Apotheosis"]},{"cards_removed":["Strike_R"],"damage_healed":0,"gold_gain":0,"player_choice":"Purged","damage_taken":0,"max_hp_gain":0,"max_hp_loss":0,"event_name":"Purifier","floor":20,"gold_loss":0},{"damage_healed":0,"gold_gain":0,"player_choice":"Forge","damage_taken":0,"max_hp_gain":0,"max_hp_loss":0,"event_name":"Accursed Blacksmith","floor":28,"gold_loss":0,"cards_upgraded":["Berserk"]}],"is_beta":false,"boss_relics":[{"not_picked":["White Beast Statue","Snecko Eye"],"picked":"Orrery"}],"items_purged_floors":[7],"is_endless":false,"potions_floor_spawned":[1,11,12,18,23,24],"killed_by":"Book of Stabbing","ascension_level":5}