{"gold_per_floor":[116,132,132,61,61,61,80,80,128,151,73,133,163,174,174,279,279,295,314,329,329,347,347,347],"floor_reached":24,"playtime":1330,"items_purged":[],"score":196,"play_id":"b736eb1b-b3ff-4426-a36d-1349ac0dd402","local_time":"20181229130641","is_ascension_mode":false,"campfire_choices":[{"data":"Inflame","floor":6.0,"key":"SMITH"},{"floor":15.0,"key":"REST"},{"floor":23,"key":"REST"}],"neow_cost":"PERCENT_DAMAGE","seed_source_timestamp":683932117681375,"circlet_count":0,"master_deck":["Strike_R","Strike_R","Strike_R","Strike_R","Strike_R","Defend_R","Defend_R","Defend_R","Defend_R","Bash+1","Impatience","Dark Shackles","Shrug It Off","Havoc","Inflame+1","Iron Wave","True Grit","Offering","Iron Wave","Shockwave","Thunderclap","Feel No Pain","Barricade","Body Slam","Pommel Strike","Headbutt+1","Shrug It Off","Feed"],"special_seed":0,"relics":["Burning Blood","Dream Catcher","Odd Mushroom","Happy Flower","Shuriken","Black Star","MutagenicStrength"],"potions_floor_usage":[22,22,22],"damage_taken":[{"damage":2.0,"enemies":"2 Louse","floor":1.0,"turns":4.0},{"damage":1.0,"enemies":"Small Slimes","floor":2.0,"turns":5.0},{"damage":6.0,"enemies":"Jaw Worm","floor":7.0,"turns":4.0},{"damage":22.0,"enemies":"The Mushroom Lair","floor":10.0,"turns":5.0},{"damage":22.0,"enemies":"3 Sentries","floor":12.0,"turns":11.0},{"damage":20.0,"enemies":"Gremlin Nob","floor":13.0,"turns":4.0},{"damage":0.0,"enemies":"Exordium Thugs","floor":14.0,"turns":5.0},{"damage":18.0,"enemies":"Hexaghost","floor":16.0,"turns":10.0},{"damage":38.0,"enemies":"Spheric Guardian","floor":18.0,"turns":7.0},{"damage":16.0,"enemies":"Chosen","floor":19.0,"turns":6.0},{"damage":37,"enemies":"Snecko","floor":20,"turns":7},{"damage":6,"enemies":"Centurion and Healer","floor":22,"turns":6},{"damage":34,"enemies":"Book of Stabbing","floor":24,"turns":5}],"seed_played":"2600378856493473699","potions_obtained":[{"floor":1.0,"key":"SteroidPotion"},{"floor":2.0,"key":"Energy Potion"},{"floor":10.0,"key":"SkillPotion"},{"floor":16.0,"key":"Poison Potion"},{"floor":18.0,"key":"PowerPotion"}],"is_trial":false,"path_per_floor":["M","M","?","$","?","R","M","$","T","?","$","?","E","M","R","B",null,"M","M","M","?","M","R","E"],"character_chosen":"IRONCLAD","items_purchased":["Inflame","Offering"],"campfire_rested":2,"item_purchase_floors":[4,11],"current_hp_per_floor":[60,65,65,65,58,58,58,58,58,42,42,26,12,18,42,30,80,48,38,7,7,7,31,0],"gold":347,"neow_bonus":"RANDOM_COLORLESS_2","is_prod":false,"is_daily":false,"chose_seed":false,"campfire_upgraded":1,"win_rate":0,"timestamp":1546081601,"path_taken":["M","M","?","$","?","R","M","$","T","?","$","?","E","?","R","BOSS","M","M","M","?","M","R","E"],"build_version":"2018-12-20","purchased_purges":0,"victory":false,"max_hp_per_floor":[80,80,80,80,80,80,80,80,80,80,80,80,80,80,80,80,80,80,80,80,80,80,80,80],"card_choices":[{"not_picked":["Rage","Dropkick"],"picked":"Shrug It Off","floor":1.0},{"not_picked":["Perfected Strike","Anger"],"picked":"Havoc","floor":2.0},{"not_picked":["Sword Boomerang","Pommel Strike"],"picked":"Iron Wave","floor":7.0},{"not_picked":["Burning Pact","Iron Wave"],"picked":"True Grit","floor":10.0},{"not_picked":["Pommel Strike","Carnage"],"picked":"Iron Wave","floor":12.0},{"not_picked":["Second Wind","Wild Strike"],"picked":"Shockwave","floor":13.0},{"not_picked":["Wild Strike","Infernal Blade"],"picked":"Thunderclap","floor":14.0},{"not_picked":["Offering","Burning Pact"],"picked":"Feel No Pain","floor":15.0},{"not_picked":["Feed","Bludgeon"],"picked":"Barricade","floor":16.0},{"not_picked":["True Grit+1","Anger"],"picked":"Body Slam","floor":18.0},{"not_picked":["Warcry","Iron Wave"],"picked":"Pommel Strike","floor":19.0},{"not_picked":["Twin Strike","Heavy Blade"],"picked":"Headbutt+1","floor":20},{"not_picked":["Havoc","Headbutt"],"picked":"Shrug It Off","floor":22},{"not_picked":["Clothesline","Warcry"],"picked":"Feed","floor":23}],"player_experience":44269,"relics_obtained":[{"floor":10.0,"key":"Odd Mushroom"},{"floor":12.0,"key":"Happy Flower"},{"floor":13.0,"key":"Shuriken"}],"event_choices":[{"damage_healed":0.0,"max_hp_gain":0.0,"max_hp_loss":0.0,"gold_gain":0.0,"event_name":"Living Wall","player_choice":"Grow","floor":3.0,"gold_loss":0.0,"damage_taken":0.0,"cards_upgraded":["Bash"]},{"damage_healed":0.0,"max_hp_gain":0.0,"max_hp_loss":0.0,"gold_gain":0.0,"event_name":"Scrap Ooze","player_choice":"Success","floor":5.0,"gold_loss":0.0,"damage_taken":7.0,"relics_obtained":["Dream Catcher"]},{"damage_healed":0.0,"max_hp_gain":0.0,"max_hp_loss":0.0,"gold_gain":0.0,"event_name":"Mushrooms","player_choice":"Fought Mushrooms","floor":10.0,"gold_loss":0.0,"damage_taken":0.0},{"damage_healed":0.0,"max_hp_gain":0.0,"max_hp_loss":0.0,"gold_gain":0.0,"event_name":"Dead Adventurer","player_choice":"Searched \u00271\u0027 times","floor":12.0,"gold_loss":0.0,"damage_taken":0.0},{"damage_healed":0,"gold_gain":0,"player_choice":"Inject Mutagens","damage_taken":0,"relics_obtained":["MutagenicStrength"],"max_hp_gain":0,"max_hp_loss":0,"event_name":"Drug Dealer","floor":21,"gold_loss":0}],"is_beta":false,"boss_relics":[{"not_picked":["Runic Dome","Snecko Eye"],"picked":"Black Star"}],"items_purged_floors":[],"is_endless":false,"potions_floor_spawned":[1,2,10,16,18],"killed_by":"Book of Stabbing","ascension_level":0}