{"gold_per_floor":[109,109,109,61,61,86,86,118,142,189,201,232,263,275,287,399,411,435,447,459,471,210,210],"floor_reached":23,"playtime":1071,"items_purged":["Shame"],"score":348,"play_id":"105023e2-210c-46a4-a546-f65643eb3ce0","local_time":"20190215204932","is_ascension_mode":true,"campfire_choices":[{"data":"Zap","floor":7.0,"key":"SMITH"},{"floor":15,"key":"RECALL"}],"neow_cost":"NONE","seed_source_timestamp":39348105832600,"circlet_count":0,"master_deck":["Strike_B","Strike_B","Strike_B","Strike_B","Defend_B","Defend_B+1","Defend_B+1","Defend_B+1","Zap+1","Dualcast+1","BootSequence","Ball Lightning","Undo+1","Consume+1","Ball Lightning","Coolheaded+1","Capacitor+1","Seek+1","Hologram+1","Leap+1"],"special_seed":0,"relics":["Cracked Core","NeowsBlessing","Toxic Egg 2","Frozen Egg 2","MawBank","Mummified Hand","Singing Bowl","Black Star","War Paint","Sundial","Orichalcum"],"potions_floor_usage":[23],"damage_taken":[{"damage":0.0,"enemies":"Small Slimes","floor":1.0,"turns":1.0},{"damage":0.0,"enemies":"Lagavulin","floor":6.0,"turns":2.0},{"damage":0.0,"enemies":"3 Sentries","floor":8.0,"turns":1.0},{"damage":0,"enemies":"Gremlin Nob","floor":10,"turns":3},{"damage":0,"enemies":"Jaw Worm","floor":12,"turns":2},{"damage":0,"enemies":"2 Louse","floor":13,"turns":2},{"damage":8,"enemies":"The Guardian","floor":16,"turns":7},{"damage":9,"enemies":"2 Thieves","floor":18,"turns":4},{"damage":72,"enemies":"Gremlin Leader","floor":23,"turns":8}],"seed_played":"-485602161175545449","potions_obtained":[{"floor":1.0,"key":"EssenceOfSteel"},{"floor":6.0,"key":"GamblersBrew"},{"floor":16,"key":"Dexterity Potion"}],"is_trial":false,"path_per_floor":["M","$","?","$","?","E","R","E","T","E","?","M","M","?","R","B",null,"M","?","T","?","$","E"],"character_chosen":"DEFECT","items_purchased":["Ball Lightning","Orichalcum","Leap+1"],"campfire_rested":0,"item_purchase_floors":[4,22,22],"current_hp_per_floor":[75,75,75,75,60,60,60,60,60,60,65,65,65,62,62,54,74,65,65,65,65,65,0],"gold":210,"neow_bonus":"THREE_ENEMY_KILL","is_prod":false,"is_daily":false,"chose_seed":false,"campfire_upgraded":1,"win_rate":0,"timestamp":1550260172,"path_taken":["M","$","?","$","?","E","R","E","T","E","?","M","M","?","R","BOSS","M","?","?","?","$","E"],"build_version":"2019-01-23","purchased_purges":1,"victory":false,"max_hp_per_floor":[75,75,75,75,75,75,75,75,75,75,80,80,80,80,80,80,80,80,80,80,80,80,80],"card_choices":[{"not_picked":["Chaos","Rebound"],"picked":"BootSequence","floor":1.0},{"not_picked":["Auto Shields","Streamline"],"picked":"Undo","floor":6.0},{"not_picked":["Steam+1","Double Energy+1"],"picked":"Consume+1","floor":8.0},{"not_picked":["Blizzard","Stack+1"],"picked":"Ball Lightning","floor":10},{"not_picked":["Sunder","Streamline"],"picked":"Coolheaded+1","floor":12},{"not_picked":["Turbo+1","Genetic Algorithm+1"],"picked":"Capacitor+1","floor":13},{"not_picked":["Core Surge","Rainbow+1"],"picked":"Seek+1","floor":16},{"not_picked":["Streamline","Conserve Battery+1"],"picked":"Hologram+1","floor":18}],"player_experience":193438,"relics_obtained":[{"floor":6.0,"key":"Toxic Egg 2"},{"floor":8.0,"key":"Frozen Egg 2"},{"floor":9.0,"key":"MawBank"},{"floor":10,"key":"Mummified Hand"}],"event_choices":[{"damage_healed":0.0,"max_hp_gain":0.0,"max_hp_loss":0.0,"gold_gain":0.0,"event_name":"Golden Wing","player_choice":"Ignored","floor":3.0,"gold_loss":0.0,"damage_taken":0.0},{"damage_healed":0.0,"max_hp_gain":0.0,"max_hp_loss":0.0,"gold_gain":0.0,"event_name":"Shining Light","player_choice":"Entered Light","floor":5.0,"gold_loss":0.0,"damage_taken":15.0,"cards_upgraded":["Defend_B","Dualcast"]},{"damage_healed":0,"gold_gain":0,"player_choice":"Donut","damage_taken":0,"max_hp_gain":5,"max_hp_loss":0,"event_name":"Big Fish","floor":11,"gold_loss":0},{"damage_healed":0,"gold_gain":0,"player_choice":"Success","damage_taken":3,"relics_obtained":["Singing Bowl"],"max_hp_gain":0,"max_hp_loss":0,"event_name":"Scrap Ooze","floor":14,"gold_loss":0},{"damage_healed":0,"gold_gain":0,"player_choice":"Stole Relic","damage_taken":0,"relics_obtained":["War Paint"],"max_hp_gain":0,"max_hp_loss":0,"event_name":"Addict","floor":19,"gold_loss":0,"cards_obtained":["Shame"]},{"damage_healed":0,"gold_gain":0,"player_choice":"Opened","damage_taken":0,"relics_obtained":["Sundial"],"max_hp_gain":0,"max_hp_loss":0,"event_name":"The Mausoleum","floor":21,"gold_loss":0}],"is_beta":false,"boss_relics":[{"not_picked":["Runic Pyramid","Philosopher\u0027s Stone"],"picked":"Black Star"}],"items_purged_floors":[22],"is_endless":false,"potions_floor_spawned":[1,6,16],"killed_by":"Gremlin Leader","ascension_level":5}