{"gold_per_floor":[119,44,61,81,156,106,124,149,149,149],"floor_reached":10,"playtime":416,"items_purged":["Strike_G"],"score":68,"play_id":"74ab6bf9-6476-4be1-86d2-685c3176bfc6","local_time":"20190217215558","is_ascension_mode":false,"campfire_choices":[],"neow_cost":"NONE","seed_source_timestamp":19872269262400,"circlet_count":0,"master_deck":["Defend_G","Defend_G","Defend_G","Defend_G","Defend_G","Strike_G","Strike_G","Strike_G","Survivor","Neutralize","PiercingWail","Backflip"],"relics":["Ring of the Snake","Regal Pillow"],"potions_floor_usage":[],"damage_taken":[{"damage":2,"enemies":"Small Slimes","floor":1,"turns":5},{"damage":0,"enemies":"2 Louse","floor":3,"turns":4},{"damage":1,"enemies":"Jaw Worm","floor":4,"turns":7},{"damage":12,"enemies":"Looter","floor":7,"turns":5},{"damage":49,"enemies":"3 Sentries","floor":8,"turns":21},{"damage":7,"enemies":"Gremlin Nob","floor":10,"turns":2}],"seed_played":"-1811620433770881974","potions_obtained":[{"floor":7,"key":"Ancient Potion"},{"floor":8,"key":"GamblersBrew"}],"is_trial":false,"path_per_floor":["M","$","M","M","?","?","M","E","T","E"],"character_chosen":"THE_SILENT","items_purchased":[],"campfire_rested":0,"item_purchase_floors":[],"current_hp_per_floor":[75,75,75,74,63,63,51,2,2,0],"gold":149,"neow_bonus":"TEN_PERCENT_HP_BONUS","is_prod":false,"is_daily":false,"chose_seed":false,"campfire_upgraded":0,"win_rate":0,"timestamp":1550458558,"path_taken":["M","$","M","M","?","?","M","E","T","E"],"build_version":"2019-01-23","purchased_purges":1,"victory":false,"max_hp_per_floor":[77,77,77,77,77,77,77,77,77,77],"card_choices":[{"not_picked":["Quick Slash","Dagger Spray","All Out Attack"],"picked":"SKIP","floor":1},{"not_picked":["Expertise","Quick Slash","Underhanded Strike"],"picked":"SKIP","floor":3},{"not_picked":["Choke","Dodge and Roll"],"picked":"PiercingWail","floor":4},{"not_picked":["Deadly Poison","Escape Plan"],"picked":"Backflip","floor":7},{"not_picked":["Predator","Underhanded Strike","Dagger Spray"],"picked":"SKIP","floor":8}],"player_experience":184085,"relics_obtained":[{"floor":8,"key":"Regal Pillow"}],"event_choices":[{"damage_healed":0,"gold_gain":75,"player_choice":"Gather Gold","damage_taken":11,"max_hp_gain":0,"max_hp_loss":0,"event_name":"World of Goop","floor":5,"gold_loss":0},{"cards_removed":["Strike_G"],"damage_healed":0,"gold_gain":0,"player_choice":"Card Removal","damage_taken":0,"max_hp_gain":0,"max_hp_loss":0,"event_name":"The Cleric","floor":6,"gold_loss":50}],"is_beta":false,"boss_relics":[],"items_purged_floors":[2],"is_endless":false,"potions_floor_spawned":[7,8],"killed_by":"Gremlin Nob","ascension_level":0}