{"gold_per_floor":[118,131,141,158,176,207,207,207],"floor_reached":8,"playtime":615,"items_purged":[],"score":60,"play_id":"fccc4a47-f36b-41d7-b359-15903c0fb567","local_time":"20190216055446","is_ascension_mode":false,"campfire_choices":[],"neow_cost":"TEN_PERCENT_HP_LOSS","seed_source_timestamp":928577923349765,"circlet_count":0,"master_deck":["Defend_G","Defend_G","Defend_G","Defend_G","Defend_G","Strike_G","Strike_G","Strike_G","Strike_G","Survivor","Neutralize","Cloak And Dagger","Well Laid Plans","Cloak And Dagger","Cloak And Dagger","PiercingWail"],"relics":["Ring of the Snake","FossilizedHelix","Letter Opener"],"potions_floor_usage":[8],"damage_taken":[{"damage":0,"enemies":"Cultist","floor":1,"turns":4},{"damage":0,"enemies":"Small Slimes","floor":2,"turns":4},{"damage":0,"enemies":"Jaw Worm","floor":3,"turns":4},{"damage":0,"enemies":"Large Slime","floor":4,"turns":10},{"damage":8,"enemies":"Exordium Wildlife","floor":5,"turns":9},{"damage":9,"enemies":"3 Sentries","floor":6,"turns":14},{"damage":74,"enemies":"Gremlin Nob","floor":8,"turns":7}],"seed_played":"-6681928683087795649","potions_obtained":[{"floor":4,"key":"Ancient Potion"},{"floor":5,"key":"GamblersBrew"}],"is_trial":false,"path_per_floor":["M","M","M","M","M","E","?","E"],"character_chosen":"THE_SILENT","items_purchased":[],"campfire_rested":0,"item_purchase_floors":[],"current_hp_per_floor":[63,63,63,63,55,46,46,0],"gold":207,"neow_bonus":"ONE_RARE_RELIC","is_prod":false,"is_daily":false,"chose_seed":false,"campfire_upgraded":0,"win_rate":0,"timestamp":1550314486,"path_taken":["M","M","M","M","?","E","?","E"],"build_version":"2019-01-23","purchased_purges":0,"victory":false,"max_hp_per_floor":[63,63,63,63,63,63,63,63],"card_choices":[{"not_picked":["Acrobatics","Flying Knee"],"picked":"Cloak And Dagger","floor":1},{"not_picked":["Choke","Outmaneuver","Wraith Form v2"],"picked":"SKIP","floor":2},{"not_picked":["Prepared","Dodge and Roll"],"picked":"Well Laid Plans","floor":3},{"not_picked":["Quick Slash","Blade Dance"],"picked":"Cloak And Dagger","floor":4},{"not_picked":["Flying Knee","Underhanded Strike"],"picked":"Cloak And Dagger","floor":5},{"not_picked":["Dodge and Roll","Dagger Throw"],"picked":"PiercingWail","floor":6}],"player_experience":165059,"relics_obtained":[{"floor":6,"key":"Letter Opener"}],"event_choices":[{"cards_removed":["Strike_G"],"damage_healed":0,"gold_gain":0,"player_choice":"Forget","damage_taken":0,"max_hp_gain":0,"max_hp_loss":0,"event_name":"Living Wall","floor":7,"gold_loss":0}],"is_beta":false,"boss_relics":[],"items_purged_floors":[],"is_endless":false,"potions_floor_spawned":[4,5],"killed_by":"Gremlin Nob","ascension_level":0}