{"gold_per_floor":[115,80,97,172,347,372,372,404,404,424,443,116,116,133,133,232,232,245,5,104,115,115,115,143,163,189,199,199,199,215,228,228,323,323,336,355,355,375,375,375,386,38,38,38,48,48,48,62,62,62],"floor_reached":50,"playtime":4145,"items_purged":["Doubt","Strike_B"],"score":599,"play_id":"a998123a-c068-4e80-ad6f-b03fd8558de9","local_time":"20190223010500","is_ascension_mode":false,"campfire_choices":[{"floor":7.0,"key":"REST"},{"floor":13.0,"key":"REST"},{"floor":15.0,"key":"REST"},{"data":"White Noise","floor":23.0,"key":"SMITH"},{"data":"Zap","floor":28.0,"key":"SMITH"},{"floor":32,"key":"REST"},{"data":"Seek","floor":40,"key":"SMITH"},{"data":"Dualcast","floor":46,"key":"SMITH"},{"data":"Sweeping Beam","floor":49,"key":"SMITH"}],"neow_cost":"PERCENT_DAMAGE","seed_source_timestamp":0,"circlet_count":0,"master_deck":["Strike_B","Defend_B+1","Defend_B+1","Defend_B","Zap+1","Dualcast+1","Sweeping Beam+1","FTL","Skim","White Noise+1","Rebound+1","Go for the Eyes+1","Melter+1","Hyperbeam+1","Streamline+1","Good Instincts","Steam","Coolheaded+1","Streamline+1","Self Repair+1","Stack","Heatsinks+1","Seek+1","BootSequence","White Noise+1","Rebound+1","Panache+1","Doom and Gloom+1","Turbo+1","Beam Cell+1","FTL+1","Panache+1","Loop+1","Injury","Storm+1","Parasite","Conserve Battery"],"special_seed":0,"relics":["Cracked Core","Mercury Hourglass","War Paint","Molten Egg 2","Symbiotic Virus","Black Star","Bottled Lightning","Frozen Egg 2","Shuriken","Boot","Cursed Key","Mango"],"potions_floor_usage":[33,38,50,50],"damage_taken":[{"damage":11.0,"enemies":"Jaw Worm","floor":1.0,"turns":4.0},{"damage":3.0,"enemies":"Small Slimes","floor":3.0,"turns":3.0},{"damage":38.0,"enemies":"Gremlin Nob","floor":6.0,"turns":5.0},{"damage":26.0,"enemies":"3 Sentries","floor":8.0,"turns":5.0},{"damage":0.0,"enemies":"2 Louse","floor":10.0,"turns":1.0},{"damage":0.0,"enemies":"2 Fungi Beasts","floor":11.0,"turns":3.0},{"damage":5.0,"enemies":"Looter","floor":14.0,"turns":2.0},{"damage":0.0,"enemies":"Slime Boss","floor":16.0,"turns":7.0},{"damage":6.0,"enemies":"Chosen","floor":18.0,"turns":3.0},{"damage":0.0,"enemies":"Spheric Guardian","floor":21.0,"turns":2.0},{"damage":0.0,"enemies":"Gremlin Leader","floor":24.0,"turns":5.0},{"damage":22.0,"enemies":"Snecko","floor":25.0,"turns":4.0},{"damage":0.0,"enemies":"Sentry and Sphere","floor":27.0,"turns":3.0},{"damage":23.0,"enemies":"Shelled Parasite and Fungi","floor":30.0,"turns":4.0},{"damage":9.0,"enemies":"3 Cultists","floor":31.0,"turns":4.0},{"damage":72,"enemies":"Champ","floor":33,"turns":10},{"damage":0,"enemies":"3 Shapes","floor":35,"turns":1},{"damage":8,"enemies":"Orb Walker","floor":36,"turns":4},{"damage":8,"enemies":"Writhing Mass","floor":38,"turns":5},{"damage":16,"enemies":"3 Darklings","floor":41,"turns":3},{"damage":14,"enemies":"Jaw Worm Horde","floor":45,"turns":2},{"damage":5,"enemies":"Writhing Mass","floor":48,"turns":3},{"damage":112,"enemies":"Time Eater","floor":50,"turns":9}],"seed_played":"-9110624233390378249","potions_obtained":[{"floor":1.0,"key":"Ancient Potion"},{"floor":8.0,"key":"SkillPotion"},{"floor":24.0,"key":"LiquidBronze"},{"floor":31.0,"key":"FairyPotion"},{"floor":33,"key":"FocusPotion"},{"floor":35,"key":"FocusPotion"},{"floor":38,"key":"FocusPotion"},{"floor":48,"key":"SkillPotion"}],"is_trial":false,"path_per_floor":["M","?","M","?","?","E","R","E","T","M","M","$","R","M","R","B",null,"M","$","?","M","T","R","E","M","T","M","R","?","M","M","R","B",null,"M","M","?","M","?","R","M","$","T","?","M","R","?","M","R","B"],"character_chosen":"DEFECT","items_purchased":["Symbiotic Virus","PowerPotion","Good Instincts","Beam Cell+1","FTL+1","Panache+1","Loop+1"],"campfire_rested":4,"item_purchase_floors":[12,19,19,42,42,42,42],"current_hp_per_floor":[57,79,76,65,65,27,53,27,27,27,27,27,53,48,74,74,89,83,83,83,83,83,83,83,61,61,61,61,61,48,49,75,3,89,89,89,89,89,89,89,73,73,87,87,93,93,93,88,88,0],"gold":62,"neow_bonus":"TWENTY_PERCENT_HP_BONUS","is_prod":false,"is_daily":false,"chose_seed":false,"campfire_upgraded":5,"win_rate":0,"timestamp":1550901900,"path_taken":["M","?","M","?","?","E","R","E","T","M","?","$","R","M","R","BOSS","M","$","?","M","?","R","E","M","T","M","R","?","M","M","R","BOSS","M","M","?","M","?","R","M","$","T","?","M","R","?","M","R","BOSS"],"build_version":"2019-01-23","purchased_purges":2,"victory":false,"max_hp_per_floor":[89,89,89,89,89,89,89,89,89,89,89,89,89,89,89,89,89,89,89,89,89,89,89,89,89,89,89,89,89,89,89,89,89,89,89,89,89,89,89,89,89,89,103,103,103,103,98,98,98,98],"card_choices":[{"not_picked":["Ball Lightning","Leap"],"picked":"Sweeping Beam","floor":1.0},{"not_picked":["Steam","Coolheaded"],"picked":"FTL","floor":3.0},{"not_picked":["Redo","Streamline"],"picked":"Skim","floor":6.0},{"not_picked":["Stack","Fusion"],"picked":"White Noise","floor":8.0},{"not_picked":["Coolheaded","Sweeping Beam+1"],"picked":"Rebound+1","floor":10.0},{"not_picked":["Buffer","Redo"],"picked":"Go for the Eyes+1","floor":11.0},{"not_picked":["Steam","Beam Cell+1"],"picked":"Melter+1","floor":14.0},{"not_picked":["Buffer","Multi-Cast"],"picked":"Hyperbeam+1","floor":16.0},{"not_picked":["Static Discharge+1","Steam+1"],"picked":"Streamline+1","floor":18.0},{"not_picked":["Reinforced Body","Doom and Gloom+1"],"picked":"Steam","floor":21.0},{"not_picked":["Auto Shields","Compile Driver+1"],"picked":"Coolheaded+1","floor":24.0},{"not_picked":["Leap","Redo"],"picked":"Streamline+1","floor":25.0},{"not_picked":["Streamline+1","Double Energy"],"picked":"Self Repair+1","floor":27.0},{"not_picked":["Beam Cell+1","Conserve Battery+1"],"picked":"Seek","floor":30.0},{"not_picked":["Reinforced Body","Turbo"],"picked":"BootSequence","floor":31.0},{"not_picked":["Conserve Battery","Reinforced Body"],"picked":"White Noise+1","floor":35},{"not_picked":["Steam+1","Cold Snap+1"],"picked":"Rebound+1","floor":36},{"not_picked":["HandOfGreed+1","Purity"],"picked":"Panache+1","floor":37},{"not_picked":["Coolheaded","Sunder+1"],"picked":"Doom and Gloom+1","floor":38},{"not_picked":["Sunder+1","Cold Snap+1"],"picked":"Turbo+1","floor":41},{"not_picked":["Coolheaded","Force Field+1"],"picked":"Storm+1","floor":45},{"not_picked":["Turbo","Sweeping Beam+1"],"picked":"Conserve Battery","floor":48}],"player_experience":153780,"relics_obtained":[{"floor":6.0,"key":"Mercury Hourglass"},{"floor":8.0,"key":"War Paint"},{"floor":9.0,"key":"Molten Egg 2"},{"floor":22.0,"key":"Bottled Lightning"},{"floor":24.0,"key":"Frozen Egg 2"},{"floor":24.0,"key":"Shuriken"},{"floor":26.0,"key":"Boot"},{"floor":43,"key":"Mango"}],"event_choices":[{"damage_healed":22.0,"max_hp_gain":0.0,"max_hp_loss":0.0,"gold_gain":0.0,"event_name":"The Cleric","player_choice":"Healed","floor":2.0,"gold_loss":35.0,"damage_taken":0.0},{"damage_healed":0.0,"max_hp_gain":0.0,"max_hp_loss":0.0,"gold_gain":75.0,"event_name":"World of Goop","player_choice":"Gather Gold","floor":4.0,"gold_loss":0.0,"damage_taken":11.0},{"damage_healed":0.0,"max_hp_gain":0.0,"max_hp_loss":0.0,"gold_gain":175.0,"event_name":"Liars Game","player_choice":"AGREE","floor":5.0,"gold_loss":0.0,"damage_taken":0.0,"cards_obtained":["Doubt"]},{"damage_healed":0.0,"max_hp_gain":0.0,"max_hp_loss":0.0,"gold_gain":99.0,"event_name":"Nest","player_choice":"Stole From Cult","floor":20.0,"gold_loss":0.0,"damage_taken":0.0},{"damage_healed":0.0,"max_hp_gain":0.0,"max_hp_loss":0.0,"gold_gain":0.0,"cards_transformed":["Strike_B","Strike_B"],"event_name":"Drug Dealer","player_choice":"Became Test Subject","floor":29.0,"gold_loss":0.0,"damage_taken":0.0,"cards_obtained":["Stack","Heatsinks"]},{"damage_healed":0,"gold_gain":0,"player_choice":"Memory 1","damage_taken":0,"max_hp_gain":0,"max_hp_loss":0,"event_name":"SensoryStone","floor":37,"gold_loss":0},{"damage_healed":0,"gold_gain":0,"player_choice":"Ignored","damage_taken":0,"max_hp_gain":0,"max_hp_loss":0,"event_name":"Tomb of Lord Red Mask","floor":39,"gold_loss":0},{"cards_removed":["Defend_B"],"damage_healed":0,"gold_gain":0,"player_choice":"Removed Skill","damage_taken":0,"max_hp_gain":0,"max_hp_loss":0,"event_name":"Falling","floor":44,"gold_loss":0},{"damage_healed":0,"gold_gain":0,"player_choice":"Max HP","damage_taken":0,"max_hp_gain":0,"max_hp_loss":5,"event_name":"Winding Halls","floor":47,"gold_loss":0}],"is_beta":false,"boss_relics":[{"not_picked":["Runic Dome","Snecko Eye"],"picked":"Black Star"},{"not_picked":["Sozu","FrozenCore"],"picked":"Cursed Key"}],"items_purged_floors":[12,19],"is_endless":false,"potions_floor_spawned":[1,8,24,31,33,35,38,48],"killed_by":"Time Eater","ascension_level":0}