{"gold_per_floor":[111,111,111,121,141,174,174,174,200,200,200,225,225,32,32,158,158,158],"floor_reached":18,"playtime":783,"items_purged":[],"score":198,"play_id":"ff4b0888-348e-4cca-9cdf-2696f4a97f5f","local_time":"20190207235312","is_ascension_mode":true,"campfire_choices":[{"floor":8,"key":"REST"},{"data":"Inflame","floor":11,"key":"SMITH"},{"data":"Demon Form","floor":13,"key":"SMITH"},{"floor":15,"key":"REST"}],"neow_cost":"NONE","seed_source_timestamp":2288325858843668,"circlet_count":0,"master_deck":["Strike_R","Strike_R","Strike_R","Strike_R","Strike_R","Defend_R","Defend_R","Defend_R","Bash","Impatience","Inflame+1","Thunderclap","Demon Form+1","Pain"],"relics":["Burning Blood","Regal Pillow","Golden Idol","Omamori","Pear","Membership Card","Calling Bell","Ancient Tea Set","Dodecahedron","Magic Flower"],"potions_floor_usage":[6,6,16],"damage_taken":[{"damage":0,"enemies":"Small Slimes","floor":1,"turns":3},{"damage":21,"enemies":"Jaw Worm","floor":4,"turns":4},{"damage":1,"enemies":"Cultist","floor":5,"turns":3},{"damage":30,"enemies":"Lagavulin","floor":6,"turns":4},{"damage":18,"enemies":"Large Slime","floor":12,"turns":4},{"damage":72,"enemies":"Hexaghost","floor":16,"turns":8},{"damage":63,"enemies":"Shell Parasite","floor":18,"turns":7}],"seed_played":"-7325396906132468432","potions_obtained":[{"floor":3,"key":"SkillPotion"},{"floor":3,"key":"Explosive Potion"},{"floor":3,"key":"Ancient Potion"},{"floor":4,"key":"PowerPotion"},{"floor":12,"key":"AttackPotion"}],"is_trial":false,"path_per_floor":["M","?","?","M","M","E","?","R","T","T","R","M","R","$","R","B",null,"M"],"character_chosen":"IRONCLAD","items_purchased":["Membership Card"],"campfire_rested":2,"item_purchase_floors":[14],"current_hp_per_floor":[80,80,80,65,70,46,26,65,65,75,75,63,63,63,90,24,74,11],"gold":158,"neow_bonus":"RANDOM_COLORLESS","is_prod":false,"is_daily":false,"chose_seed":false,"campfire_upgraded":2,"win_rate":0,"timestamp":1549612392,"path_taken":["M","?","?","M","?","E","?","R","T","?","R","M","R","?","R","BOSS","M"],"build_version":"2019-01-23","purchased_purges":0,"victory":false,"max_hp_per_floor":[80,80,80,80,80,80,80,80,80,90,90,90,90,90,90,90,90,90],"card_choices":[{"not_picked":["Perfected Strike","Pommel Strike"],"picked":"Inflame","floor":1},{"not_picked":["Dual Wield","Perfected Strike","Entrench"],"picked":"SKIP","floor":4},{"not_picked":["Sword Boomerang","Cleave"],"picked":"Thunderclap","floor":5},{"not_picked":["Pummel","Havoc","Disarm"],"picked":"SKIP","floor":6},{"not_picked":["Clothesline","Flame Barrier"],"picked":"Demon Form","floor":12}],"player_experience":264413,"relics_obtained":[{"floor":6,"key":"Regal Pillow"},{"floor":9,"key":"Omamori"},{"floor":10,"key":"Pear"},{"floor":17,"key":"Ancient Tea Set"},{"floor":17,"key":"Dodecahedron"},{"floor":17,"key":"Magic Flower"}],"event_choices":[{"cards_removed":["Defend_R"],"damage_healed":0,"gold_gain":0,"player_choice":"Forget","damage_taken":0,"max_hp_gain":0,"max_hp_loss":0,"event_name":"Living Wall","floor":2,"gold_loss":0},{"damage_healed":0,"gold_gain":0,"player_choice":"Got Potions","damage_taken":0,"max_hp_gain":0,"max_hp_loss":0,"event_name":"Lab","floor":3,"gold_loss":0},{"damage_healed":0,"gold_gain":0,"player_choice":"Take Damage","damage_taken":20,"relics_obtained":["Golden Idol"],"max_hp_gain":0,"max_hp_loss":0,"event_name":"Golden Idol","floor":7,"gold_loss":0}],"is_beta":false,"boss_relics":[{"not_picked":["Coffee Dripper","Lizard Tail"],"picked":"Calling Bell"}],"items_purged_floors":[],"is_endless":false,"potions_floor_spawned":[4,5,12],"killed_by":"Shell Parasite","ascension_level":5}