{"gold_per_floor":[10,22,22,41,6,40,40,40,40,56,56,85,98,117,117,212,212,212],"floor_reached":18,"playtime":1989,"items_purged":[],"score":300,"play_id":"553ce1c8-b434-438d-9130-da4c671775e7","local_time":"20190218002341","is_ascension_mode":true,"campfire_choices":[{"data":"Dagger Spray","floor":7,"key":"SMITH"},{"data":"Neutralize","floor":11,"key":"SMITH"},{"data":"Well Laid Plans","floor":15,"key":"SMITH"}],"neow_cost":"NO_GOLD","seed_source_timestamp":224271824271300,"circlet_count":0,"master_deck":["Survivor","Neutralize+1","Backstab","Dagger Spray+1","Cloak And Dagger","Dagger Throw","Leg Sweep","Footwork","Blur","Escape Plan","Infinite Blades","Well Laid Plans+1","Acrobatics","PiercingWail","All Out Attack","Corpse Explosion","Die Die Die","Envenom","Bullet Time","Storm of Steel","Venomology","Deadly Poison","After Image","Glass Knife","Flying Knee","Adrenaline"],"relics":["Ring of the Snake","Prayer Wheel","Kunai","Strawberry","Happy Flower","Question Card","Pandora\u0027s Box"],"potions_floor_usage":[],"damage_taken":[{"damage":1,"enemies":"2 Louse","floor":1,"turns":3},{"damage":0,"enemies":"Cultist","floor":2,"turns":3},{"damage":1,"enemies":"Jaw Worm","floor":4,"turns":4},{"damage":17,"enemies":"3 Sentries","floor":6,"turns":7},{"damage":0,"enemies":"Exordium Wildlife","floor":10,"turns":3},{"damage":12,"enemies":"Gremlin Nob","floor":12,"turns":5},{"damage":6,"enemies":"Large Slime","floor":13,"turns":7},{"damage":0,"enemies":"Blue Slaver","floor":14,"turns":3},{"damage":0,"enemies":"The Guardian","floor":16,"turns":14},{"damage":0,"enemies":"Chosen","floor":18,"turns":1}],"seed_played":"-9209864931182993505","potions_obtained":[{"floor":2,"key":"PowerPotion"},{"floor":3,"key":"Weak Potion"},{"floor":3,"key":"GamblersBrew"},{"floor":10,"key":"Swift Potion"},{"floor":13,"key":"SpeedPotion"}],"is_trial":false,"path_per_floor":["M","M","?","M","$","E","R","?","T","M","R","E","M","M","R","B",null,"M"],"character_chosen":"THE_SILENT","items_purchased":["Footwork"],"campfire_rested":0,"item_purchase_floors":[5],"current_hp_per_floor":[62,62,62,61,61,44,44,51,51,51,51,39,33,33,33,33,66,66],"gold":212,"neow_bonus":"ONE_RARE_RELIC","is_prod":false,"is_daily":false,"chose_seed":false,"campfire_upgraded":3,"win_rate":0,"timestamp":1550445821,"path_taken":["M","M","?","?","?","E","R","?","T","M","R","E","?","M","R","BOSS","M"],"build_version":"2019-01-23","purchased_purges":0,"victory":false,"max_hp_per_floor":[70,70,70,70,70,70,70,77,77,77,77,77,77,77,77,77,77,77],"card_choices":[{"not_picked":["Blade Dance","Bane"],"picked":"Backstab","floor":1},{"not_picked":["Dagger Throw","Escape Plan"],"picked":"Dagger Spray","floor":1},{"not_picked":["Flying Knee","Heel Hook"],"picked":"Cloak And Dagger","floor":2},{"not_picked":["Poisoned Stab","Slice"],"picked":"Dagger Throw","floor":2},{"not_picked":["Dagger Spray","Terror"],"picked":"Leg Sweep","floor":4},{"not_picked":["Blade Dance","Endless Agony","Quick Slash"],"picked":"SKIP","floor":4},{"not_picked":["Choke","Masterful Stab"],"picked":"Blur","floor":6},{"not_picked":["Calculated Gamble","Distraction"],"picked":"Escape Plan","floor":10},{"not_picked":["Setup","Outmaneuver","Flechettes"],"picked":"SKIP","floor":10},{"not_picked":["Masterful Stab","Envenom"],"picked":"Infinite Blades","floor":12},{"not_picked":["Poisoned Stab","Dagger Throw","Cloak And Dagger"],"picked":"Well Laid Plans","floor":13},{"not_picked":["Endless Agony","Outmaneuver","Bane"],"picked":"Acrobatics","floor":13},{"not_picked":["Blade Dance","Bane","Poisoned Stab"],"picked":"PiercingWail","floor":14},{"not_picked":["Reflex","Distraction","Skewer"],"picked":"All Out Attack","floor":14},{"not_picked":["Grand Finale","Envenom","Tools of the Trade"],"picked":"Corpse Explosion","floor":16}],"player_experience":212427,"relics_obtained":[{"floor":6,"key":"Kunai"},{"floor":9,"key":"Happy Flower"},{"floor":12,"key":"Question Card"}],"event_choices":[{"damage_healed":0,"gold_gain":0,"player_choice":"Got Potions","damage_taken":0,"max_hp_gain":0,"max_hp_loss":0,"event_name":"Lab","floor":3,"gold_loss":0},{"damage_healed":0,"gold_gain":0,"player_choice":"Searched \u00271\u0027 times","damage_taken":0,"relics_obtained":["Strawberry"],"max_hp_gain":0,"max_hp_loss":0,"event_name":"Dead Adventurer","floor":8,"gold_loss":0}],"is_beta":false,"boss_relics":[{"not_picked":["Snecko Eye","Runic Dome"],"picked":"Pandora\u0027s Box"}],"items_purged_floors":[],"is_endless":false,"potions_floor_spawned":[2,6,10,13,16],"killed_by":"Chosen","ascension_level":7}