{"gold_per_floor":[211,231,257,112,187,187,200,200,282,282,309,322,497,513,513,590,590,604,529,549,549,173,499,499,510,564,584,618,638,669,769,769,843,843,859,859,201,44,44,71,71,71,71,171,184,219,219,235,235,235],"floor_reached":51,"playtime":3767,"items_purged":["Defend_R","Pain"],"score":1351,"play_id":"9dbd7d97-8abf-45bf-9cb5-d7cc35736d81","local_time":"20190223124931","is_ascension_mode":true,"campfire_choices":[{"data":"Bash","floor":6.0,"key":"SMITH"},{"floor":8.0,"key":"REST"},{"data":"Uppercut","floor":15.0,"key":"SMITH"},{"floor":32.0,"key":"REST"},{"floor":49,"key":"DIG"}],"neow_cost":"NONE","seed_source_timestamp":667311857885321,"circlet_count":0,"master_deck":["AscendersBane","Strike_R","Strike_R","Strike_R+1","Defend_R","Defend_R","Bash+1","Infernal Blade+1","True Grit+1","Dropkick+1","Uppercut+1","Sentinel","Flame Barrier","Immolate","Iron Wave","Shrug It Off","Bloodletting+1","Infernal Blade","Injury","Rampage+1","Spot Weakness","Reaper+1","Armaments+1","Uppercut+1","Writhe","Doubt","Pommel Strike+1","Inflame","Iron Wave+1"],"special_seed":0,"relics":["Burning Blood","Happy Flower","War Paint","Pear","Potion Belt","Cursed Key","Anchor","Oddly Smooth Stone","Old Coin","Enchiridion","Whetstone","Juzu Bracelet","Du-Vu Doll","Champion Belt","Molten Egg 2","Empty Cage","WarpedTongs","Dead Branch","Shuriken","PreservedInsect","Shovel","Bottled Lightning","Incense Burner","Gremlin Horn","Strawberry"],"potions_floor_usage":[33,46,50,50,50],"damage_taken":[{"damage":1.0,"enemies":"Cultist","floor":1.0,"turns":4.0},{"damage":12.0,"enemies":"Small Slimes","floor":2.0,"turns":3.0},{"damage":4.0,"enemies":"2 Louse","floor":7.0,"turns":3.0},{"damage":36.0,"enemies":"Gremlin Nob","floor":11.0,"turns":4.0},{"damage":4.0,"enemies":"Blue Slaver","floor":12.0,"turns":2.0},{"damage":1.0,"enemies":"Exordium Wildlife","floor":14.0,"turns":3.0},{"damage":66.0,"enemies":"Slime Boss","floor":16.0,"turns":17.0},{"damage":25.0,"enemies":"Spheric Guardian","floor":18.0,"turns":6.0},{"damage":0.0,"enemies":"Chosen","floor":20.0,"turns":4.0},{"damage":11.0,"enemies":"Slavers","floor":23.0,"turns":4.0},{"damage":15.0,"enemies":"Sentry and Sphere","floor":25.0,"turns":5.0},{"damage":6.0,"enemies":"3 Cultists","floor":27.0,"turns":4.0},{"damage":23.0,"enemies":"Book of Stabbing","floor":28.0,"turns":6.0},{"damage":8.0,"enemies":"Centurion and Healer","floor":29.0,"turns":4.0},{"damage":24.0,"enemies":"Gremlin Leader","floor":30.0,"turns":5.0},{"damage":0.0,"enemies":"Colosseum Slavers","floor":31.0,"turns":4.0},{"damage":0.0,"enemies":"Colosseum Nobs","floor":31.0,"turns":3.0},{"damage":27,"enemies":"Collector","floor":33,"turns":6},{"damage":32,"enemies":"3 Darklings","floor":35,"turns":5},{"damage":0,"enemies":"Nemesis","floor":40,"turns":5},{"damage":23,"enemies":"Mind Bloom Boss Battle","floor":44,"turns":4},{"damage":0,"enemies":"3 Shapes","floor":45,"turns":3},{"damage":10,"enemies":"Reptomancer","floor":46,"turns":4},{"damage":3,"enemies":"Sphere and 2 Shapes","floor":48,"turns":2},{"damage":49,"enemies":"Awakened One","floor":50,"turns":9}],"seed_played":"-6504059963443520524","potions_obtained":[{"floor":2.0,"key":"FearPotion"},{"floor":11.0,"key":"BloodPotion"},{"floor":12.0,"key":"Strength Potion"},{"floor":18.0,"key":"Strength Potion"},{"floor":23.0,"key":"Explosive Potion"},{"floor":27.0,"key":"Weak Potion"},{"floor":28.0,"key":"EssenceOfSteel"},{"floor":30.0,"key":"Swift Potion"},{"floor":35,"key":"FearPotion"},{"floor":40,"key":"Ancient Potion"},{"floor":45,"key":"GamblersBrew"},{"floor":48,"key":"Energy Potion"}],"is_trial":false,"path_per_floor":["M","M","T","$","?","R","M","R","T","?","E","M","?","M","R","B",null,"M","?","M","?","$","E","?","M","T","M","E","M","E","?","R","B",null,"M","?","$","$","?","E","$","?","T","?","M","E","?","M","R","B",null],"character_chosen":"IRONCLAD","items_purchased":["War Paint","Anchor","Oddly Smooth Stone","Dead Branch","Shuriken","PreservedInsect"],"campfire_rested":2,"item_purchase_floors":[4,22,22,37,37,38],"current_hp_per_floor":[73,67,67,67,56,56,58,75,85,85,55,57,57,62,62,10,66,47,47,53,81,81,76,60,51,51,51,34,32,14,26,51,30,71,59,59,59,59,59,84,84,85,85,83,85,85,85,85,92,85],"gold":235,"neow_bonus":"HUNDRED_GOLD","is_prod":false,"is_daily":false,"chose_seed":false,"campfire_upgraded":2,"win_rate":0,"timestamp":1550954971,"path_taken":["M","M","?","$","?","R","M","R","T","?","E","?","?","M","R","BOSS","M","?","M","?","?","E","?","M","T","M","E","M","E","?","R","BOSS","M","?","?","$","?","E","$","?","T","?","M","E","?","M","R","BOSS"],"build_version":"2019-01-23","purchased_purges":2,"victory":true,"max_hp_per_floor":[75,75,75,75,75,75,75,75,85,85,85,85,85,85,85,85,85,85,85,85,85,85,85,85,85,85,85,85,85,85,85,85,85,85,85,85,85,85,85,85,85,85,85,85,85,85,85,85,92,92],"card_choices":[{"not_picked":["Sword Boomerang","Headbutt"],"picked":"Infernal Blade","floor":1.0},{"not_picked":["Dual Wield","Hemokinesis"],"picked":"True Grit","floor":2.0},{"not_picked":["Anger","Havoc"],"picked":"Dropkick","floor":7.0},{"not_picked":["Combust","Thunderclap"],"picked":"Uppercut","floor":11.0},{"not_picked":["Hemokinesis","Anger"],"picked":"Sentinel","floor":12.0},{"not_picked":["Dual Wield","Perfected Strike"],"picked":"Flame Barrier","floor":14.0},{"not_picked":["Fiend Fire","Brutality"],"picked":"Immolate","floor":16.0},{"not_picked":["Clash","Wild Strike+1"],"picked":"Iron Wave","floor":18.0},{"not_picked":["Power Through","Havoc+1"],"picked":"Shrug It Off","floor":20.0},{"not_picked":["Heavy Blade","True Grit+1"],"picked":"Bloodletting+1","floor":23.0},{"not_picked":["Shrug It Off","Wild Strike"],"picked":"Infernal Blade","floor":25.0},{"not_picked":["Clash","Clothesline"],"picked":"Fire Breathing+1","floor":27.0},{"not_picked":["Shockwave","Blood for Blood"],"picked":"Rampage+1","floor":28.0},{"not_picked":["Headbutt","Havoc","Intimidate"],"picked":"SKIP","floor":29.0},{"not_picked":["Wild Strike","Body Slam","Bloodletting"],"picked":"SKIP","floor":30.0},{"not_picked":["Wild Strike","Body Slam","Bloodletting"],"picked":"SKIP","floor":30.0},{"not_picked":["Seeing Red","Pommel Strike"],"picked":"Spot Weakness","floor":31.0},{"not_picked":["Exhume","Juggernaut"],"picked":"Reaper+1","floor":33},{"not_picked":["Clash+1","Cleave+1"],"picked":"Armaments+1","floor":35},{"not_picked":["Thunderclap+1","Sword Boomerang+1","Armaments"],"picked":"SKIP","floor":40},{"not_picked":["Iron Wave+1","Barricade"],"picked":"Pommel Strike+1","floor":44},{"not_picked":["Perfected Strike+1","Shockwave"],"picked":"Inflame","floor":45},{"not_picked":["Clothesline+1","Blood for Blood+1","Carnage+1"],"picked":"SKIP","floor":46},{"not_picked":["Havoc","Body Slam+1"],"picked":"Iron Wave+1","floor":48}],"player_experience":489653,"relics_obtained":[{"floor":3.0,"key":"Happy Flower"},{"floor":9.0,"key":"Pear"},{"floor":11.0,"key":"Potion Belt"},{"floor":23.0,"key":"Old Coin"},{"floor":24.0,"key":"Enchiridion"},{"floor":26.0,"key":"Whetstone"},{"floor":28.0,"key":"Juzu Bracelet"},{"floor":30.0,"key":"Du-Vu Doll"},{"floor":31.0,"key":"Champion Belt"},{"floor":31.0,"key":"Molten Egg 2"},{"floor":40,"key":"Shovel"},{"floor":43,"key":"Bottled Lightning"},{"floor":44,"key":"Incense Burner"},{"floor":46,"key":"Gremlin Horn"},{"floor":49,"key":"Strawberry"}],"event_choices":[{"damage_healed":0.0,"max_hp_gain":0.0,"max_hp_loss":0.0,"gold_gain":75.0,"event_name":"World of Goop","player_choice":"Gather Gold","floor":5.0,"gold_loss":0.0,"damage_taken":11.0},{"cards_removed":["Strike_R"],"damage_healed":0.0,"max_hp_gain":0.0,"max_hp_loss":0.0,"gold_gain":0.0,"event_name":"Bonfire Elementals","player_choice":"Offered Basic","floor":10.0,"gold_loss":0.0,"damage_taken":0.0},{"damage_healed":0.0,"max_hp_gain":0.0,"max_hp_loss":0.0,"gold_gain":175.0,"event_name":"Liars Game","player_choice":"AGREE","floor":13.0,"gold_loss":0.0,"damage_taken":0.0,"cards_obtained":["Doubt"]},{"cards_removed":["Doubt"],"damage_healed":0.0,"max_hp_gain":0.0,"max_hp_loss":0.0,"gold_gain":0.0,"event_name":"Beggar","player_choice":"Gave Gold","floor":19.0,"gold_loss":75.0,"damage_taken":0.0},{"damage_healed":28.0,"max_hp_gain":0.0,"max_hp_loss":0.0,"gold_gain":0.0,"event_name":"The Library","player_choice":"Heal","floor":21.0,"gold_loss":0.0,"damage_taken":0.0},{"damage_healed":0.0,"max_hp_gain":0.0,"max_hp_loss":0.0,"gold_gain":0.0,"event_name":"Cursed Tome","player_choice":"Obtained Book","floor":24.0,"gold_loss":0.0,"damage_taken":16.0},{"damage_healed":0.0,"max_hp_gain":0.0,"max_hp_loss":0.0,"gold_gain":0.0,"event_name":"Colosseum","player_choice":"Fight","floor":31.0,"gold_loss":0.0,"damage_taken":0.0},{"damage_healed":0.0,"max_hp_gain":0.0,"max_hp_loss":0.0,"gold_gain":0.0,"event_name":"Colosseum","player_choice":"Fought Nobs","floor":31.0,"gold_loss":0.0,"damage_taken":0.0},{"damage_healed":0,"gold_gain":0,"player_choice":"Rummage","damage_taken":0,"relics_obtained":["WarpedTongs"],"max_hp_gain":0,"max_hp_loss":0,"event_name":"Accursed Blacksmith","floor":36,"gold_loss":0,"cards_obtained":["Pain"]},{"damage_healed":0,"gold_gain":0,"player_choice":"Copied","damage_taken":0,"max_hp_gain":0,"max_hp_loss":0,"event_name":"Duplicator","floor":39,"gold_loss":0,"cards_obtained":["Uppercut"]},{"damage_healed":21,"gold_gain":0,"player_choice":"Writhe","damage_taken":0,"max_hp_gain":0,"max_hp_loss":0,"event_name":"Winding Halls","floor":42,"gold_loss":0,"cards_obtained":["Writhe"]},{"damage_healed":0,"gold_gain":0,"player_choice":"Fight","damage_taken":0,"max_hp_gain":0,"max_hp_loss":0,"event_name":"MindBloom","floor":44,"gold_loss":0},{"cards_removed":["Fire Breathing"],"damage_healed":0,"gold_gain":0,"player_choice":"Removed Power","damage_taken":0,"max_hp_gain":0,"max_hp_loss":0,"event_name":"Falling","floor":47,"gold_loss":0}],"is_beta":false,"boss_relics":[{"not_picked":["Astrolabe","Eternal Feather"],"picked":"Cursed Key"},{"not_picked":["Philosopher\u0027s Stone","Orrery"],"picked":"Empty Cage"}],"items_purged_floors":[22,37],"is_endless":false,"potions_floor_spawned":[2,11,12,18,23,27,28,30,35,40,45,48],"ascension_level":14}