{"gold_per_floor":[109,122,133,153,183,216,216,216,216,216,141,161,188,188,188,188],"floor_reached":16,"playtime":1252,"items_purged":["Defend_R"],"score":127,"play_id":"b4b69ade-e6ef-4717-a9df-62d70e48d158","local_time":"20190115013653","is_ascension_mode":true,"campfire_choices":[{"floor":7,"key":"REST"},{"data":"Bash","floor":10,"key":"SMITH"},{"floor":15,"key":"REST"}],"neow_cost":"NONE","seed_source_timestamp":220476377289986,"circlet_count":0,"master_deck":["Strike_R","Strike_R","Strike_R","Strike_R","Defend_R","Defend_R","Defend_R","Bash+1","Thunderclap","Burning Pact","Sword Boomerang","Iron Wave","Metallicize","Metallicize"],"relics":["Burning Blood","NeowsBlessing","Tiny Chest","Ornamental Fan","Omamori","Magic Flower","Incense Burner"],"potions_floor_usage":[6,16,16],"damage_taken":[{"damage":0,"enemies":"Cultist","floor":1,"turns":1},{"damage":0,"enemies":"2 Louse","floor":2,"turns":1},{"damage":0,"enemies":"Jaw Worm","floor":3,"turns":1},{"damage":13,"enemies":"3 Louse","floor":4,"turns":4},{"damage":35,"enemies":"3 Sentries","floor":6,"turns":7},{"damage":14,"enemies":"Lots of Slimes","floor":12,"turns":4},{"damage":26,"enemies":"Gremlin Nob","floor":13,"turns":5},{"damage":66,"enemies":"Hexaghost","floor":16,"turns":16}],"seed_played":"-738540677449444432","potions_obtained":[{"floor":1,"key":"AttackPotion"},{"floor":6,"key":"SpeedPotion"},{"floor":13,"key":"Weak Potion"}],"is_trial":false,"path_per_floor":["M","M","M","M","T","E","R","?","T","R","$","M","E","?","R","B"],"character_chosen":"IRONCLAD","items_purchased":[],"campfire_rested":2,"item_purchase_floors":[],"current_hp_per_floor":[80,80,80,73,73,44,68,61,61,61,61,56,39,39,63,0],"gold":188,"neow_bonus":"THREE_ENEMY_KILL","is_prod":false,"is_daily":false,"chose_seed":false,"campfire_upgraded":1,"win_rate":0,"timestamp":1547545013,"path_taken":["M","M","?","?","?","E","R","?","T","R","?","M","E","?","R","BOSS"],"build_version":"2019-01-10","purchased_purges":1,"victory":false,"max_hp_per_floor":[80,80,80,80,80,80,80,80,80,80,80,80,80,80,80,80],"card_choices":[{"not_picked":["Wild Strike","Havoc"],"picked":"Thunderclap","floor":1},{"not_picked":["Evolve","Blood for Blood"],"picked":"Burning Pact","floor":2},{"not_picked":["Headbutt","Heavy Blade","Evolve"],"picked":"SKIP","floor":3},{"not_picked":["Evolve","Warcry"],"picked":"Sword Boomerang","floor":4},{"not_picked":["Battle Trance","Cleave"],"picked":"Iron Wave","floor":6},{"not_picked":["Blood for Blood","Sword Boomerang","True Grit"],"picked":"SKIP","floor":12},{"not_picked":["Body Slam","Battle Trance"],"picked":"Metallicize","floor":13}],"player_experience":161866,"relics_obtained":[{"floor":5,"key":"Tiny Chest"},{"floor":6,"key":"Ornamental Fan"},{"floor":9,"key":"Magic Flower"},{"floor":13,"key":"Incense Burner"}],"event_choices":[{"damage_healed":0,"gold_gain":0,"player_choice":"Success","damage_taken":7,"relics_obtained":["Omamori"],"max_hp_gain":0,"max_hp_loss":0,"event_name":"Scrap Ooze","floor":8,"gold_loss":0},{"damage_healed":0,"gold_gain":0,"cards_transformed":["Strike_R"],"player_choice":"Transformed","damage_taken":0,"max_hp_gain":0,"max_hp_loss":0,"event_name":"Transmorgrifier","floor":14,"gold_loss":0,"cards_obtained":["Metallicize"]}],"is_beta":false,"boss_relics":[],"items_purged_floors":[11],"is_endless":false,"potions_floor_spawned":[1,6,13],"killed_by":"Hexaghost","ascension_level":3}