{"gold_per_floor":[109,109,109,123,123,123,156,181,181,196,196,371,371,415,415,541,541,562,132,132,91,116,116,116,139,139,170,170,195,210,228,228,228],"floor_reached":33,"playtime":2391,"items_purged":["Doubt"],"score":344,"play_id":"e04de81c-20a6-4f4f-b3b2-11bbfa7a7556","local_time":"20190214011205","is_ascension_mode":true,"campfire_choices":[{"data":"Zap","floor":6.0,"key":"SMITH"},{"data":"Reinforced Body","floor":11.0,"key":"SMITH"},{"data":"Dualcast","floor":13.0,"key":"SMITH"},{"data":"Doom and Gloom","floor":15.0,"key":"SMITH"},{"data":"Loop","floor":23,"key":"SMITH"},{"data":"Electrodynamics","floor":24,"key":"SMITH"},{"data":"Reinforced Body","floor":28,"key":"SMITH"},{"data":"Glacier","floor":32,"key":"SMITH"}],"neow_cost":"NONE","seed_source_timestamp":1315738356435800,"circlet_count":0,"master_deck":["Strike_B","Strike_B","Defend_B","Defend_B","Defend_B","Defend_B","Zap+1","Dualcast+1","Reinforced Body+1","Steam","Doom and Gloom+1","Melter","Ball Lightning+1","Cold Snap+1","Electrodynamics+1","Darkness+1","Undo","Loop+1","Cold Snap+1","Chill","Reinforced Body+1","Injury","BootSequence+1","Glacier+1","Sunder+1"],"special_seed":0,"relics":["Cracked Core","Pen Nib","Golden Idol","Torii","Molten Egg 2","WingedGreaves","Cursed Key","Membership Card","PreservedInsect","Symbiotic Virus","Art of War"],"potions_floor_usage":[33],"damage_taken":[{"damage":0.0,"enemies":"Small Slimes","floor":1.0,"turns":2.0},{"damage":0.0,"enemies":"Cultist","floor":4.0,"turns":5.0},{"damage":24.0,"enemies":"3 Sentries","floor":7.0,"turns":9.0},{"damage":0.0,"enemies":"Jaw Worm","floor":8.0,"turns":3.0},{"damage":1.0,"enemies":"Looter","floor":10.0,"turns":4.0},{"damage":2.0,"enemies":"Lagavulin","floor":14.0,"turns":4.0},{"damage":9.0,"enemies":"Slime Boss","floor":16.0,"turns":8.0},{"damage":1,"enemies":"Chosen","floor":18,"turns":4},{"damage":17,"enemies":"2 Thieves","floor":22,"turns":2},{"damage":12,"enemies":"Cultist and Chosen","floor":25,"turns":2},{"damage":15,"enemies":"Slavers","floor":27,"turns":2},{"damage":0,"enemies":"3 Cultists","floor":29,"turns":3},{"damage":0,"enemies":"Sentry and Sphere","floor":30,"turns":3},{"damage":0,"enemies":"Centurion and Healer","floor":31,"turns":5},{"damage":57,"enemies":"Champ","floor":33,"turns":12}],"seed_played":"1236385229586299351","potions_obtained":[{"floor":1.0,"key":"Strength Potion"},{"floor":10.0,"key":"FairyPotion"},{"floor":22,"key":"PowerPotion"},{"floor":30,"key":"FairyPotion"}],"is_trial":false,"path_per_floor":["M","$","?","M","?","R","E","M","T","M","R","?","R","E","R","B",null,"M","$","?","$","M","R","R","M","T","E","R","M","M","M","R","B"],"character_chosen":"DEFECT","items_purchased":["Membership Card","PreservedInsect","Symbiotic Virus","Loop","Cold Snap+1"],"campfire_rested":0,"item_purchase_floors":[19,19,19,21,21],"current_hp_per_floor":[75,75,75,75,57,57,33,33,33,32,32,32,32,30,30,21,62,61,61,61,61,44,44,44,32,32,17,17,17,17,17,17,0],"gold":228,"neow_bonus":"RANDOM_COMMON_RELIC","is_prod":false,"is_daily":false,"chose_seed":false,"campfire_upgraded":8,"win_rate":0,"timestamp":1550103125,"path_taken":["M","$","?","?","?","R","E","M","T","M","R","?","R","E","R","BOSS","M","$","?","?","M","R","R","M","T","E","R","?","M","?","R","BOSS"],"build_version":"2019-01-23","purchased_purges":1,"victory":false,"max_hp_per_floor":[75,75,75,75,75,75,75,75,75,75,75,75,75,75,75,75,75,75,75,75,75,75,75,75,75,75,75,75,75,75,75,75,75],"card_choices":[{"not_picked":["Streamline","Blizzard"],"picked":"Reinforced Body","floor":1.0},{"not_picked":["Compile Driver","Recycle"],"picked":"Steam","floor":4.0},{"not_picked":["Barrage","Ball Lightning"],"picked":"Doom and Gloom","floor":7.0},{"not_picked":["White Noise","Recycle"],"picked":"Melter","floor":8.0},{"not_picked":["Gash+1","FTL+1"],"picked":"Ball Lightning+1","floor":10.0},{"not_picked":["Ball Lightning+1","Compile Driver+1"],"picked":"Cold Snap+1","floor":14.0},{"not_picked":["Multi-Cast","Fission"],"picked":"Electrodynamics","floor":16.0},{"not_picked":["Skim","Steam+1"],"picked":"Darkness+1","floor":18},{"not_picked":["Aggregate+1","Steam+1"],"picked":"Chill","floor":22},{"not_picked":["Doom and Gloom+1","Streamline+1"],"picked":"Reinforced Body","floor":25},{"not_picked":["Turbo","Recycle"],"picked":"BootSequence+1","floor":27},{"not_picked":["Hello World+1","White Noise","Beam Cell+1"],"picked":"SKIP","floor":29},{"not_picked":["Hologram","Steam"],"picked":"Glacier","floor":30},{"not_picked":["Lockon+1","Hyperbeam+1"],"picked":"Sunder+1","floor":31}],"player_experience":147560,"relics_obtained":[{"floor":7.0,"key":"Torii"},{"floor":9.0,"key":"Molten Egg 2"},{"floor":14.0,"key":"WingedGreaves"},{"floor":27,"key":"Art of War"}],"event_choices":[{"cards_removed":["Strike_B"],"damage_healed":0.0,"max_hp_gain":0.0,"max_hp_loss":0.0,"gold_gain":0.0,"event_name":"Bonfire Elementals","player_choice":"Offered Basic","floor":3.0,"gold_loss":0.0,"damage_taken":0.0},{"damage_healed":0.0,"max_hp_gain":0.0,"max_hp_loss":0.0,"gold_gain":0.0,"event_name":"Golden Idol","player_choice":"Take Damage","floor":5.0,"gold_loss":0.0,"damage_taken":18.0,"relics_obtained":["Golden Idol"]},{"damage_healed":0.0,"max_hp_gain":0.0,"max_hp_loss":0.0,"gold_gain":175.0,"event_name":"Liars Game","player_choice":"AGREE","floor":12.0,"gold_loss":0.0,"damage_taken":0.0,"cards_obtained":["Doubt"]},{"damage_healed":0,"gold_gain":0,"cards_transformed":["Strike_B"],"player_choice":"Transformed","damage_taken":0,"max_hp_gain":0,"max_hp_loss":0,"event_name":"Transmorgrifier","floor":20,"gold_loss":0,"cards_obtained":["Undo"]}],"is_beta":false,"boss_relics":[{"not_picked":["Runic Pyramid","Velvet Choker"],"picked":"Cursed Key"}],"items_purged_floors":[19],"is_endless":false,"potions_floor_spawned":[1,10,22,25,30],"killed_by":"Champ","ascension_level":5}