{"gold_per_floor":[17,28,103,103,103,129,129,159,185,185,185,202,217,237,237,342,342,360,111,111,111,122,152,152,251,251,280,292,312,340,340,340,441,441,455,455,468,40,54,54,54],"floor_reached":41,"playtime":3250,"items_purged":[],"score":748,"play_id":"453539fd-14aa-4c53-b567-27f8d0c7cbf9","local_time":"20190215021139","is_ascension_mode":true,"campfire_choices":[{"floor":7,"key":"REST"},{"floor":10,"key":"REST"},{"floor":15,"key":"REST"},{"data":"Thinking Ahead","floor":24,"key":"SMITH"},{"floor":32,"key":"REST"},{"floor":40,"key":"REST"}],"neow_cost":"NO_GOLD","seed_source_timestamp":90140428001307,"circlet_count":0,"master_deck":["Strike_B+1","Strike_B+1","Strike_B+1","Defend_B+1","Defend_B+1","Defend_B+1","Defend_B+1","Zap+1","Dualcast","Thinking Ahead+1","Deep Breath+1","Ball Lightning","Rip and Tear+1","Rip and Tear","Leap","Sweeping Beam","Leap","Machine Learning+1","Self Repair","Hello World","Machine Learning","Gash+1","Ball Lightning+1","Panache"],"relics":["Cracked Core","Whetstone","Thread and Needle","PreservedInsect","Busted Crown","Bottled Flame","Anchor","Peace Pipe","Bottled Lightning","Strawberry","Oddly Smooth Stone","Inserter","GremlinMask","Ornamental Fan"],"potions_floor_usage":[8,16,23,29,33,33,41,41],"damage_taken":[{"damage":1,"enemies":"Cultist","floor":1,"turns":3},{"damage":0,"enemies":"Small Slimes","floor":2,"turns":2},{"damage":32,"enemies":"Gremlin Nob","floor":6,"turns":4},{"damage":21,"enemies":"3 Sentries","floor":8,"turns":4},{"damage":0,"enemies":"Jaw Worm","floor":12,"turns":1},{"damage":0,"enemies":"Large Slime","floor":13,"turns":3},{"damage":0,"enemies":"Exordium Wildlife","floor":14,"turns":3},{"damage":0,"enemies":"Slime Boss","floor":16,"turns":7},{"damage":0,"enemies":"Spheric Guardian","floor":18,"turns":3},{"damage":0,"enemies":"Chosen","floor":22,"turns":3},{"damage":0,"enemies":"Slavers","floor":23,"turns":3},{"damage":11,"enemies":"Book of Stabbing","floor":27,"turns":4},{"damage":21,"enemies":"Snecko","floor":28,"turns":6},{"damage":9,"enemies":"Centurion and Healer","floor":29,"turns":6},{"damage":17,"enemies":"Gremlin Leader","floor":30,"turns":5},{"damage":43,"enemies":"Collector","floor":33,"turns":12},{"damage":29,"enemies":"3 Darklings","floor":35,"turns":6},{"damage":5,"enemies":"Orb Walker","floor":37,"turns":4},{"damage":41,"enemies":"Jaw Worm Horde","floor":39,"turns":5},{"damage":50,"enemies":"Nemesis","floor":41,"turns":6}],"seed_played":"7878158629340207878","potions_obtained":[{"floor":6,"key":"PowerPotion"},{"floor":8,"key":"LiquidBronze"},{"floor":13,"key":"Dexterity Potion"},{"floor":14,"key":"AttackPotion"},{"floor":22,"key":"Fire Potion"},{"floor":27,"key":"Regen Potion"},{"floor":37,"key":"FocusPotion"},{"floor":39,"key":"EssenceOfSteel"}],"is_trial":false,"path_per_floor":["M","M","?","?","$","E","R","E","T","R","?","M","M","M","R","B",null,"M","$","?","?","M","E","R","?","T","E","M","M","E","?","R","B",null,"M","?","M","$","M","R","E"],"character_chosen":"DEFECT","items_purchased":["Bottled Flame","Panache","Ornamental Fan"],"campfire_rested":5,"item_purchase_floors":[19,38,38],"current_hp_per_floor":[67,67,56,41,41,9,31,10,10,32,32,32,32,32,54,54,70,70,70,70,70,70,70,70,70,70,73,59,72,62,62,82,46,73,51,51,53,53,19,43,0],"gold":54,"neow_bonus":"RANDOM_COLORLESS_2","is_prod":false,"is_daily":false,"chose_seed":false,"campfire_upgraded":1,"win_rate":0,"timestamp":1550225499,"path_taken":["M","M","?","?","?","E","R","E","T","R","?","M","?","M","R","BOSS","M","$","?","?","?","E","R","?","T","E","M","M","E","?","R","BOSS","M","?","?","$","M","R","E"],"build_version":"2019-01-23","purchased_purges":0,"victory":false,"max_hp_per_floor":[75,75,75,75,75,75,75,75,75,75,75,75,75,75,75,75,75,75,75,75,75,75,75,75,75,75,82,82,82,82,82,82,82,82,82,82,82,82,82,82,82],"card_choices":[{"not_picked":["BootSequence","Turbo"],"picked":"Ball Lightning","floor":1},{"not_picked":["Scrape","Force Field"],"picked":"Rip and Tear","floor":2},{"not_picked":["Blizzard","All For One","Streamline"],"picked":"SKIP","floor":6},{"not_picked":["Compile Driver","Blizzard"],"picked":"Rip and Tear","floor":8},{"not_picked":["Streamline","Compile Driver"],"picked":"Leap","floor":12},{"not_picked":["Barrage","Beam Cell"],"picked":"Sweeping Beam","floor":13},{"not_picked":["Gash","Redo"],"picked":"Leap","floor":14},{"not_picked":["Fission","Biased Cognition"],"picked":"Machine Learning","floor":16},{"not_picked":["Streamline"],"picked":"SKIP","floor":18},{"not_picked":["Streamline"],"picked":"SKIP","floor":22},{"not_picked":[],"picked":"Self Repair","floor":23},{"not_picked":["Meteor Strike"],"picked":"SKIP","floor":27},{"not_picked":["Beam Cell"],"picked":"SKIP","floor":28},{"not_picked":["Chill"],"picked":"SKIP","floor":29},{"not_picked":[],"picked":"Hello World","floor":30},{"not_picked":[],"picked":"Machine Learning","floor":33},{"not_picked":[],"picked":"Gash+1","floor":35},{"not_picked":[],"picked":"Ball Lightning+1","floor":37},{"not_picked":["Auto Shields"],"picked":"SKIP","floor":39}],"player_experience":405016,"relics_obtained":[{"floor":6,"key":"Whetstone"},{"floor":8,"key":"Thread and Needle"},{"floor":9,"key":"PreservedInsect"},{"floor":23,"key":"Peace Pipe"},{"floor":26,"key":"Bottled Lightning"},{"floor":27,"key":"Strawberry"},{"floor":30,"key":"Oddly Smooth Stone"}],"event_choices":[{"damage_healed":0,"gold_gain":75,"player_choice":"Gather Gold","damage_taken":11,"max_hp_gain":0,"max_hp_loss":0,"event_name":"World of Goop","floor":3,"gold_loss":0},{"damage_healed":0,"gold_gain":0,"player_choice":"Entered Light","damage_taken":15,"max_hp_gain":0,"max_hp_loss":0,"event_name":"Shining Light","floor":4,"gold_loss":0,"cards_upgraded":["Deep Breath","Zap"]},{"cards_removed":["Strike_B"],"damage_healed":0,"gold_gain":0,"player_choice":"Forget","damage_taken":0,"max_hp_gain":0,"max_hp_loss":0,"event_name":"Living Wall","floor":11,"gold_loss":0},{"damage_healed":0,"gold_gain":0,"player_choice":"Opened","damage_taken":0,"relics_obtained":["Anchor"],"max_hp_gain":0,"max_hp_loss":0,"event_name":"The Mausoleum","floor":20,"gold_loss":0},{"damage_healed":0,"gold_gain":0,"player_choice":"Forge","damage_taken":0,"max_hp_gain":0,"max_hp_loss":0,"event_name":"Accursed Blacksmith","floor":21,"gold_loss":0,"cards_upgraded":["Machine Learning"]},{"damage_healed":0,"gold_gain":99,"player_choice":"Stole From Cult","damage_taken":0,"max_hp_gain":0,"max_hp_loss":0,"event_name":"Nest","floor":25,"gold_loss":0},{"damage_healed":0,"gold_gain":0,"player_choice":"Simplicity","damage_taken":0,"max_hp_gain":0,"max_hp_loss":0,"event_name":"Back to Basics","floor":31,"gold_loss":0,"cards_upgraded":["Strike_B","Strike_B","Defend_B","Defend_B","Defend_B","Defend_B"]},{"damage_healed":0,"gold_gain":0,"player_choice":"Trade","damage_taken":0,"relics_obtained":["GremlinMask"],"max_hp_gain":0,"max_hp_loss":0,"event_name":"FaceTrader","floor":36,"gold_loss":0}],"is_beta":false,"boss_relics":[{"not_picked":["Pandora\u0027s Box","Philosopher\u0027s Stone"],"picked":"Busted Crown"},{"not_picked":["Cursed Key","Runic Dome"],"picked":"Inserter"}],"items_purged_floors":[],"is_endless":false,"potions_floor_spawned":[6,8,13,14,22,27,28,37,39],"killed_by":"Nemesis","ascension_level":8}