{"gold_per_floor":[116,135,135,210,220,220,240,240,265,280,100,112,126,185,185,288,288,307,326,326,326,85,119,41,67,93,93,93,93,120,132,132,234,234,252,104,0,100,23,23,64,88,153,49,49,49,49,103,103,103],"floor_reached":51,"playtime":4065,"items_purged":[],"score":1178,"play_id":"616a0a97-ed22-48f9-9a68-e59320b1a818","local_time":"20190210125336","is_ascension_mode":true,"campfire_choices":[{"floor":8,"key":"REST"},{"data":"Apotheosis","floor":15,"key":"SMITH"},{"floor":28,"key":"REST"},{"data":"Spot Weakness","floor":32,"key":"SMITH"},{"floor":46,"key":"RECALL"},{"floor":49,"key":"REST"}],"neow_cost":"NONE","seed_source_timestamp":2504641438262065,"circlet_count":0,"master_deck":["Strike_R+1","Strike_R+1","Strike_R+1","Strike_R+1","Defend_R+1","Defend_R+1","Defend_R+1","Defend_R+1","Bash","Uppercut","Armaments","Clothesline","Dropkick","Infernal Blade","Apotheosis+1","Infernal Blade","Cleave","Brutality","Metallicize","Shrug It Off+1","Ghostly","Ghostly","Ghostly","Ghostly","Ghostly","Spot Weakness+1","Spot Weakness+1","Metallicize","Warcry+1","Feed","Infernal Blade","Burning Pact+1","Battle Trance+1"],"relics":["Burning Blood","Anchor","Bag of Preparation","Tiny Chest","Sozu","Membership Card","Dead Branch","Pen Nib","The Courier","Regal Pillow","Bronze Scales","Dodecahedron","Darkstone Periapt","Fusion Hammer","Bag of Marbles","Orichalcum","Red Mask","Pocketwatch","Lee\u0027s Waffle","MawBank","Paper Frog","Centennial Puzzle","Vajra","Ancient Tea Set","Mango"],"potions_floor_usage":[10,14,16],"damage_taken":[{"damage":8,"enemies":"Small Slimes","floor":1,"turns":4},{"damage":2,"enemies":"Jaw Worm","floor":2,"turns":3},{"damage":1,"enemies":"2 Louse","floor":5,"turns":3},{"damage":3,"enemies":"Exordium Wildlife","floor":7,"turns":5},{"damage":10,"enemies":"Lots of Slimes","floor":10,"turns":6},{"damage":3,"enemies":"Looter","floor":12,"turns":3},{"damage":4,"enemies":"3 Louse","floor":13,"turns":5},{"damage":17,"enemies":"3 Sentries","floor":14,"turns":6},{"damage":56,"enemies":"Slime Boss","floor":16,"turns":10},{"damage":11,"enemies":"3 Byrds","floor":18,"turns":4},{"damage":0,"enemies":"Chosen","floor":19,"turns":4},{"damage":27,"enemies":"Book of Stabbing","floor":23,"turns":7},{"damage":4,"enemies":"Slavers","floor":25,"turns":6},{"damage":0,"enemies":"Gremlin Leader","floor":30,"turns":4},{"damage":3,"enemies":"3 Cultists","floor":31,"turns":4},{"damage":16,"enemies":"Champ","floor":33,"turns":8},{"damage":2,"enemies":"Orb Walker","floor":35,"turns":3},{"damage":0,"enemies":"Mind Bloom Boss Battle","floor":38,"turns":5},{"damage":5,"enemies":"Giant Head","floor":41,"turns":7},{"damage":1,"enemies":"3 Darklings","floor":42,"turns":2},{"damage":4,"enemies":"2 Orb Walkers","floor":48,"turns":4},{"damage":6,"enemies":"Awakened One","floor":50,"turns":8}],"seed_played":"8044332581208755961","potions_obtained":[{"floor":2,"key":"Regen Potion"},{"floor":5,"key":"Block Potion"},{"floor":10,"key":"AttackPotion"}],"is_trial":false,"path_per_floor":["M","M","?","?","M","?","M","R","T","M","$","M","M","E","R","B",null,"M","M","?","?","$","E","$","E","T","T","R","T","E","M","R","B",null,"M","$","?","?","$","?","E","M","T","$","?","R","?","?","R","B",null],"character_chosen":"IRONCLAD","items_purchased":["Apotheosis","Membership Card","Spot Weakness","Pen Nib","Bag of Marbles","Orichalcum","Infernal Blade","Lee\u0027s Waffle","Vajra","Ancient Tea Set"],"campfire_rested":3,"item_purchase_floors":[11,22,22,24,36,36,36,39,44,44],"current_hp_per_floor":[78,82,75,64,69,51,54,80,80,76,76,79,81,70,70,35,75,70,76,76,44,44,23,23,25,25,25,44,44,44,44,44,34,42,44,44,44,44,51,51,51,51,51,51,51,51,51,69,69,69],"gold":103,"neow_bonus":"TEN_PERCENT_HP_BONUS","is_prod":false,"is_daily":false,"chose_seed":false,"campfire_upgraded":2,"win_rate":0,"timestamp":1549832016,"path_taken":["M","M","?","?","?","?","M","R","T","M","?","M","?","E","R","BOSS","M","M","?","?","?","E","?","E","T","?","R","?","E","M","R","BOSS","M","$","?","?","$","?","E","?","T","?","?","R","?","?","R","BOSS"],"build_version":"2019-01-23","purchased_purges":0,"victory":true,"max_hp_per_floor":[88,88,88,88,88,88,88,88,88,88,88,88,88,88,88,88,88,88,88,88,44,44,44,44,44,44,44,44,44,44,44,44,44,44,44,44,44,44,51,51,51,51,51,51,51,51,51,69,69,69],"card_choices":[{"not_picked":["Clothesline","Clash"],"picked":"Uppercut","floor":1},{"not_picked":["Anger","Pummel"],"picked":"Armaments","floor":2},{"not_picked":["Havoc","True Grit"],"picked":"Clothesline","floor":5},{"not_picked":["Twin Strike","Hemokinesis"],"picked":"Dropkick","floor":7},{"not_picked":["Hemokinesis","Iron Wave"],"picked":"Infernal Blade","floor":10},{"not_picked":["Perfected Strike","Wild Strike"],"picked":"Infernal Blade","floor":12},{"not_picked":["Bludgeon","Havoc"],"picked":"Cleave","floor":13},{"not_picked":["Body Slam","Pummel"],"picked":"Brutality","floor":14},{"not_picked":["Anger","Evolve+1"],"picked":"Metallicize","floor":18},{"not_picked":["Burning Pact","True Grit"],"picked":"Shrug It Off+1","floor":19},{"not_picked":["Perfected Strike","Clothesline+1"],"picked":"Spot Weakness+1","floor":23},{"not_picked":["Anger","Sword Boomerang+1","Thunderclap"],"picked":"SKIP","floor":25},{"not_picked":["Fire Breathing+1","Immolate"],"picked":"Metallicize","floor":30},{"not_picked":["Shrug It Off","Rage"],"picked":"Warcry+1","floor":31},{"not_picked":["Barricade","Offering"],"picked":"Feed","floor":33},{"not_picked":["Searing Blow","Reckless Charge"],"picked":"Heavy Blade","floor":35},{"not_picked":["Armaments","Headbutt+1"],"picked":"Burning Pact+1","floor":38},{"not_picked":["True Grit","Fire Breathing+1"],"picked":"Battle Trance+1","floor":41},{"not_picked":["Cleave","Havoc","Armaments"],"picked":"SKIP","floor":42}],"player_experience":326085,"relics_obtained":[{"floor":9,"key":"Bag of Preparation"},{"floor":14,"key":"Tiny Chest"},{"floor":23,"key":"Dead Branch"},{"floor":25,"key":"The Courier"},{"floor":26,"key":"Regal Pillow"},{"floor":27,"key":"Bronze Scales"},{"floor":29,"key":"Dodecahedron"},{"floor":30,"key":"Darkstone Periapt"},{"floor":38,"key":"Pocketwatch"},{"floor":41,"key":"Paper Frog"},{"floor":43,"key":"Centennial Puzzle"},{"floor":48,"key":"Mango"}],"event_choices":[{"damage_healed":0,"gold_gain":0,"player_choice":"Success","damage_taken":7,"relics_obtained":["Anchor"],"max_hp_gain":0,"max_hp_loss":0,"event_name":"Scrap Ooze","floor":3,"gold_loss":0},{"damage_healed":0,"gold_gain":75,"player_choice":"Gather Gold","damage_taken":11,"max_hp_gain":0,"max_hp_loss":0,"event_name":"World of Goop","floor":4,"gold_loss":0},{"damage_healed":0,"gold_gain":0,"player_choice":"Entered Light","damage_taken":18,"max_hp_gain":0,"max_hp_loss":0,"event_name":"Shining Light","floor":6,"gold_loss":0,"cards_upgraded":["Defend_R","Defend_R"]},{"damage_healed":0,"gold_gain":0,"player_choice":"Simplicity","damage_taken":0,"max_hp_gain":0,"max_hp_loss":0,"event_name":"Back to Basics","floor":20,"gold_loss":0,"cards_upgraded":["Strike_R","Strike_R","Strike_R","Strike_R","Strike_R","Defend_R","Defend_R"]},{"damage_healed":0,"gold_gain":0,"player_choice":"Became a Ghost","damage_taken":0,"max_hp_gain":0,"max_hp_loss":44,"event_name":"Ghosts","floor":21,"gold_loss":0,"cards_obtained":["Ghostly","Ghostly","Ghostly","Ghostly","Ghostly"]},{"damage_healed":0,"gold_gain":0,"player_choice":"Paid","damage_taken":0,"relics_obtained":["Red Mask"],"max_hp_gain":0,"max_hp_loss":0,"event_name":"Tomb of Lord Red Mask","floor":37,"gold_loss":104},{"damage_healed":0,"gold_gain":0,"player_choice":"Fight","damage_taken":0,"max_hp_gain":0,"max_hp_loss":0,"event_name":"MindBloom","floor":38,"gold_loss":0},{"cards_removed":["Heavy Blade"],"damage_healed":0,"gold_gain":0,"player_choice":"Gave Card","damage_taken":0,"relics_obtained":["MawBank"],"max_hp_gain":0,"max_hp_loss":0,"event_name":"WeMeetAgain","floor":40,"gold_loss":0},{"damage_healed":0,"gold_gain":0,"player_choice":"Memory 1","damage_taken":0,"max_hp_gain":0,"max_hp_loss":0,"event_name":"SensoryStone","floor":45,"gold_loss":0},{"cards_removed":["Strike_R"],"damage_healed":0,"gold_gain":0,"player_choice":"Removed Attack","damage_taken":0,"max_hp_gain":0,"max_hp_loss":0,"event_name":"Falling","floor":47,"gold_loss":0},{"damage_healed":0,"gold_gain":0,"player_choice":"Fight","damage_taken":0,"max_hp_gain":0,"max_hp_loss":0,"event_name":"Mysterious Sphere","floor":48,"gold_loss":0}],"is_beta":false,"boss_relics":[{"not_picked":["Orrery","Tiny House"],"picked":"Sozu"},{"not_picked":["Runic Dome","Black Star"],"picked":"Fusion Hammer"}],"items_purged_floors":[],"is_endless":false,"potions_floor_spawned":[2,5,10,19,23,30,35,38,48],"ascension_level":6}