{"gold_per_floor":[17,17,17,92,92,92,149,149,149,161,186,203,229,243,243,342,342,359,369,369,396,88,121,121,146,173,173,192,210,1,18,18,118,118,135,209,219,142,142,142,19,52,52,52,152,184,194,12,12,12],"floor_reached":51,"playtime":2148,"items_purged":["Writhe"],"score":936,"play_id":"6270459a-c619-44ad-a6e1-f7b718bd7303","local_time":"20190127204055","is_ascension_mode":true,"campfire_choices":[{"data":"Metallicize","floor":6,"key":"SMITH"},{"data":"Impervious","floor":8,"key":"SMITH"},{"data":"Armaments","floor":15,"key":"SMITH"},{"data":"Demon Form","floor":24,"key":"SMITH"},{"data":"Flame Barrier","floor":32,"key":"SMITH"},{"data":"Limit Break","floor":40,"key":"SMITH"},{"data":"Double Tap","floor":44,"key":"SMITH"},{"floor":49,"key":"REST"}],"neow_cost":"NO_GOLD","seed_source_timestamp":547762278136205,"circlet_count":0,"master_deck":["Strike_R","Strike_R","Strike_R","Defend_R+1","Defend_R","Defend_R","Bash+1","Metallicize+1","Sever Soul","Headbutt","Impervious+1","Clash","Clash","Anger","True Grit+1","Armaments+1","Demon Form+1","Seeing Red+1","Evolve","Flame Barrier+1","Sword Boomerang+1","Disarm+1","Rage+1","Flex+1","Limit Break+1","Body Slam+1","Double Tap+1","Violence","Twin Strike+1","Battle Trance","Heavy Blade+1","Heavy Blade+1"],"relics":["Burning Blood","Bag of Marbles","Tiny Chest","Gremlin Horn","Boot","War Paint","Busted Crown","Pen Nib","Omamori","Bronze Scales","Oddly Smooth Stone","Dream Catcher","Art of War","Unceasing Top","Membership Card","Lizard Tail","Shuriken","Paper Frog","Juzu Bracelet","Frozen Egg 2","Incense Burner","Meat on the Bone","Ancient Tea Set","Bag of Preparation"],"potions_floor_usage":[16,19,19,25,25,25,33,33,33,50,50,50],"damage_taken":[{"damage":7,"enemies":"Jaw Worm","floor":1,"turns":3},{"damage":30,"enemies":"3 Sentries","floor":7,"turns":7},{"damage":0,"enemies":"Small Slimes","floor":10,"turns":3},{"damage":4,"enemies":"Gremlin Nob","floor":11,"turns":4},{"damage":0,"enemies":"2 Louse","floor":12,"turns":2},{"damage":13,"enemies":"3 Sentries","floor":13,"turns":6},{"damage":0,"enemies":"Large Slime","floor":14,"turns":3},{"damage":2,"enemies":"Hexaghost","floor":16,"turns":7},{"damage":0,"enemies":"2 Thieves","floor":18,"turns":3},{"damage":13,"enemies":"3 Byrds","floor":19,"turns":4},{"damage":32,"enemies":"Gremlin Leader","floor":23,"turns":6},{"damage":8,"enemies":"Slavers","floor":25,"turns":6},{"damage":8,"enemies":"Cultist and Chosen","floor":28,"turns":4},{"damage":0,"enemies":"Centurion and Healer","floor":29,"turns":5},{"damage":31,"enemies":"Snecko","floor":31,"turns":5},{"damage":9,"enemies":"Automaton","floor":33,"turns":6},{"damage":4,"enemies":"Orb Walker","floor":35,"turns":4},{"damage":0,"enemies":"3 Shapes","floor":37,"turns":2},{"damage":31,"enemies":"Nemesis","floor":42,"turns":5},{"damage":0,"enemies":"Mind Bloom Boss Battle","floor":45,"turns":4},{"damage":3,"enemies":"Giant Head","floor":46,"turns":5},{"damage":26,"enemies":"Maw","floor":47,"turns":6},{"damage":56,"enemies":"Donu and Deca","floor":50,"turns":7}],"seed_played":"8362577550883976146","potions_obtained":[{"floor":1,"key":"Ancient Potion"},{"floor":10,"key":"PowerPotion"},{"floor":12,"key":"SkillPotion"},{"floor":13,"key":"Poison Potion"},{"floor":14,"key":"EntropicBrew"},{"floor":25,"key":"LiquidBronze"},{"floor":29,"key":"Swift Potion"},{"floor":31,"key":"BloodPotion"},{"floor":42,"key":"FearPotion"},{"floor":47,"key":"Dexterity Potion"}],"is_trial":false,"path_per_floor":["M","?","?","?","?","R","E","R","T","M","E","M","E","M","R","B",null,"M","M","?","T","$","E","R","E","T","T","M","M","$","M","R","B",null,"M","T","M","$","?","R","$","E","T","R","?","E","M","$","R","B",null],"character_chosen":"IRONCLAD","items_purchased":["Bronze Scales","Flame Barrier","Membership Card","Double Tap","Paper Frog","Ancient Tea Set","Bag of Preparation","LiquidBronze"],"campfire_rested":1,"item_purchase_floors":[22,22,30,38,41,48,48,48],"current_hp_per_floor":[79,76,76,65,65,65,41,41,41,47,49,55,48,54,54,58,75,80,73,73,73,73,47,47,68,68,68,66,72,72,47,47,52,73,75,75,80,80,75,75,75,50,50,50,56,59,51,51,75,37],"gold":12,"neow_bonus":"TRANSFORM_TWO_CARDS","is_prod":false,"is_daily":false,"chose_seed":false,"campfire_upgraded":7,"win_rate":0,"timestamp":1548614455,"path_taken":["M","?","?","?","?","R","E","R","T","?","E","M","E","M","R","BOSS","M","?","?","?","$","E","R","E","T","?","M","M","$","M","R","BOSS","M","?","M","$","?","R","?","E","T","R","?","E","M","$","R","BOSS"],"build_version":"2019-01-23","purchased_purges":1,"victory":true,"max_hp_per_floor":[80,80,80,80,80,80,80,80,80,80,80,80,80,80,80,80,80,80,80,80,80,80,80,80,80,80,80,80,80,80,80,80,80,80,80,80,80,80,80,80,80,80,80,80,80,80,80,80,80,80],"card_choices":[{"not_picked":["Blood for Blood","Warcry"],"picked":"Headbutt","floor":1},{"not_picked":["Offering","Twin Strike"],"picked":"Impervious","floor":7},{"not_picked":["Burning Pact","Thunderclap"],"picked":"Clash","floor":10},{"not_picked":["Combust","Brutality"],"picked":"Clash","floor":11},{"not_picked":["Pommel Strike","Headbutt"],"picked":"Anger","floor":12},{"not_picked":["Corruption","Entrench"],"picked":"True Grit","floor":13},{"not_picked":["Ghostly Armor","Entrench"],"picked":"Armaments","floor":14},{"not_picked":["Reaper","Brutality"],"picked":"Demon Form","floor":16},{"not_picked":[],"picked":"Seeing Red+1","floor":18},{"not_picked":[],"picked":"Evolve","floor":19},{"not_picked":["Thunderclap"],"picked":"SKIP","floor":23},{"not_picked":[],"picked":"Sword Boomerang+1","floor":25},{"not_picked":[],"picked":"Disarm+1","floor":28},{"not_picked":[],"picked":"Rage+1","floor":29},{"not_picked":[],"picked":"Flex+1","floor":31},{"not_picked":[],"picked":"Limit Break","floor":33},{"not_picked":["Anger"],"picked":"SKIP","floor":35},{"not_picked":[],"picked":"Body Slam+1","floor":37},{"not_picked":[],"picked":"Violence","floor":39},{"not_picked":[],"picked":"Twin Strike+1","floor":42},{"not_picked":[],"picked":"Battle Trance","floor":45},{"not_picked":["Pommel Strike"],"picked":"SKIP","floor":46},{"not_picked":[],"picked":"Heavy Blade+1","floor":47},{"not_picked":[],"picked":"Heavy Blade+1","floor":49}],"player_experience":121097,"relics_obtained":[{"floor":7,"key":"Tiny Chest"},{"floor":9,"key":"Gremlin Horn"},{"floor":11,"key":"Boot"},{"floor":13,"key":"War Paint"},{"floor":21,"key":"Omamori"},{"floor":23,"key":"Oddly Smooth Stone"},{"floor":25,"key":"Dream Catcher"},{"floor":26,"key":"Art of War"},{"floor":27,"key":"Unceasing Top"},{"floor":36,"key":"Shuriken"},{"floor":42,"key":"Juzu Bracelet"},{"floor":43,"key":"Frozen Egg 2"},{"floor":45,"key":"Incense Burner"},{"floor":46,"key":"Meat on the Bone"}],"event_choices":[{"damage_healed":0,"gold_gain":0,"player_choice":"Success","damage_taken":3,"relics_obtained":["Bag of Marbles"],"max_hp_gain":0,"max_hp_loss":0,"event_name":"Scrap Ooze","floor":2,"gold_loss":0},{"damage_healed":0,"gold_gain":0,"player_choice":"Grow","damage_taken":0,"max_hp_gain":0,"max_hp_loss":0,"event_name":"Living Wall","floor":3,"gold_loss":0,"cards_upgraded":["Bash"]},{"damage_healed":0,"gold_gain":75,"player_choice":"Gather Gold","damage_taken":11,"max_hp_gain":0,"max_hp_loss":0,"event_name":"World of Goop","floor":4,"gold_loss":0},{"cards_removed":["Strike_R"],"damage_healed":0,"gold_gain":0,"player_choice":"Offered Basic","damage_taken":0,"max_hp_gain":0,"max_hp_loss":0,"event_name":"Bonfire Elementals","floor":5,"gold_loss":0},{"damage_healed":0,"gold_gain":0,"player_choice":"Opened","damage_taken":0,"relics_obtained":["Pen Nib"],"max_hp_gain":0,"max_hp_loss":0,"event_name":"The Mausoleum","floor":20,"gold_loss":0,"cards_obtained":["Writhe"]},{"damage_healed":0,"gold_gain":0,"player_choice":"Memory 2","damage_taken":5,"max_hp_gain":0,"max_hp_loss":0,"event_name":"SensoryStone","floor":39,"gold_loss":0},{"damage_healed":0,"gold_gain":0,"player_choice":"Fight","damage_taken":0,"max_hp_gain":0,"max_hp_loss":0,"event_name":"MindBloom","floor":45,"gold_loss":0}],"is_beta":false,"boss_relics":[{"not_picked":["Orrery","Philosopher\u0027s Stone"],"picked":"Busted Crown"},{"not_picked":["Snecko Eye","Pandora\u0027s Box"],"picked":"Lizard Tail"}],"items_purged_floors":[22],"is_endless":false,"potions_floor_spawned":[1,10,12,13,14,25,29,31,42,47],"ascension_level":5}