{"gold_per_floor":[111,111,111,130,79,110,110,133,162,162,179,216,216,106,106,296,296,320,344,361,385,399,399,109,126,155,185,185,215,215,42,42,221,221,233,245,149,169,188,222,222,287,287,325,325,337,349,366,366,366,366,366,62,98,98],"floor_reached":56,"playtime":1878,"items_purged":["Shame","Injury"],"score":475,"play_id":"19430550-35be-4f71-994a-e4a4ec8b14f5","local_time":"20190220165441","is_ascension_mode":true,"campfire_choices":[{"data":"Corpse Explosion","floor":7,"key":"SMITH"},{"floor":13,"key":"RECALL"},{"data":"Choke","floor":15,"key":"SMITH"},{"data":"Infinite Blades","floor":23,"key":"SMITH"},{"data":"Infinite Blades","floor":28,"key":"SMITH"},{"data":"Infinite Blades","floor":32,"key":"SMITH"},{"data":"After Image","floor":41,"key":"SMITH"},{"data":"Infinite Blades","floor":49,"key":"SMITH"},{"data":"Storm of Steel","floor":52,"key":"SMITH"}],"neow_cost":"NONE","seed_source_timestamp":175908067747254,"circlet_count":0,"master_deck":["Defend_G+1","Defend_G+1","Defend_G+1","Defend_G+1","Defend_G+1","Strike_G+1","Strike_G+1","Strike_G+1","Strike_G+1","Strike_G+1","Survivor+1","Neutralize+1","Caltrops","Riddle With Holes","Accuracy","Caltrops+1","Corpse Explosion+1","Choke+1","Crippling Poison+1","Malaise","Blade Dance+1","Backflip","Infinite Blades+1","Terror","Infinite Blades+1","Infinite Blades+1","Blade Dance+1","Footwork","Infinite Blades+1","Storm of Steel+1","Infinite Blades+1","Predator+1","Accuracy","Phantasmal Killer","Cloak And Dagger+1","Infinite Blades+1","Blade Dance+1","After Image+1","PiercingWail+1","Leg Sweep+1","Backflip+1"],"special_seed":0,"relics":["Cursed Key","Orichalcum","Tingsha","Mummified Hand","Pen Nib","StoneCalendar","Blood Vial","Ancient Tea Set","Vajra","Prayer Wheel","Runic Pyramid","Lantern","Nunchaku","Torii","Gremlin Horn","Bottled Lightning","Boot","Calipers","Sozu","MawBank","Happy Flower","Centennial Puzzle","Dead Branch","Potion Belt","Singing Bowl","Oddly Smooth Stone","Unceasing Top","Bottled Tornado"],"potions_floor_usage":[20,22,25,25,25,25,25,25,29,35,40,40],"damage_taken":[{"damage":0.0,"enemies":"Small Slimes","floor":1.0,"turns":2.0},{"damage":0,"enemies":"Jaw Worm","floor":4,"turns":1},{"damage":0,"enemies":"3 Sentries","floor":6,"turns":5},{"damage":0,"enemies":"Cultist","floor":8,"turns":2},{"damage":0,"enemies":"2 Fungi Beasts","floor":11,"turns":1},{"damage":1,"enemies":"Lagavulin","floor":12,"turns":4},{"damage":1,"enemies":"Slime Boss","floor":16,"turns":4},{"damage":0,"enemies":"Chosen","floor":18,"turns":3},{"damage":0,"enemies":"2 Thieves","floor":19,"turns":2},{"damage":2,"enemies":"Sentry and Sphere","floor":20,"turns":3},{"damage":4,"enemies":"Snake Plant","floor":21,"turns":3},{"damage":0,"enemies":"Snecko","floor":22,"turns":2},{"damage":9,"enemies":"3 Cultists","floor":25,"turns":2},{"damage":17,"enemies":"Slavers","floor":27,"turns":3},{"damage":2,"enemies":"Book of Stabbing","floor":29,"turns":3},{"damage":1,"enemies":"Automaton","floor":33,"turns":5},{"damage":6,"enemies":"Orb Walker","floor":35,"turns":2},{"damage":1,"enemies":"3 Darklings","floor":36,"turns":4},{"damage":17,"enemies":"4 Shapes","floor":38,"turns":2},{"damage":0,"enemies":"Spire Growth","floor":39,"turns":2},{"damage":31,"enemies":"Reptomancer","floor":40,"turns":4},{"damage":19,"enemies":"2 Orb Walkers","floor":42,"turns":3},{"damage":2,"enemies":"Nemesis","floor":44,"turns":3},{"damage":0,"enemies":"Sphere and 2 Shapes","floor":46,"turns":3},{"damage":7,"enemies":"4 Shapes","floor":47,"turns":2},{"damage":7,"enemies":"Transient","floor":48,"turns":5},{"damage":8,"enemies":"Awakened One","floor":50,"turns":4},{"damage":0,"enemies":"Shield and Spear","floor":54,"turns":3},{"damage":23,"enemies":"The Heart","floor":55,"turns":5}],"seed_played":"8477382841638084927","potions_obtained":[{"floor":1.0,"key":"Fire Potion"},{"floor":1.0,"key":"SteroidPotion"},{"floor":4,"key":"LiquidBronze"},{"floor":19,"key":"Dexterity Potion"},{"floor":20,"key":"FearPotion"},{"floor":20,"key":"GamblersBrew"},{"floor":22,"key":"EntropicBrew"},{"floor":25,"key":"SpeedPotion"},{"floor":27,"key":"SteroidPotion"},{"floor":29,"key":"SpeedPotion"},{"floor":33,"key":"Fire Potion"},{"floor":33,"key":"Poison Potion"}],"is_trial":false,"path_per_floor":["M","?","?","M","$","E","R","M","T","?","M","E","R","$","R","B",null,"M","M","M","M","M","R","$","M","T","E","R","E","?","$","R","B",null,"M","M","$","M","M","E","R","?","T","E","?","M","M","M","R","B",null,"R","$","E","B",null],"character_chosen":"THE_SILENT","items_purchased":["Accuracy","Vajra","Infinite Blades","Nunchaku","Boot","After Image","Unceasing Top"],"campfire_rested":0,"item_purchase_floors":[5,14,24,24,31,37,53],"current_hp_per_floor":[74,67,67,67,67,67,67,67,67,67,70,72,72,72,72,78,78,78,78,76,74,77,77,77,69,69,55,55,56,56,56,56,64,82,76,78,78,64,67,39,39,23,23,30,30,39,41,43,43,44,102,102,102,106,89],"gold":98,"neow_bonus":"BOSS_RELIC","is_prod":false,"is_daily":false,"chose_seed":false,"campfire_upgraded":8,"win_rate":0,"timestamp":1550674481,"path_taken":["M","?","?","M","$","E","R","?","T","?","M","E","R","$","R","BOSS","M","M","?","M","M","R","$","M","T","E","R","E","?","$","R","BOSS","M","M","$","M","M","E","R","?","T","E","?","M","M","M","R","BOSS","R","$","E","BOSS"],"build_version":"2019-01-23","purchased_purges":2,"victory":true,"max_hp_per_floor":[74,74,74,74,74,74,74,74,74,74,74,74,74,74,74,78,78,78,78,78,78,78,78,78,78,78,78,78,78,78,78,78,82,82,82,82,82,82,82,82,82,82,82,86,86,90,94,98,98,102,102,102,102,106,110],"card_choices":[{"not_picked":["Cloak And Dagger","Blur"],"picked":"Caltrops","floor":1.0},{"not_picked":["Outmaneuver","Bane+1"],"picked":"Riddle With Holes","floor":4},{"not_picked":["Noxious Fumes","Slice"],"picked":"Caltrops+1","floor":6},{"not_picked":["Dagger Spray","Deflect"],"picked":"Corpse Explosion","floor":6},{"not_picked":["Outmaneuver","Poisoned Stab","Cloak And Dagger"],"picked":"SKIP","floor":8},{"not_picked":["Eviscerate","Riddle With Holes"],"picked":"Choke","floor":11},{"not_picked":["PiercingWail+1","Terror"],"picked":"Crippling Poison+1","floor":12},{"not_picked":["Setup+1","Catalyst","Deflect+1"],"picked":"SKIP","floor":12},{"not_picked":["Venomology","Corpse Explosion"],"picked":"Malaise","floor":16},{"not_picked":["Slice","Cloak And Dagger+1"],"picked":"Blade Dance+1","floor":18},{"not_picked":["Deflect","Poisoned Stab+1"],"picked":"Backflip","floor":18},{"not_picked":["Well Laid Plans+1","Bouncing Flask"],"picked":"Infinite Blades","floor":19},{"not_picked":["Catalyst","Dodge and Roll"],"picked":"Terror","floor":19},{"not_picked":["Underhanded Strike+1","Quick Slash"],"picked":"Infinite Blades+1","floor":20},{"not_picked":["Deadly Poison","Underhanded Strike","Riddle With Holes"],"picked":"SKIP","floor":20},{"not_picked":["Terror","Bane"],"picked":"Infinite Blades+1","floor":21},{"not_picked":["Distraction","Sucker Punch","Tactician+1"],"picked":"SKIP","floor":21},{"not_picked":["Backflip+1","Prepared"],"picked":"Blade Dance+1","floor":22},{"not_picked":["Dagger Throw+1","Distraction+1"],"picked":"Footwork","floor":22},{"not_picked":["Setup","Crippling Poison"],"picked":"Storm of Steel","floor":25},{"not_picked":["Poisoned Stab","Slice","Terror+1"],"picked":"SKIP","floor":25},{"not_picked":["Crippling Poison+1","Bane+1"],"picked":"Infinite Blades","floor":27},{"not_picked":["Leg Sweep","Prepared+1"],"picked":"Predator+1","floor":27},{"not_picked":["Prepared","Storm of Steel"],"picked":"Accuracy","floor":29},{"not_picked":["Masterful Stab+1","Cloak And Dagger","Well Laid Plans"],"picked":"SKIP","floor":29},{"not_picked":["Tools of the Trade","Corpse Explosion"],"picked":"Phantasmal Killer","floor":33},{"not_picked":["Leg Sweep","Slice"],"picked":"Cloak And Dagger+1","floor":35},{"not_picked":["Dagger Spray","Dagger Throw+1","Caltrops"],"picked":"SKIP","floor":35},{"not_picked":["Catalyst+1","Dagger Spray+1"],"picked":"Infinite Blades","floor":36},{"not_picked":["Flying Knee+1","Dagger Throw"],"picked":"Blade Dance+1","floor":36},{"not_picked":["Backstab+1","Expertise+1"],"picked":"PiercingWail+1","floor":38},{"not_picked":["Masterful Stab+1","Cloak And Dagger+1"],"picked":"Leg Sweep+1","floor":38},{"not_picked":["Flying Knee+1","Dagger Spray+1"],"picked":"Backflip+1","floor":39},{"not_picked":["Backflip+1","Slice+1","Tactician+1"],"picked":"SKIP","floor":39},{"not_picked":["Backflip+1","Slice+1","Tactician+1"],"picked":"SKIP","floor":39},{"not_picked":["Poisoned Stab+1","Grand Finale","Underhanded Strike+1"],"picked":"SKIP","floor":40},{"not_picked":["Dash","Unload","Bane"],"picked":"SKIP","floor":40},{"not_picked":["Caltrops+1","Slice+1","Phantasmal Killer"],"picked":"Singing Bowl","floor":44},{"not_picked":["Deflect+1","Slice+1","PiercingWail+1"],"picked":"Singing Bowl","floor":44},{"not_picked":["Concentrate+1","Acrobatics+1","Flying Knee"],"picked":"Singing Bowl","floor":46},{"not_picked":["Bane","Dagger Throw+1","Blade Dance"],"picked":"Singing Bowl","floor":46},{"not_picked":["Concentrate+1","Sucker Punch","PiercingWail+1"],"picked":"Singing Bowl","floor":47},{"not_picked":["Distraction+1","Poisoned Stab","Riddle With Holes+1"],"picked":"Singing Bowl","floor":47},{"not_picked":["Leg Sweep+1","Flying Knee+1","Doppelganger"],"picked":"Singing Bowl","floor":48},{"not_picked":["Dodge and Roll+1","Deadly Poison","Deflect+1"],"picked":"Singing Bowl","floor":48},{"not_picked":["Prepared","PiercingWail+1","Concentrate+1"],"picked":"Singing Bowl","floor":54},{"not_picked":["Bane","Noxious Fumes","Blur+1"],"picked":"Singing Bowl","floor":54}],"player_experience":214131,"relics_obtained":[{"floor":1.0,"key":"Orichalcum"},{"floor":3,"key":"Mummified Hand"},{"floor":6,"key":"Pen Nib"},{"floor":9,"key":"StoneCalendar"},{"floor":9,"key":"Blood Vial"},{"floor":12,"key":"Ancient Tea Set"},{"floor":16,"key":"Prayer Wheel"},{"floor":20,"key":"Lantern"},{"floor":26,"key":"Torii"},{"floor":27,"key":"Gremlin Horn"},{"floor":29,"key":"Bottled Lightning"},{"floor":33,"key":"Calipers"},{"floor":36,"key":"MawBank"},{"floor":39,"key":"Happy Flower"},{"floor":40,"key":"Centennial Puzzle"},{"floor":42,"key":"Dead Branch"},{"floor":43,"key":"Potion Belt"},{"floor":43,"key":"Singing Bowl"},{"floor":44,"key":"Oddly Smooth Stone"},{"floor":54,"key":"Bottled Tornado"}],"event_choices":[{"damage_healed":0,"gold_gain":0,"player_choice":"Success","damage_taken":7,"relics_obtained":["Tingsha"],"max_hp_gain":0,"max_hp_loss":0,"event_name":"Scrap Ooze","floor":2,"gold_loss":0},{"damage_healed":0,"gold_gain":0,"player_choice":"Relic","damage_taken":0,"max_hp_gain":0,"max_hp_loss":0,"event_name":"Wheel of Change","floor":3,"gold_loss":0},{"damage_healed":0,"gold_gain":0,"player_choice":"Bought 0 Potions","damage_taken":0,"max_hp_gain":0,"max_hp_loss":0,"event_name":"The Woman in Blue","floor":10,"gold_loss":0},{"cards_removed":["Regret"],"damage_healed":0,"gold_gain":0,"player_choice":"Elegance","damage_taken":0,"max_hp_gain":0,"max_hp_loss":0,"event_name":"Back to Basics","floor":30,"gold_loss":0},{"damage_healed":0,"gold_gain":0,"player_choice":"Fight","damage_taken":0,"max_hp_gain":0,"max_hp_loss":0,"event_name":"Mysterious Sphere","floor":42,"gold_loss":0},{"damage_healed":0,"gold_gain":0,"player_choice":"Ignored","damage_taken":0,"max_hp_gain":0,"max_hp_loss":0,"event_name":"Tomb of Lord Red Mask","floor":45,"gold_loss":0}],"is_beta":false,"boss_relics":[{"not_picked":["Lizard Tail","Eternal Feather"],"picked":"Runic Pyramid"},{"not_picked":["Coffee Dripper","Astrolabe"],"picked":"Sozu"}],"items_purged_floors":[31,53],"is_endless":false,"potions_floor_spawned":[1,8,11,16,18,19,20,33,35,38,42,46,48],"ascension_level":-20}