{"gold_per_floor":[119,44,44,119,132,132,158,158,158,181,197,211,211,61,61,165,165,185,185,39,39,53,84,84,104,127,140,151,151,166,200,200,302,302,317,337,437,457,457],"floor_reached":39,"playtime":2227,"items_purged":["Parasite","Phantasmal Killer"],"score":421,"play_id":"4126a22b-bae4-4429-8e30-eeca8275b314","local_time":"20190217192842","is_ascension_mode":false,"campfire_choices":[{"floor":6,"key":"REST"},{"floor":8,"key":"RECALL"},{"data":"Terror","floor":13,"key":"SMITH"},{"data":"Riddle With Holes","floor":15,"key":"SMITH"},{"floor":24,"key":"REST"},{"floor":29,"key":"REST"},{"floor":32,"key":"REST"}],"neow_cost":"CURSE","seed_source_timestamp":9224694381260,"circlet_count":0,"master_deck":["Survivor","Neutralize","Riddle With Holes+1","All Out Attack","Dodge and Roll","Terror+1","Dagger Spray","Dagger Spray","Envenom","Tools of the Trade","Outmaneuver","Reflex","Adrenaline","Dodge and Roll","Reflex","Choke","Underhanded Strike","Dagger Throw","Writhe","Prepared","Dodge and Roll","Sucker Punch","Well Laid Plans","Tactician+1","Envenom","Tools of the Trade","Dagger Throw","Catalyst","Prepared+1"],"relics":["Ring of the Snake","Happy Flower","Lantern","Regal Pillow","Bronze Scales","Pandora\u0027s Box","Nilry\u0027s Codex","Nunchaku","Ancient Tea Set","Pen Nib","Strawberry","Runic Pyramid"],"potions_floor_usage":[16,23,28,28,31,33,33,39],"damage_taken":[{"damage":0,"enemies":"Small Slimes","floor":1,"turns":3},{"damage":0,"enemies":"2 Louse","floor":5,"turns":2},{"damage":5,"enemies":"3 Sentries","floor":7,"turns":7},{"damage":2,"enemies":"Jaw Worm","floor":11,"turns":3},{"damage":0,"enemies":"Blue Slaver","floor":12,"turns":4},{"damage":17,"enemies":"Hexaghost","floor":16,"turns":9},{"damage":2,"enemies":"Spheric Guardian","floor":18,"turns":3},{"damage":17,"enemies":"2 Thieves","floor":22,"turns":3},{"damage":30,"enemies":"Slavers","floor":23,"turns":5},{"damage":23,"enemies":"Sentry and Sphere","floor":25,"turns":3},{"damage":2,"enemies":"3 Cultists","floor":27,"turns":4},{"damage":11,"enemies":"Snake Plant","floor":28,"turns":4},{"damage":5,"enemies":"Snecko","floor":30,"turns":4},{"damage":11,"enemies":"Gremlin Leader","floor":31,"turns":6},{"damage":45,"enemies":"Collector","floor":33,"turns":6},{"damage":7,"enemies":"3 Shapes","floor":35,"turns":2},{"damage":9,"enemies":"3 Darklings","floor":36,"turns":4},{"damage":37,"enemies":"Sphere and 2 Shapes","floor":38,"turns":6},{"damage":31,"enemies":"Writhing Mass","floor":39,"turns":3}],"seed_played":"-7068512101187393808","potions_obtained":[{"floor":1,"key":"GhostInAJar"},{"floor":5,"key":"PowerPotion"},{"floor":11,"key":"Fire Potion"},{"floor":18,"key":"Regen Potion"},{"floor":25,"key":"EssenceOfSteel"},{"floor":30,"key":"Dexterity Potion"},{"floor":31,"key":"SkillPotion"},{"floor":35,"key":"Regen Potion"},{"floor":38,"key":"SteroidPotion"}],"is_trial":false,"path_per_floor":["M","$","?","?","M","R","E","R","T","T","M","M","R","$","R","B",null,"M","?","$","?","M","E","R","M","T","M","M","R","M","E","R","B",null,"M","M","?","M","M"],"character_chosen":"THE_SILENT","items_purchased":["Bronze Scales","Dagger Throw"],"campfire_rested":4,"item_purchase_floors":[14,20],"current_hp_per_floor":[70,67,55,44,44,64,59,59,59,59,57,57,57,57,57,40,67,65,49,49,49,32,2,37,14,14,12,10,45,40,36,73,28,74,67,58,58,21,0],"gold":457,"neow_bonus":"TRANSFORM_TWO_CARDS","is_prod":false,"is_daily":false,"chose_seed":false,"campfire_upgraded":2,"win_rate":0,"timestamp":1550449722,"path_taken":["M","$","?","?","M","R","E","R","T","?","M","M","R","?","R","BOSS","M","?","$","?","M","E","R","M","T","M","M","R","M","E","R","BOSS","M","M","?","M","?"],"build_version":"2019-01-23","purchased_purges":2,"victory":false,"max_hp_per_floor":[70,67,67,67,67,67,67,67,67,67,67,67,67,67,67,67,67,67,67,67,67,67,67,67,67,67,67,67,67,67,74,74,74,74,74,74,74,74,74],"card_choices":[{"not_picked":["Slice","Deflect","Dagger Spray"],"picked":"SKIP","floor":1},{"not_picked":["Skewer","Deadly Poison"],"picked":"Dodge and Roll","floor":5},{"not_picked":["Deflect","Calculated Gamble"],"picked":"Terror","floor":7},{"not_picked":["Deadly Poison","Flechettes"],"picked":"Dagger Spray","floor":11},{"not_picked":["Terror","Storm of Steel"],"picked":"Dagger Spray","floor":12},{"not_picked":["Doppelganger","Glass Knife"],"picked":"Envenom","floor":16},{"not_picked":["Quick Slash","Sucker Punch"],"picked":"Underhanded Strike","floor":18},{"not_picked":["Deadly Poison+1","Dash+1"],"picked":"Prepared","floor":22},{"not_picked":["Blade Dance","Grand Finale"],"picked":"Dodge and Roll","floor":23},{"not_picked":["Dagger Spray","Infinite Blades"],"picked":"Sucker Punch","floor":25},{"not_picked":["All Out Attack","Dodge and Roll","Infinite Blades"],"picked":"SKIP","floor":27},{"not_picked":["Deadly Poison","Sucker Punch"],"picked":"Well Laid Plans","floor":28},{"not_picked":["Dash","Expertise+1"],"picked":"Tactician+1","floor":30},{"not_picked":["Bouncing Flask+1","Flying Knee"],"picked":"Envenom","floor":31},{"not_picked":["Venomology","After Image"],"picked":"Tools of the Trade","floor":33},{"not_picked":["Deadly Poison","Poisoned Stab"],"picked":"Dagger Throw","floor":35},{"not_picked":["Deadly Poison","Cloak And Dagger+1"],"picked":"Catalyst","floor":36},{"not_picked":["Bullet Time","Terror+1"],"picked":"Prepared+1","floor":38}],"player_experience":181586,"relics_obtained":[{"floor":7,"key":"Lantern"},{"floor":10,"key":"Regal Pillow"},{"floor":19,"key":"Nilry\u0027s Codex"},{"floor":23,"key":"Ancient Tea Set"},{"floor":26,"key":"Pen Nib"},{"floor":31,"key":"Strawberry"}],"event_choices":[{"damage_healed":0,"gold_gain":0,"player_choice":"Success","damage_taken":12,"relics_obtained":["Happy Flower"],"max_hp_gain":0,"max_hp_loss":0,"event_name":"Scrap Ooze","floor":3,"gold_loss":0},{"damage_healed":0,"gold_gain":75,"player_choice":"Gather Gold","damage_taken":11,"max_hp_gain":0,"max_hp_loss":0,"event_name":"World of Goop","floor":4,"gold_loss":0},{"damage_healed":0,"gold_gain":0,"player_choice":"Obtained Book","damage_taken":16,"max_hp_gain":0,"max_hp_loss":0,"event_name":"Cursed Tome","floor":19,"gold_loss":0},{"damage_healed":0,"gold_gain":0,"player_choice":"Opened","damage_taken":0,"relics_obtained":["Nunchaku"],"max_hp_gain":0,"max_hp_loss":0,"event_name":"The Mausoleum","floor":21,"gold_loss":0,"cards_obtained":["Writhe"]},{"damage_healed":0,"gold_gain":100,"player_choice":"Pray","damage_taken":0,"max_hp_gain":0,"max_hp_loss":0,"event_name":"Golden Shrine","floor":37,"gold_loss":0}],"is_beta":false,"boss_relics":[{"not_picked":["Calling Bell","Orrery"],"picked":"Pandora\u0027s Box"},{"not_picked":["Busted Crown","Velvet Choker"],"picked":"Runic Pyramid"}],"items_purged_floors":[2,20],"is_endless":false,"potions_floor_spawned":[1,5,11,18,25,30,31,35,38],"killed_by":"Writhing Mass","ascension_level":0}