{"gold_per_floor":[114,125,125,143,163,207,207,230,257,289,325,375,312,312,312,433,433,456,371,389,389,289,289,312,312],"floor_reached":25,"playtime":1228,"items_purged":["Strike_R","Strike_R"],"score":226,"play_id":"73de8355-0f8a-4881-8776-84072d4fdc05","local_time":"20181227211529","is_ascension_mode":true,"campfire_choices":[{"data":"Flame Barrier","floor":7,"key":"SMITH"},{"floor":15,"key":"REST"},{"floor":23,"key":"REST"}],"neow_cost":"NONE","seed_source_timestamp":540649595309860,"circlet_count":0,"master_deck":["Strike_R","Strike_R","Strike_R","Defend_R","Defend_R","Defend_R","Defend_R","Bash","Combust","Warcry","Twin Strike","Cleave","Pummel","Flame Barrier+1","Uppercut+1","Shrug It Off","Dark Embrace","Seeing Red","Pummel","Battle Trance","Heavy Blade","True Grit","True Grit","Shrug It Off+1","Twin Strike+1"],"relics":["Burning Blood","Golden Idol","Centennial Puzzle","MawBank","Potion Belt","Orrery","Bronze Scales","Blood Vial"],"potions_floor_usage":[12,25,25,25],"damage_taken":[{"damage":8,"enemies":"Jaw Worm","floor":1,"turns":5},{"damage":2,"enemies":"2 Louse","floor":2,"turns":2},{"damage":0,"enemies":"Small Slimes","floor":4,"turns":3},{"damage":9,"enemies":"Exordium Wildlife","floor":5,"turns":2},{"damage":24,"enemies":"3 Sentries","floor":6,"turns":5},{"damage":12,"enemies":"Blue Slaver","floor":8,"turns":3},{"damage":3,"enemies":"3 Louse","floor":10,"turns":3},{"damage":13,"enemies":"Gremlin Gang","floor":11,"turns":4},{"damage":31,"enemies":"Lagavulin","floor":12,"turns":7},{"damage":27,"enemies":"The Guardian","floor":16,"turns":14},{"damage":26,"enemies":"Shell Parasite","floor":18,"turns":7},{"damage":38,"enemies":"2 Thieves","floor":20,"turns":4},{"damage":27,"enemies":"Centurion and Healer","floor":24,"turns":8},{"damage":35,"enemies":"Slavers","floor":25,"turns":5}],"seed_played":"346156674841266726","potions_obtained":[{"floor":5,"key":"FearPotion"},{"floor":6,"key":"Energy Potion"},{"floor":10,"key":"AttackPotion"},{"floor":12,"key":"EssenceOfSteel"},{"floor":16,"key":"Poison Potion"},{"floor":24,"key":"Energy Potion"}],"is_trial":false,"path_per_floor":["M","M","?","M","M","E","R","M","T","M","M","E","$","?","R","B",null,"M","?","M","?","$","R","M","E"],"character_chosen":"IRONCLAD","items_purchased":[],"campfire_rested":2,"item_purchase_floors":[],"current_hp_per_floor":[78,80,60,66,63,45,45,39,39,42,35,10,10,10,34,13,80,60,60,28,28,28,52,33,0],"gold":312,"neow_bonus":"THREE_CARDS","is_prod":false,"is_daily":false,"chose_seed":false,"campfire_upgraded":1,"win_rate":0,"timestamp":1545938129,"path_taken":["M","M","?","M","M","E","R","M","T","M","M","E","$","?","R","BOSS","M","?","M","?","$","R","M","E"],"build_version":"2018-12-20","purchased_purges":2,"victory":false,"max_hp_per_floor":[80,80,80,80,80,80,80,80,80,80,80,80,80,80,80,80,80,80,80,80,80,80,80,80,80],"card_choices":[{"not_picked":["Headbutt","Flex"],"picked":"Combust","floor":0},{"not_picked":["Heavy Blade","Bloodletting"],"picked":"Warcry","floor":1},{"not_picked":["Clash","Burning Pact"],"picked":"Twin Strike","floor":2},{"not_picked":["Rupture","Headbutt"],"picked":"Cleave","floor":4},{"not_picked":["Thunderclap","Rupture"],"picked":"Pummel","floor":5},{"not_picked":["Ghostly Armor","Hemokinesis"],"picked":"Flame Barrier","floor":6},{"not_picked":["Shrug It Off","Sever Soul"],"picked":"Uppercut","floor":8},{"not_picked":["Anger","Clash","Intimidate"],"picked":"SKIP","floor":10},{"not_picked":["Dark Embrace","Sever Soul"],"picked":"Shrug It Off","floor":11},{"not_picked":["Warcry","Brutality","Body Slam"],"picked":"SKIP","floor":12},{"not_picked":["Berserk","Bludgeon"],"picked":"Dark Embrace","floor":16},{"not_picked":["Thunderclap","Anger"],"picked":"Seeing Red","floor":17},{"not_picked":["Twin Strike","Headbutt"],"picked":"Pummel","floor":17},{"not_picked":["Disarm","Body Slam"],"picked":"Battle Trance","floor":17},{"not_picked":["Iron Wave","Sword Boomerang"],"picked":"Heavy Blade","floor":17},{"not_picked":["Carnage","Heavy Blade"],"picked":"True Grit","floor":17},{"not_picked":["Intimidate","Uppercut"],"picked":"True Grit","floor":18},{"not_picked":["Sword Boomerang","Thunderclap"],"picked":"Shrug It Off+1","floor":20},{"not_picked":["Infernal Blade","True Grit"],"picked":"Twin Strike+1","floor":24}],"player_experience":28946,"relics_obtained":[{"floor":6,"key":"Centennial Puzzle"},{"floor":9,"key":"MawBank"},{"floor":12,"key":"Potion Belt"}],"event_choices":[{"damage_healed":0,"gold_gain":0,"player_choice":"Take Damage","damage_taken":20,"relics_obtained":["Golden Idol"],"max_hp_gain":0,"max_hp_loss":0,"event_name":"Golden Idol","floor":3,"gold_loss":0},{"damage_healed":0,"gold_gain":0,"player_choice":"Grow","damage_taken":0,"max_hp_gain":0,"max_hp_loss":0,"event_name":"Living Wall","floor":14,"gold_loss":0,"cards_upgraded":["Uppercut"]},{"damage_healed":0,"gold_gain":0,"player_choice":"Obtained Relic","damage_taken":0,"relics_obtained":["Bronze Scales"],"max_hp_gain":0,"max_hp_loss":0,"event_name":"Addict","floor":19,"gold_loss":85},{"damage_healed":0,"gold_gain":0,"player_choice":"Opened","damage_taken":0,"relics_obtained":["Blood Vial"],"max_hp_gain":0,"max_hp_loss":0,"event_name":"The Mausoleum","floor":21,"gold_loss":0}],"is_beta":false,"boss_relics":[{"not_picked":["Snecko Eye","Philosopher\u0027s Stone"],"picked":"Orrery"}],"items_purged_floors":[13,22],"is_endless":false,"potions_floor_spawned":[5,6,10,12,16,24],"killed_by":"Slavers","ascension_level":1}