{"gold_per_floor":[13,88,112,112,129,141,155,175,175,200,200,235,235,267,267,267],"floor_reached":16,"playtime":599,"items_purged":[],"score":120,"play_id":"61667718-ef22-4882-8d58-a72317a35af8","local_time":"20190217035833","is_ascension_mode":false,"campfire_choices":[{"floor":11,"key":"REST"},{"floor":13,"key":"RECALL"},{"floor":15,"key":"REST"}],"neow_cost":"NO_GOLD","seed_source_timestamp":8128921886049,"circlet_count":0,"master_deck":["Defend_G","Defend_G","Defend_G","Defend_G","Defend_G","Strike_G","Strike_G","Strike_G","Strike_G","Survivor","Neutralize","Unload","Escape Plan","Dagger Throw","Eviscerate","Tactician","Calculated Gamble","Acrobatics"],"relics":["Ring of the Snake","Anchor","Bottled Flame","Oddly Smooth Stone","Blood Vial"],"potions_floor_usage":[12,16],"damage_taken":[{"damage":0,"enemies":"2 Louse","floor":1,"turns":3},{"damage":0,"enemies":"Jaw Worm","floor":5,"turns":3},{"damage":0,"enemies":"Small Slimes","floor":6,"turns":2},{"damage":0,"enemies":"Blue Slaver","floor":7,"turns":3},{"damage":3,"enemies":"3 Louse","floor":8,"turns":4},{"damage":14,"enemies":"3 Sentries","floor":10,"turns":9},{"damage":22,"enemies":"Gremlin Nob","floor":12,"turns":4},{"damage":24,"enemies":"Lagavulin","floor":14,"turns":9},{"damage":46,"enemies":"The Guardian","floor":16,"turns":8}],"seed_played":"1528821196263864294","potions_obtained":[{"floor":5,"key":"Swift Potion"},{"floor":7,"key":"PowerPotion"},{"floor":8,"key":"Strength Potion"},{"floor":10,"key":"Dexterity Potion"}],"is_trial":false,"path_per_floor":["M","?","T","?","M","M","M","M","T","E","R","E","R","E","R","B"],"character_chosen":"THE_SILENT","items_purchased":[],"campfire_rested":2,"item_purchase_floors":[],"current_hp_per_floor":[70,59,59,59,59,59,59,56,56,42,63,41,41,17,38,0],"gold":267,"neow_bonus":"THREE_RARE_CARDS","is_prod":false,"is_daily":false,"chose_seed":false,"campfire_upgraded":0,"win_rate":0,"timestamp":1550393913,"path_taken":["M","?","?","?","M","M","?","M","T","E","R","E","R","E","R","BOSS"],"build_version":"2019-01-23","purchased_purges":0,"victory":false,"max_hp_per_floor":[70,70,70,70,70,70,70,70,70,70,70,70,70,70,70,70],"card_choices":[{"not_picked":["Wraith Form v2","Storm of Steel"],"picked":"Unload","floor":0},{"not_picked":["Slice","Reflex"],"picked":"Escape Plan","floor":1},{"not_picked":["Deflect","Dodge and Roll"],"picked":"Dagger Throw","floor":5},{"not_picked":["Dagger Spray","Heel Hook","Deadly Poison"],"picked":"SKIP","floor":6},{"not_picked":["Bane","Dodge and Roll","Accuracy"],"picked":"SKIP","floor":7},{"not_picked":["All Out Attack","Slice"],"picked":"Eviscerate","floor":8},{"not_picked":["Bullet Time","Noxious Fumes"],"picked":"Tactician","floor":10},{"not_picked":["Slice","Well Laid Plans"],"picked":"Calculated Gamble","floor":12},{"not_picked":["Blur","Well Laid Plans"],"picked":"Acrobatics","floor":14}],"player_experience":179936,"relics_obtained":[{"floor":3,"key":"Anchor"},{"floor":10,"key":"Bottled Flame"},{"floor":12,"key":"Oddly Smooth Stone"},{"floor":14,"key":"Blood Vial"}],"event_choices":[{"damage_healed":0,"gold_gain":75,"player_choice":"Gather Gold","damage_taken":11,"max_hp_gain":0,"max_hp_loss":0,"event_name":"World of Goop","floor":2,"gold_loss":0},{"cards_removed":["Strike_G"],"damage_healed":0,"gold_gain":0,"player_choice":"Forget","damage_taken":0,"max_hp_gain":0,"max_hp_loss":0,"event_name":"Living Wall","floor":4,"gold_loss":0}],"is_beta":false,"boss_relics":[],"items_purged_floors":[],"is_endless":false,"potions_floor_spawned":[5,7,8,10],"killed_by":"The Guardian","ascension_level":0}