{"gold_per_floor":[113,133,308,7,7,7,42,0,24,39,50,50,65,94,94,195,195,209,262,21,35,51,51,71,71,123,123,143,190,222,264,276,388,400,423,446,458,486,498,510,20,20,20,20,31,48,48,93,93,93],"floor_reached":51,"playtime":2918,"items_purged":["Doubt"],"score":1013,"play_id":"9367dbe4-b889-4df7-8592-d4399a324c5b","local_time":"20190205222518","is_ascension_mode":true,"campfire_choices":[{"data":"Armaments","floor":6.0,"key":"SMITH"},{"floor":12.0,"key":"REST"},{"data":"Feel No Pain","floor":15.0,"key":"SMITH"},{"data":"Feed","floor":23.0,"key":"SMITH"},{"data":"True Grit","floor":25.0,"key":"SMITH"},{"data":"Exhume","floor":27.0,"key":"SMITH"},{"data":"Impervious","floor":32.0,"key":"SMITH"},{"data":"Immolate","floor":40.0,"key":"SMITH"},{"data":"Feel No Pain","floor":42.0,"key":"SMITH"},{"data":"Shockwave","floor":47.0,"key":"SMITH"},{"floor":49.0,"key":"REST"}],"neow_cost":"NONE","seed_source_timestamp":390236025673680,"circlet_count":0,"master_deck":["Strike_R","Strike_R","Defend_R","Defend_R+1","Defend_R","Defend_R","Bash","Cleave","Armaments+1","Fiend Fire+1","Feel No Pain+1","Reaper","True Grit+1","Iron Wave","Pummel","Impervious+1","Feed+1","Body Slam+1","Power Through","Exhume+1","Warcry+1","Uppercut+1","Shockwave+1","Infernal Blade+1","Immolate+1","Feed+1","Offering+1","Carnage+1","Evolve+1","Shrug It Off+1","Feel No Pain+1","Reaper","Inflame+1","Dual Wield+1","Seeing Red+1"],"special_seed":0,"relics":["Burning Blood","Bronze Scales","Anchor","Lantern","Vajra","Eternal Feather","Happy Flower","Strange Spoon","Dream Catcher","MawBank","Mercury Hourglass","Astrolabe","Calipers","Blood Vial","Prayer Wheel"],"potions_floor_usage":[50,50,50],"damage_taken":[{"damage":2.0,"enemies":"Jaw Worm","floor":1.0,"turns":3.0},{"damage":10.0,"enemies":"2 Louse","floor":2.0,"turns":2.0},{"damage":29.0,"enemies":"Gremlin Nob","floor":7.0,"turns":4.0},{"damage":0.0,"enemies":"Small Slimes","floor":10.0,"turns":3.0},{"damage":3.0,"enemies":"Exordium Wildlife","floor":11.0,"turns":3.0},{"damage":4.0,"enemies":"Red Slaver","floor":13.0,"turns":2.0},{"damage":11.0,"enemies":"3 Sentries","floor":14.0,"turns":8.0},{"damage":26.0,"enemies":"Slime Boss","floor":16.0,"turns":9.0},{"damage":4.0,"enemies":"Chosen","floor":18.0,"turns":4.0},{"damage":11.0,"enemies":"Spheric Guardian","floor":21.0,"turns":3.0},{"damage":9.0,"enemies":"Snecko","floor":22.0,"turns":8.0},{"damage":0.0,"enemies":"Shelled Parasite and Fungi","floor":24.0,"turns":3.0},{"damage":12.0,"enemies":"Centurion and Healer","floor":28.0,"turns":8.0},{"damage":4.0,"enemies":"Cultist and Chosen","floor":30.0,"turns":5.0},{"damage":23.0,"enemies":"Slavers","floor":31.0,"turns":5.0},{"damage":58.0,"enemies":"Champ","floor":33.0,"turns":15.0},{"damage":0.0,"enemies":"3 Shapes","floor":35.0,"turns":3.0},{"damage":14.0,"enemies":"Orb Walker","floor":36.0,"turns":3.0},{"damage":30.0,"enemies":"Writhing Mass","floor":38.0,"turns":6.0},{"damage":6.0,"enemies":"3 Darklings","floor":45.0,"turns":4.0},{"damage":6.0,"enemies":"Jaw Worm Horde","floor":46.0,"turns":2.0},{"damage":57.0,"enemies":"2 Orb Walkers","floor":48.0,"turns":5.0},{"damage":6,"enemies":"Donu and Deca","floor":50,"turns":9}],"seed_played":"1447872354034493672","potions_obtained":[{"floor":7.0,"key":"Regen Potion"},{"floor":11.0,"key":"Block Potion"},{"floor":13.0,"key":"AttackPotion"},{"floor":16.0,"key":"SpeedPotion"},{"floor":24.0,"key":"SteroidPotion"},{"floor":35.0,"key":"Swift Potion"},{"floor":45.0,"key":"Explosive Potion"},{"floor":48.0,"key":"EssenceOfSteel"}],"is_trial":false,"path_per_floor":["M","M","?","$","?","R","E","?","T","M","M","R","M","E","R","B",null,"M","T","$","M","M","R","M","R","T","R","M","T","M","E","R","B",null,"M","M","?","M","$","R","$","R","T","?","M","M","R","?","R","B",null],"character_chosen":"IRONCLAD","items_purchased":["Fiend Fire","Feel No Pain","Power Through","Strange Spoon","Feel No Pain","Calipers","Reaper"],"campfire_rested":2,"item_purchase_floors":[4,4,20,20,41,41,41],"current_hp_per_floor":[76,72,72,72,56,56,33,33,33,42,49,73,75,75,75,64,76,81,81,81,76,83,86,90,90,90,90,84,84,86,73,88,51,83,98,90,90,66,66,84,84,98,98,98,98,98,98,47,94,98],"gold":93,"neow_bonus":"RANDOM_COMMON_RELIC","is_prod":false,"is_daily":false,"chose_seed":false,"campfire_upgraded":9,"win_rate":0,"timestamp":1549423518,"path_taken":["M","M","?","$","?","R","E","?","T","M","M","R","?","E","R","BOSS","M","?","$","M","M","R","M","R","T","R","M","?","M","E","R","BOSS","M","M","?","M","$","R","$","R","T","?","M","M","R","?","R","BOSS"],"build_version":"2019-01-23","purchased_purges":1,"victory":true,"max_hp_per_floor":[80,80,80,80,80,80,80,80,80,80,80,80,80,80,80,80,80,83,83,83,83,86,86,90,90,90,90,90,90,90,94,94,94,94,98,98,98,98,98,98,98,98,98,98,98,98,98,98,98,98],"card_choices":[{"not_picked":["Entrench","Rampage"],"picked":"Cleave","floor":1.0},{"not_picked":["Warcry","Brutality"],"picked":"Armaments","floor":2.0},{"not_picked":["Rampage","Entrench"],"picked":"Reaper","floor":7.0},{"not_picked":["Clash","Spot Weakness"],"picked":"True Grit","floor":10.0},{"not_picked":["Thunderclap","Hemokinesis"],"picked":"Iron Wave","floor":11.0},{"not_picked":["Blood for Blood","Sword Boomerang"],"picked":"Pummel","floor":13.0},{"not_picked":["Intimidate","Pommel Strike"],"picked":"Impervious","floor":14.0},{"not_picked":["Bludgeon","Offering"],"picked":"Feed","floor":16.0},{"not_picked":["Corruption+1","Thunderclap"],"picked":"Body Slam+1","floor":18.0},{"not_picked":["Seeing Red","Flex"],"picked":"Exhume","floor":21.0},{"not_picked":["Hemokinesis","Wild Strike"],"picked":"Warcry+1","floor":22.0},{"not_picked":["Corruption","Metallicize+1"],"picked":"Uppercut+1","floor":24.0},{"not_picked":["Corruption","Shrug It Off"],"picked":"Shockwave","floor":28.0},{"not_picked":["Corruption","Pommel Strike"],"picked":"Infernal Blade+1","floor":30.0},{"not_picked":["Warcry","Anger","Pommel Strike"],"picked":"SKIP","floor":31.0},{"not_picked":["Warcry","Anger","Pommel Strike"],"picked":"SKIP","floor":31.0},{"not_picked":["Warcry","Anger","Pommel Strike"],"picked":"SKIP","floor":31.0},{"not_picked":["Dark Embrace","Juggernaut"],"picked":"Immolate","floor":33.0},{"not_picked":["Shrug It Off","Combust"],"picked":"Evolve+1","floor":35.0},{"not_picked":["Heavy Blade","Warcry+1"],"picked":"Shrug It Off+1","floor":36.0},{"not_picked":["Uppercut","Dropkick+1"],"picked":"Sentinel","floor":38.0},{"not_picked":["Clash","Bludgeon"],"picked":"Inflame+1","floor":45.0},{"not_picked":["Clothesline","Second Wind"],"picked":"Dual Wield+1","floor":46.0},{"not_picked":["Power Through+1","Evolve+1"],"picked":"Seeing Red+1","floor":49.0}],"player_experience":372758,"relics_obtained":[{"floor":7.0,"key":"Anchor"},{"floor":9.0,"key":"Lantern"},{"floor":14.0,"key":"Vajra"},{"floor":19.0,"key":"Happy Flower"},{"floor":26.0,"key":"Dream Catcher"},{"floor":29.0,"key":"MawBank"},{"floor":31.0,"key":"Mercury Hourglass"},{"floor":43.0,"key":"Blood Vial"},{"floor":48.0,"key":"Prayer Wheel"}],"event_choices":[{"damage_healed":0.0,"max_hp_gain":0.0,"max_hp_loss":0.0,"gold_gain":175.0,"event_name":"Liars Game","player_choice":"AGREE","floor":3.0,"gold_loss":0.0,"damage_taken":0.0,"cards_obtained":["Doubt"]},{"damage_healed":0.0,"max_hp_gain":0.0,"max_hp_loss":0.0,"gold_gain":0.0,"event_name":"Shining Light","player_choice":"Entered Light","floor":5.0,"gold_loss":0.0,"damage_taken":16.0,"cards_upgraded":["Fiend Fire","Defend_R"]},{"damage_healed":0.0,"max_hp_gain":0.0,"max_hp_loss":0.0,"gold_gain":0.0,"event_name":"World of Goop","player_choice":"Left Gold","floor":8.0,"gold_loss":42.0,"damage_taken":0.0},{"damage_healed":0.0,"max_hp_gain":0.0,"max_hp_loss":0.0,"gold_gain":0.0,"event_name":"Tomb of Lord Red Mask","player_choice":"Ignored","floor":37.0,"gold_loss":0.0,"damage_taken":0.0},{"cards_removed":["Sentinel"],"damage_healed":0.0,"max_hp_gain":0.0,"max_hp_loss":0.0,"gold_gain":0.0,"event_name":"Falling","player_choice":"Removed Skill","floor":44.0,"gold_loss":0.0,"damage_taken":0.0},{"damage_healed":0.0,"max_hp_gain":0.0,"max_hp_loss":0.0,"gold_gain":0.0,"event_name":"Mysterious Sphere","player_choice":"Fight","floor":48.0,"gold_loss":0.0,"damage_taken":0.0}],"is_beta":false,"boss_relics":[{"not_picked":["Runic Dome","Runic Cube"],"picked":"Eternal Feather"},{"not_picked":["Black Star","Busted Crown"],"picked":"Astrolabe"}],"items_purged_floors":[4],"is_endless":false,"potions_floor_spawned":[7,11,13,16,18,24,31,35,45,48],"ascension_level":6}