{"gold_per_floor":[216,216,141,161,180,180,180,180,261,292,361,361,183,197,197,318,318,342,217,217,217,242,283,28,53,103,123,123,144,144,184,184,307,307,323,323,346,370,195,195,260,360,414,414,433,433,433,433,433,433],"floor_reached":51,"playtime":2320,"items_purged":["Strike_R","Defend_R","Strike_R","Strike_R","Pain"],"score":731,"play_id":"165b9ccb-3a58-4f0e-8c5a-d22b2377f9a4","local_time":"20190217180607","is_ascension_mode":false,"campfire_choices":[{"data":"Metallicize","floor":6,"key":"SMITH"},{"data":"Bash","floor":8,"key":"SMITH"},{"data":"Armaments","floor":12,"key":"SMITH"},{"data":"Shockwave","floor":15,"key":"SMITH"},{"data":"Juggernaut","floor":28,"key":"SMITH"},{"data":"Demon Form","floor":30,"key":"SMITH"},{"data":"Immolate","floor":32,"key":"SMITH"},{"data":"Iron Wave","floor":40,"key":"SMITH"},{"data":"Flame Barrier","floor":44,"key":"SMITH"},{"data":"Shrug It Off","floor":46,"key":"SMITH"},{"data":"Chrysalis","floor":49,"key":"SMITH"}],"neow_cost":"NONE","seed_source_timestamp":7012324465020,"circlet_count":0,"master_deck":["Defend_R","Defend_R","Bash+1","Iron Wave","Metallicize+1","Shrug It Off+1","Armaments+1","Flame Barrier+1","Shockwave+1","Juggernaut+1","Iron Wave+1","Sentinel","Demon Form+1","Intimidate+1","Immolate+1","Corruption","Uppercut+1","Heavy Blade+1","Dark Embrace","Pain","The Bomb","Chrysalis+1","The Bomb","Writhe"],"relics":["Burning Blood","Golden Idol","Dodecahedron","Sundial","Darkstone Periapt","Ancient Tea Set","Cursed Key","Bottled Lightning","Dream Catcher","Regal Pillow","Snecko Eye","Magic Flower","Red Skull"],"potions_floor_usage":[50,50,50],"damage_taken":[{"damage":7,"enemies":"Small Slimes","floor":1,"turns":4},{"damage":1,"enemies":"2 Louse","floor":4,"turns":3},{"damage":1,"enemies":"Jaw Worm","floor":5,"turns":5},{"damage":24,"enemies":"Gremlin Nob","floor":10,"turns":5},{"damage":13,"enemies":"3 Sentries","floor":11,"turns":14},{"damage":2,"enemies":"2 Fungi Beasts","floor":14,"turns":4},{"damage":13,"enemies":"The Guardian","floor":16,"turns":16},{"damage":0,"enemies":"3 Byrds","floor":18,"turns":4},{"damage":0,"enemies":"Shell Parasite","floor":22,"turns":4},{"damage":19,"enemies":"Gremlin Leader","floor":23,"turns":10},{"damage":6,"enemies":"Centurion and Healer","floor":25,"turns":4},{"damage":4,"enemies":"Shelled Parasite and Fungi","floor":27,"turns":4},{"damage":8,"enemies":"Chosen and Byrds","floor":29,"turns":6},{"damage":7,"enemies":"Book of Stabbing","floor":31,"turns":5},{"damage":12,"enemies":"Champ","floor":33,"turns":7},{"damage":5,"enemies":"3 Darklings","floor":35,"turns":2},{"damage":10,"enemies":"Orb Walker","floor":37,"turns":4},{"damage":5,"enemies":"Jaw Worm Horde","floor":38,"turns":3},{"damage":0,"enemies":"2 Orb Walkers","floor":41,"turns":2},{"damage":15,"enemies":"4 Shapes","floor":45,"turns":2},{"damage":67,"enemies":"Awakened One","floor":50,"turns":6}],"seed_played":"3002087777021888535","potions_obtained":[{"floor":4,"key":"Regen Potion"},{"floor":10,"key":"FearPotion"},{"floor":11,"key":"Strength Potion"},{"floor":18,"key":"Dexterity Potion"}],"is_trial":false,"path_per_floor":["M","?","$","M","M","R","?","R","T","E","?","R","$","M","R","B",null,"M","$","?","?","M","E","$","M","T","M","R","M","R","E","R","B",null,"M","?","M","M","$","R","?","?","T","R","M","R","?","?","R","B",null],"character_chosen":"IRONCLAD","items_purchased":["Flame Barrier","Corruption","Uppercut"],"campfire_rested":0,"item_purchase_floors":[13,24,24],"current_hp_per_floor":[79,74,74,74,74,74,71,71,71,53,46,46,46,50,50,43,74,74,74,74,74,74,61,61,61,67,69,69,67,67,66,66,60,80,80,80,76,77,77,77,80,80,86,86,80,80,70,92,92,42],"gold":433,"neow_bonus":"HUNDRED_GOLD","is_prod":false,"is_daily":false,"chose_seed":false,"campfire_upgraded":11,"win_rate":0,"timestamp":1550448367,"path_taken":["M","?","$","M","M","R","?","R","T","E","?","R","$","M","R","BOSS","M","$","?","?","M","E","$","M","T","M","R","M","R","E","R","BOSS","M","?","M","?","$","R","?","?","T","R","?","R","?","?","R","BOSS"],"build_version":"2019-01-23","purchased_purges":5,"victory":true,"max_hp_per_floor":[80,74,74,74,74,74,74,74,74,74,74,74,74,74,74,74,74,74,74,74,74,74,74,74,74,80,80,80,80,80,80,80,80,80,80,80,80,80,80,80,80,80,86,86,86,86,86,92,92,92],"card_choices":[{"not_picked":["Perfected Strike","Combust"],"picked":"Iron Wave","floor":1},{"not_picked":["Cleave","Pummel"],"picked":"Metallicize","floor":4},{"not_picked":["Blood for Blood","Sentinel","Havoc"],"picked":"SKIP","floor":5},{"not_picked":["Clothesline","Perfected Strike"],"picked":"Shrug It Off","floor":10},{"not_picked":["Feel No Pain","Havoc"],"picked":"Armaments","floor":11},{"not_picked":["Shrug It Off","Evolve"],"picked":"Shockwave","floor":14},{"not_picked":["Brutality","Fiend Fire"],"picked":"Juggernaut","floor":16},{"not_picked":["Pommel Strike","True Grit"],"picked":"Iron Wave","floor":18},{"not_picked":["Thunderclap","Anger"],"picked":"Intimidate+1","floor":22},{"not_picked":["Sentinel","Dropkick"],"picked":"Immolate","floor":23},{"not_picked":["Headbutt","Perfected Strike+1"],"picked":"Heavy Blade+1","floor":25},{"not_picked":["Havoc","Dual Wield+1","Power Through"],"picked":"SKIP","floor":27},{"not_picked":["Blood for Blood+1","Twin Strike+1","Body Slam"],"picked":"SKIP","floor":29},{"not_picked":["Sword Boomerang+1","Thunderclap","Flame Barrier"],"picked":"SKIP","floor":31},{"not_picked":["Brutality","Barricade"],"picked":"Dark Embrace","floor":33},{"not_picked":["Hemokinesis+1","Evolve+1","Spot Weakness"],"picked":"SKIP","floor":35},{"not_picked":["Pommel Strike","Iron Wave+1","Thunderclap+1"],"picked":"SKIP","floor":37},{"not_picked":["Sentinel+1","Spot Weakness+1","Heavy Blade+1"],"picked":"SKIP","floor":38},{"not_picked":["Pommel Strike","Ghostly Armor+1","Anger"],"picked":"SKIP","floor":45},{"not_picked":["PanicButton","Bandage Up"],"picked":"The Bomb","floor":47},{"not_picked":["Dark Shackles","Deep Breath"],"picked":"Chrysalis","floor":47},{"not_picked":["Impatience","Forethought"],"picked":"The Bomb","floor":47}],"player_experience":851478,"relics_obtained":[{"floor":9,"key":"Sundial"},{"floor":10,"key":"Darkstone Periapt"},{"floor":23,"key":"Bottled Lightning"},{"floor":26,"key":"Dream Catcher"},{"floor":31,"key":"Regal Pillow"},{"floor":41,"key":"Magic Flower"},{"floor":43,"key":"Red Skull"}],"event_choices":[{"damage_healed":0,"gold_gain":0,"player_choice":"Lose Max HP","damage_taken":0,"relics_obtained":["Golden Idol"],"max_hp_gain":0,"max_hp_loss":6,"event_name":"Golden Idol","floor":2,"gold_loss":0},{"damage_healed":0,"gold_gain":0,"player_choice":"Success","damage_taken":3,"relics_obtained":["Dodecahedron"],"max_hp_gain":0,"max_hp_loss":0,"event_name":"Scrap Ooze","floor":7,"gold_loss":0},{"damage_healed":0,"gold_gain":0,"player_choice":"Searched \u00272\u0027 times","damage_taken":0,"relics_obtained":["Ancient Tea Set"],"max_hp_gain":0,"max_hp_loss":0,"event_name":"Dead Adventurer","floor":11,"gold_loss":0},{"damage_healed":0,"gold_gain":0,"cards_transformed":["Strike_R","Defend_R"],"player_choice":"Became Test Subject","damage_taken":0,"max_hp_gain":0,"max_hp_loss":0,"event_name":"Drug Dealer","floor":20,"gold_loss":0,"cards_obtained":["Sentinel","Demon Form"]},{"cards_removed":["Strike_R"],"damage_healed":0,"gold_gain":0,"player_choice":"Elegance","damage_taken":0,"max_hp_gain":0,"max_hp_loss":0,"event_name":"Back to Basics","floor":21,"gold_loss":0},{"damage_healed":0,"gold_gain":0,"player_choice":"Forge","damage_taken":0,"max_hp_gain":0,"max_hp_loss":0,"event_name":"Accursed Blacksmith","floor":36,"gold_loss":0,"cards_upgraded":["Uppercut"]},{"damage_healed":0,"gold_gain":0,"player_choice":"Fight","damage_taken":0,"max_hp_gain":0,"max_hp_loss":0,"event_name":"Mysterious Sphere","floor":41,"gold_loss":0},{"damage_healed":0,"gold_gain":100,"player_choice":"Pray","damage_taken":0,"max_hp_gain":0,"max_hp_loss":0,"event_name":"Golden Shrine","floor":42,"gold_loss":0},{"damage_healed":0,"gold_gain":0,"player_choice":"Memory 3","damage_taken":10,"max_hp_gain":0,"max_hp_loss":0,"event_name":"SensoryStone","floor":47,"gold_loss":0},{"damage_healed":22,"gold_gain":0,"player_choice":"Writhe","damage_taken":0,"max_hp_gain":0,"max_hp_loss":0,"event_name":"Winding Halls","floor":48,"gold_loss":0,"cards_obtained":["Writhe"]}],"is_beta":false,"boss_relics":[{"not_picked":["Pandora\u0027s Box","Black Star"],"picked":"Cursed Key"},{"not_picked":["Philosopher\u0027s Stone","Runic Pyramid"],"picked":"Snecko Eye"}],"items_purged_floors":[3,13,19,24,39],"is_endless":false,"potions_floor_spawned":[4,10,11,18,23,33,35],"ascension_level":0}