{"gold_per_floor":[113,113,132,132,142,142,157,167,191,191,207,219,237,256,256,357,357,369,369,174,174,186,186,206,222,298,308,157,167,186,186],"floor_reached":31,"playtime":1224,"items_purged":["Strike_R","Strike_R"],"score":237,"play_id":"35fc61e0-d2d2-4cb4-a7b1-edf3a2793ad4","local_time":"20190103015812","is_ascension_mode":false,"campfire_choices":[{"floor":6.0,"key":"REST"},{"floor":15.0,"key":"REST"},{"floor":23.0,"key":"REST"}],"neow_cost":"NONE","seed_source_timestamp":30761038854974,"circlet_count":0,"master_deck":["Strike_R","Strike_R","Defend_R","Defend_R","Defend_R","Defend_R","Bash","Thunderclap","Juggernaut","Metallicize","Twin Strike","Shockwave","Armaments","Whirlwind","Spot Weakness","True Grit","Shrug It Off","Juggernaut","Twin Strike","Demon Form","Warcry","Sword Boomerang+1","Rage","Uppercut","Warcry+1","Heavy Blade","Clothesline+1","Second Wind+1"],"special_seed":0,"relics":["Fusion Hammer"],"potions_floor_usage":[],"damage_taken":[{"damage":7.0,"enemies":"2 Louse","floor":1.0,"turns":3.0},{"damage":5.0,"enemies":"Small Slimes","floor":3.0,"turns":3.0},{"damage":8.0,"enemies":"Jaw Worm","floor":5.0,"turns":3.0},{"damage":0.0,"enemies":"Large Slime","floor":7.0,"turns":4.0},{"damage":3.0,"enemies":"Lots of Slimes","floor":8.0,"turns":3.0},{"damage":12.0,"enemies":"Exordium Wildlife","floor":11.0,"turns":4.0},{"damage":5.0,"enemies":"Exordium Thugs","floor":12.0,"turns":4.0},{"damage":7.0,"enemies":"Blue Slaver","floor":13.0,"turns":3.0},{"damage":13.0,"enemies":"Gremlin Gang","floor":14.0,"turns":4.0},{"damage":21.0,"enemies":"Slime Boss","floor":16.0,"turns":8.0},{"damage":0.0,"enemies":"3 Byrds","floor":18.0,"turns":5.0},{"damage":9.0,"enemies":"2 Thieves","floor":22.0,"turns":2.0},{"damage":8.0,"enemies":"Centurion and Healer","floor":24.0,"turns":6.0},{"damage":16.0,"enemies":"Snake Plant","floor":25.0,"turns":4.0},{"damage":12.0,"enemies":"Cultist and Chosen","floor":27.0,"turns":5.0},{"damage":16.0,"enemies":"Shelled Parasite and Fungi","floor":29.0,"turns":4.0},{"damage":37.0,"enemies":"3 Cultists","floor":30.0,"turns":8.0},{"damage":8,"enemies":"Snake Plant","floor":31,"turns":1}],"seed_played":"517690634826364037","potions_obtained":[{"floor":5.0,"key":"FearPotion"},{"floor":7.0,"key":"SteroidPotion"},{"floor":8.0,"key":"SpeedPotion"},{"floor":21.0,"key":"FairyPotion"},{"floor":21.0,"key":"Fruit Juice"},{"floor":24.0,"key":"Fire Potion"},{"floor":29.0,"key":"Ancient Potion"},{"floor":30,"key":"Ancient Potion"}],"is_trial":false,"path_per_floor":["M","?","M","?","M","R","M","M","T","?","M","M","M","M","R","B",null,"M","?","$","?","M","R","M","M","T","M","$","M","M","M","M"],"character_chosen":"IRONCLAD","items_purchased":["Demon Form","Warcry","Heavy Blade"],"campfire_rested":3,"item_purchase_floors":[20,20,28],"current_hp_per_floor":[73,73,68,68,60,80,80,77,77,77,65,60,53,40,64,43,80,80,72,72,72,68,85,77,61,61,49,49,33,5,0],"gold":186,"neow_bonus":"BOSS_RELIC","is_prod":false,"is_daily":false,"chose_seed":false,"campfire_upgraded":0,"win_rate":0,"timestamp":1546473492,"path_taken":["M","?","M","?","M","R","M","?","T","?","M","M","?","M","R","BOSS","M","?","?","?","M","R","?","M","T","M","$","M","M","M"],"build_version":"2018-12-20","purchased_purges":2,"victory":false,"max_hp_per_floor":[80,80,80,80,80,80,80,80,80,80,80,80,80,80,80,80,80,80,80,80,80,85,85,85,85,85,85,85,85,85,85],"card_choices":[{"not_picked":["Havoc","Burning Pact"],"picked":"Thunderclap","floor":1.0},{"not_picked":["Clothesline","Perfected Strike"],"picked":"Metallicize","floor":3.0},{"not_picked":["Evolve","Dropkick"],"picked":"Twin Strike","floor":5.0},{"not_picked":["Flex","Iron Wave"],"picked":"Shockwave","floor":7.0},{"not_picked":["Second Wind","Entrench"],"picked":"Armaments","floor":8.0},{"not_picked":["Dual Wield","Disarm"],"picked":"Whirlwind","floor":11.0},{"not_picked":["Shrug It Off","Burning Pact"],"picked":"Spot Weakness","floor":12.0},{"not_picked":["Flex","Rupture"],"picked":"True Grit","floor":13.0},{"not_picked":["Iron Wave","Sword Boomerang"],"picked":"Shrug It Off","floor":14.0},{"not_picked":["Barricade","Offering"],"picked":"Juggernaut","floor":16.0},{"not_picked":["Wild Strike","Perfected Strike+1"],"picked":"Twin Strike","floor":18.0},{"not_picked":["Headbutt","Armaments+1"],"picked":"Sword Boomerang+1","floor":22.0},{"not_picked":["Bloodletting+1","Seeing Red"],"picked":"Rage","floor":24.0},{"not_picked":["Thunderclap","Shrug It Off"],"picked":"Uppercut","floor":25.0},{"not_picked":["Body Slam","Wild Strike"],"picked":"Warcry+1","floor":27.0},{"not_picked":["True Grit","Warcry"],"picked":"Clothesline+1","floor":29.0},{"not_picked":["Armaments","Cleave"],"picked":"Second Wind+1","floor":30}],"player_experience":74284,"relics_obtained":[],"event_choices":[{"damage_healed":0.0,"max_hp_gain":0.0,"max_hp_loss":0.0,"gold_gain":0.0,"cards_transformed":["Strike_R"],"event_name":"Living Wall","player_choice":"Change","floor":2.0,"gold_loss":0.0,"damage_taken":0.0,"cards_obtained":["Juggernaut"]},{"damage_healed":0.0,"max_hp_gain":0.0,"max_hp_loss":0.0,"gold_gain":0.0,"event_name":"The Cleric","player_choice":"Leave","floor":4.0,"gold_loss":0.0,"damage_taken":0.0},{"damage_healed":0.0,"max_hp_gain":0.0,"max_hp_loss":0.0,"gold_gain":0.0,"event_name":"WeMeetAgain","player_choice":"Ignored","floor":10.0,"gold_loss":0.0,"damage_taken":0.0},{"damage_healed":0.0,"max_hp_gain":0.0,"max_hp_loss":0.0,"gold_gain":0.0,"event_name":"Knowing Skull","player_choice":"","floor":19.0,"potions_obtained":[],"gold_loss":0.0,"damage_taken":8.0,"cards_obtained":[]},{"damage_healed":0.0,"max_hp_gain":0.0,"max_hp_loss":0.0,"gold_gain":0.0,"event_name":"Lab","player_choice":"Got Potions","floor":21.0,"gold_loss":0.0,"damage_taken":0.0}],"is_beta":false,"boss_relics":[{"not_picked":["Coffee Dripper","Cursed Key","Runic Pyramid"]}],"items_purged_floors":[20,28],"is_endless":false,"potions_floor_spawned":[5,7,8,16,18,24,29,30],"killed_by":"Snake Plant","ascension_level":0}