{"gold_per_floor":[112,112,132,143,153,153,167,167,192,209,209,220,236,251,251,355,355,370,383,394,409,422,422,437,455,455,455,455,511,524,542,542,641,641,660,207,225,237,247,247,265,175,175,194,207,207,307,317,317,317],"floor_reached":51,"playtime":2767,"items_purged":["Strike_R"],"score":702,"play_id":"54d6832b-21ea-418b-bbf5-ed2009edeb3d","local_time":"20190224205847","is_ascension_mode":false,"campfire_choices":[{"data":"Uppercut","floor":6.0,"key":"SMITH"},{"data":"Bash","floor":8.0,"key":"SMITH"},{"data":"Entrench","floor":15.0,"key":"SMITH"},{"data":"Feed","floor":23.0,"key":"SMITH"},{"floor":28.0,"key":"REST"},{"floor":32.0,"key":"REST"},{"floor":40.0,"key":"REST"},{"floor":46.0,"key":"REST"},{"data":"Armaments","floor":49.0,"key":"SMITH"}],"neow_cost":"PERCENT_DAMAGE","seed_source_timestamp":1481612651084,"circlet_count":0,"master_deck":["Strike_R","Strike_R","Strike_R+1","Defend_R","Defend_R","Defend_R","Defend_R","Bash+1","Feed+1","Uppercut+1","Headbutt","Shrug It Off+1","Armaments+1","Thunderclap","Entrench+1","True Grit+1","Feed+1","Inflame","Iron Wave+1","Barricade","Shrug It Off","Corruption","Headbutt","Demon Form","Shockwave","Shrug It Off","Secret Weapon","Armaments+1","Heavy Blade+1","Body Slam+1","Body Slam+1","Dual Wield+1"],"special_seed":0,"relics":["Burning Blood","Bag of Preparation","Sozu","War Paint","Strawberry","Tiny Chest","Busted Crown","Blood Vial","Sundial","Calipers"],"potions_floor_usage":[],"damage_taken":[{"damage":0.0,"enemies":"2 Louse","floor":1.0,"turns":2.0},{"damage":0.0,"enemies":"Cultist","floor":3.0,"turns":2.0},{"damage":7.0,"enemies":"Jaw Worm","floor":4.0,"turns":4.0},{"damage":8.0,"enemies":"Exordium Wildlife","floor":5.0,"turns":5.0},{"damage":8.0,"enemies":"Red Slaver","floor":7.0,"turns":5.0},{"damage":2.0,"enemies":"Looter","floor":10.0,"turns":3.0},{"damage":11.0,"enemies":"Blue Slaver","floor":12.0,"turns":5.0},{"damage":0.0,"enemies":"3 Louse","floor":13.0,"turns":4.0},{"damage":8.0,"enemies":"2 Fungi Beasts","floor":14.0,"turns":3.0},{"damage":84.0,"enemies":"Slime Boss","floor":16.0,"turns":15.0},{"damage":1.0,"enemies":"Chosen","floor":18.0,"turns":6.0},{"damage":27.0,"enemies":"Spheric Guardian","floor":19.0,"turns":6.0},{"damage":13.0,"enemies":"Snecko","floor":20.0,"turns":6.0},{"damage":47.0,"enemies":"Sentry and Sphere","floor":21.0,"turns":9.0},{"damage":15.0,"enemies":"3 Cultists","floor":22.0,"turns":7.0},{"damage":29.0,"enemies":"Shelled Parasite and Fungi","floor":24.0,"turns":10.0},{"damage":31.0,"enemies":"Snake Plant","floor":25.0,"turns":5.0},{"damage":51.0,"enemies":"Slavers","floor":29.0,"turns":8.0},{"damage":0.0,"enemies":"Snecko","floor":30.0,"turns":6.0},{"damage":6.0,"enemies":"Shelled Parasite and Fungi","floor":31.0,"turns":9.0},{"damage":106.0,"enemies":"Collector","floor":33.0,"turns":26.0},{"damage":3.0,"enemies":"3 Shapes","floor":35.0,"turns":6.0},{"damage":18.0,"enemies":"3 Darklings","floor":37.0,"turns":8.0},{"damage":65.0,"enemies":"Transient","floor":38.0,"turns":5.0},{"damage":36.0,"enemies":"Spire Growth","floor":39.0,"turns":7.0},{"damage":6.0,"enemies":"Maw","floor":41.0,"turns":7.0},{"damage":6.0,"enemies":"4 Shapes","floor":44.0,"turns":6.0},{"damage":44.0,"enemies":"Jaw Worm Horde","floor":45.0,"turns":7.0},{"damage":21.0,"enemies":"Mind Bloom Boss Battle","floor":47.0,"turns":6.0},{"damage":7.0,"enemies":"Spire Growth","floor":48.0,"turns":4.0},{"damage":113,"enemies":"Awakened One","floor":50,"turns":13}],"seed_played":"4612418297046357975","potions_obtained":[{"floor":4.0,"key":"SteroidPotion"},{"floor":5.0,"key":"SkillPotion"},{"floor":7.0,"key":"Block Potion"},{"floor":12.0,"key":"EssenceOfSteel"},{"floor":16.0,"key":"FearPotion"}],"is_trial":false,"path_per_floor":["M","?","M","M","M","R","M","R","T","M","?","M","M","M","R","B",null,"M","M","M","M","M","R","M","M","T","?","R","E","M","M","R","B",null,"M","$","M","M","M","R","M","?","T","M","M","R","?","M","R","B",null],"character_chosen":"IRONCLAD","items_purchased":["Blood Vial","Shrug It Off","Secret Weapon"],"campfire_rested":4,"item_purchase_floors":[36,36,36],"current_hp_per_floor":[65,65,75,78,80,80,82,82,82,90,90,89,99,101,101,27,119,123,106,103,69,67,67,52,31,31,38,87,50,60,68,123,27,188,196,196,188,131,107,168,174,174,174,184,156,223,209,210,210,113],"gold":317,"neow_bonus":"THREE_RARE_CARDS","is_prod":false,"is_daily":false,"chose_seed":false,"campfire_upgraded":5,"win_rate":0,"timestamp":1551063527,"path_taken":["M","?","M","M","M","R","M","R","T","M","?","M","M","?","R","BOSS","M","M","M","M","M","R","M","M","T","?","R","E","M","M","R","BOSS","M","$","M","M","M","R","M","?","T","?","M","R","?","M","R","BOSS"],"build_version":"2019-01-23","purchased_purges":1,"victory":true,"max_hp_per_floor":[83,83,87,91,95,95,99,99,99,103,103,107,111,115,115,119,119,123,127,131,138,145,145,153,157,157,164,164,172,176,184,184,188,188,196,196,200,200,204,204,208,208,208,216,224,224,224,224,224,232],"card_choices":[{"not_picked":["Bludgeon","Demon Form"],"picked":"Feed","floor":0.0},{"not_picked":["Body Slam","Shockwave"],"picked":"Uppercut","floor":1.0},{"not_picked":["Body Slam","Perfected Strike"],"picked":"Headbutt","floor":3.0},{"not_picked":["Sword Boomerang","Cleave","Pummel"],"picked":"SKIP","floor":4.0},{"not_picked":["Clothesline","Anger","Cleave"],"picked":"SKIP","floor":5.0},{"not_picked":["True Grit","Clothesline"],"picked":"Shrug It Off","floor":7.0},{"not_picked":["Bloodletting","True Grit"],"picked":"Armaments","floor":10.0},{"not_picked":["Thunderclap","Clothesline","Anger"],"picked":"SKIP","floor":12.0},{"not_picked":["Clothesline","Anger"],"picked":"Thunderclap","floor":12.0},{"not_picked":["Sentinel","Rupture"],"picked":"Entrench","floor":13.0},{"not_picked":["Shockwave","Cleave"],"picked":"True Grit","floor":14.0},{"not_picked":["Double Tap","Dark Embrace"],"picked":"Feed","floor":16.0},{"not_picked":["Twin Strike","Rage"],"picked":"Inflame","floor":18.0},{"not_picked":["Thunderclap","Clash","Rupture"],"picked":"SKIP","floor":19.0},{"not_picked":["Cleave","Dark Embrace","Sword Boomerang"],"picked":"SKIP","floor":20.0},{"not_picked":["Fire Breathing","Flex"],"picked":"Iron Wave+1","floor":21.0},{"not_picked":["Clothesline","Iron Wave"],"picked":"Barricade","floor":22.0},{"not_picked":["Dropkick","Twin Strike","Infernal Blade"],"picked":"SKIP","floor":24.0},{"not_picked":["Pommel Strike","Heavy Blade+1"],"picked":"Shrug It Off","floor":25.0},{"not_picked":["Anger","Cleave"],"picked":"Corruption","floor":29.0},{"not_picked":["Sever Soul","Clash","Pommel Strike"],"picked":"SKIP","floor":30.0},{"not_picked":["Rampage","Barricade"],"picked":"Headbutt","floor":31.0},{"not_picked":["Brutality","Impervious"],"picked":"Demon Form","floor":33.0},{"not_picked":[],"picked":"Shockwave","floor":35.0},{"not_picked":["Sentinel"],"picked":"SKIP","floor":37.0},{"not_picked":[],"picked":"Armaments+1","floor":38.0},{"not_picked":[],"picked":"Heavy Blade+1","floor":39.0},{"not_picked":[],"picked":"Body Slam+1","floor":41.0},{"not_picked":[],"picked":"Body Slam+1","floor":44.0},{"not_picked":[],"picked":"Dual Wield+1","floor":45.0},{"not_picked":["Sentinel"],"picked":"SKIP","floor":48.0}],"player_experience":917868,"relics_obtained":[{"floor":9.0,"key":"Bag of Preparation"},{"floor":26.0,"key":"War Paint"},{"floor":29.0,"key":"Tiny Chest"},{"floor":43.0,"key":"Sundial"},{"floor":47.0,"key":"Calipers"}],"event_choices":[{"damage_healed":0.0,"max_hp_gain":0.0,"max_hp_loss":0.0,"gold_gain":0.0,"event_name":"Living Wall","player_choice":"Grow","floor":2.0,"gold_loss":0.0,"damage_taken":0.0,"cards_upgraded":["Feed"]},{"damage_healed":0.0,"max_hp_gain":0.0,"max_hp_loss":0.0,"gold_gain":0.0,"event_name":"NoteForYourself","player_choice":"Ignored","floor":11.0,"gold_loss":0.0,"damage_taken":0.0},{"damage_healed":0.0,"max_hp_gain":0.0,"max_hp_loss":0.0,"gold_gain":0.0,"event_name":"The Mausoleum","player_choice":"Opened","floor":27.0,"gold_loss":0.0,"damage_taken":0.0,"relics_obtained":["Strawberry"]},{"cards_removed":["Strike_R"],"damage_healed":0.0,"max_hp_gain":0.0,"max_hp_loss":0.0,"gold_gain":0.0,"event_name":"Designer","player_choice":"Upgrade and Remove","floor":42.0,"gold_loss":90.0,"damage_taken":0.0,"cards_upgraded":["Strike_R"]},{"damage_healed":0.0,"max_hp_gain":0.0,"max_hp_loss":0.0,"gold_gain":0.0,"event_name":"MindBloom","player_choice":"Fight","floor":47.0,"gold_loss":0.0,"damage_taken":0.0}],"is_beta":false,"boss_relics":[{"not_picked":["Orrery","Coffee Dripper"],"picked":"Sozu"},{"not_picked":["Runic Dome","Eternal Feather"],"picked":"Busted Crown"}],"items_purged_floors":[36],"is_endless":false,"potions_floor_spawned":[4,5,7,12,16,19,22,25,29,30,35,38,41,44,47],"ascension_level":0}