{"gold_per_floor":[19,229,229,252,268,299,321,321,321,321,340,340,382,332,332,504,504,517,277,300,300,51,51,51,51,51,75,116,116,116,116,116,295,295,312,203,203,57,137,137,171,171,171,171,57,141,154,196,196,196,196,196,23,60,60],"floor_reached":56,"playtime":1409,"items_purged":["Defend_B"],"score":425,"play_id":"99c2ba9a-3ae5-496d-b592-4c5a325287ca","local_time":"20190220150250","is_ascension_mode":true,"campfire_choices":[{"data":"Catalyst","floor":8,"key":"SMITH"},{"data":"Corpse Explosion","floor":10,"key":"SMITH"},{"data":"Noxious Fumes","floor":12,"key":"SMITH"},{"data":"A Thousand Cuts","floor":15,"key":"SMITH"},{"data":"After Image","floor":23,"key":"SMITH"},{"data":"Caltrops","floor":25,"key":"SMITH"},{"data":"Footwork","floor":29,"key":"SMITH"},{"floor":32,"key":"RECALL"},{"data":"After Image","floor":40,"key":"SMITH"},{"data":"After Image","floor":42,"key":"SMITH"},{"data":"PiercingWail","floor":44,"key":"SMITH"},{"data":"Night Terror","floor":49,"key":"SMITH"},{"data":"Well Laid Plans","floor":52,"key":"SMITH"}],"neow_cost":"NO_GOLD","seed_source_timestamp":169712289335265,"circlet_count":0,"master_deck":["Defend_G+1","Defend_G+1","Defend_G+1","Defend_G+1","Strike_G+1","Strike_G+1","Strike_G+1","Strike_G+1","Strike_G+1","Survivor+1","Neutralize+1","Corpse Explosion+1","Noxious Fumes+1","Dodge and Roll+1","Deadly Poison+1","Predator+1","Catalyst+1","A Thousand Cuts+1","After Image+1","Caltrops+1","PiercingWail+1","Blur+1","Noxious Fumes+1","Footwork+1","After Image+1","Leg Sweep+1","After Image+1","Well Laid Plans+1","Night Terror+1"],"relics":["Ring of the Snake","Lantern","Question Card","Whetstone","Bag of Marbles","StoneCalendar","Philosopher\u0027s Stone","Paper Crane","Shuriken","Dodecahedron","Mummified Hand","Pocketwatch","Busted Crown","Snake Skull","Potion Belt","SsserpentHead","OrangePellets","Singing Bowl","Pantograph","Bottled Tornado","Membership Card","Bottled Lightning","Juzu Bracelet","Incense Burner","War Paint","Centennial Puzzle"],"potions_floor_usage":[3,7,33,33,46,50,55,55,55],"damage_taken":[{"damage":0,"enemies":"Small Slimes","floor":1,"turns":1},{"damage":6,"enemies":"Jaw Worm","floor":4,"turns":2},{"damage":0,"enemies":"Cultist","floor":5,"turns":2},{"damage":9,"enemies":"3 Sentries","floor":6,"turns":3},{"damage":0,"enemies":"Blue Slaver","floor":7,"turns":2},{"damage":0,"enemies":"3 Louse","floor":11,"turns":1},{"damage":0,"enemies":"Gremlin Nob","floor":13,"turns":2},{"damage":0,"enemies":"Slime Boss","floor":16,"turns":3},{"damage":0,"enemies":"Shell Parasite","floor":18,"turns":3},{"damage":0,"enemies":"Spheric Guardian","floor":20,"turns":4},{"damage":8,"enemies":"Shelled Parasite and Fungi","floor":27,"turns":3},{"damage":0,"enemies":"Gremlin Leader","floor":28,"turns":4},{"damage":0,"enemies":"Champ","floor":33,"turns":6},{"damage":0,"enemies":"Orb Walker","floor":35,"turns":3},{"damage":0,"enemies":"3 Darklings","floor":39,"turns":2},{"damage":0,"enemies":"Reptomancer","floor":41,"turns":6},{"damage":0,"enemies":"Jaw Worm Horde","floor":46,"turns":3},{"damage":0,"enemies":"Transient","floor":47,"turns":5},{"damage":0,"enemies":"Giant Head","floor":48,"turns":6},{"damage":0,"enemies":"Time Eater","floor":50,"turns":5},{"damage":2,"enemies":"Shield and Spear","floor":54,"turns":4},{"damage":0,"enemies":"The Heart","floor":55,"turns":5}],"seed_played":"7268621247745471585","potions_obtained":[{"floor":1,"key":"Regen Potion"},{"floor":3,"key":"Fruit Juice"},{"floor":3,"key":"Regen Potion"},{"floor":3,"key":"LiquidBronze"},{"floor":6,"key":"GhostInAJar"},{"floor":7,"key":"Fruit Juice"},{"floor":7,"key":"AttackPotion"},{"floor":13,"key":"Dexterity Potion"},{"floor":33,"key":"SmokeBomb"},{"floor":35,"key":"FearPotion"},{"floor":39,"key":"Fire Potion"},{"floor":39,"key":"FairyPotion"},{"floor":41,"key":"AttackPotion"},{"floor":46,"key":"PowerPotion"},{"floor":54,"key":"PowerPotion"}],"is_trial":false,"path_per_floor":["M","?","?","M","M","E","M","R","T","R","M","R","E","?","R","B",null,"M","$","M","?","$","R","$","R","T","M","E","R","?","$","R","B",null,"M","$","?","$","M","R","E","R","T","R","$","M","M","E","R","B",null,"R","$","E","B",null],"character_chosen":"THE_SILENT","items_purchased":["Paper Crane","Caltrops","Shuriken","Potion Belt","OrangePellets","Membership Card","Well Laid Plans","Incense Burner","War Paint"],"campfire_rested":0,"item_purchase_floors":[19,19,22,36,38,45,45,53,53],"current_hp_per_floor":[74,74,79,73,73,64,71,71,71,71,71,71,71,71,71,77,88,88,88,88,88,88,88,88,88,88,80,80,80,80,80,80,86,92,92,92,92,92,92,92,94,94,94,94,94,96,98,100,100,104,104,104,104,108,112],"gold":60,"neow_bonus":"THREE_RARE_CARDS","is_prod":false,"is_daily":false,"chose_seed":false,"campfire_upgraded":12,"win_rate":0,"timestamp":1550667770,"path_taken":["M","?","?","M","M","E","M","R","T","R","?","R","E","?","R","BOSS","M","$","M","?","?","R","$","R","T","?","E","R","?","$","R","BOSS","M","$","?","$","?","R","E","R","T","R","?","?","M","E","R","BOSS","R","$","E","BOSS"],"build_version":"2019-01-23","purchased_purges":1,"victory":true,"max_hp_per_floor":[74,74,79,79,79,79,84,84,84,84,84,84,84,84,84,88,88,88,88,88,88,88,88,88,88,88,88,88,88,88,88,88,92,92,92,92,92,92,92,92,94,94,94,94,94,96,98,100,100,104,104,104,104,108,112],"card_choices":[{"not_picked":["Burst","Bullet Time"],"picked":"Corpse Explosion","floor":0},{"not_picked":["Flying Knee","Cloak And Dagger"],"picked":"Noxious Fumes","floor":1},{"not_picked":["Prepared","Dagger Spray"],"picked":"Dodge and Roll+1","floor":4},{"not_picked":["Backstab","Bane"],"picked":"Deadly Poison","floor":5},{"not_picked":["Footwork","A Thousand Cuts"],"picked":"Predator+1","floor":6},{"not_picked":["Setup+1","Outmaneuver","Slice"],"picked":"SKIP","floor":6},{"not_picked":["Outmaneuver","Sucker Punch"],"picked":"Catalyst","floor":7},{"not_picked":["Underhanded Strike","Blade Dance+1","Acrobatics","Dagger Throw"],"picked":"SKIP","floor":11},{"not_picked":["Deadly Poison","Bane","Blade Dance"],"picked":"A Thousand Cuts","floor":13},{"not_picked":["Sucker Punch","Accuracy","Escape Plan","All Out Attack"],"picked":"SKIP","floor":13},{"not_picked":["A Thousand Cuts","Phantasmal Killer","Unload"],"picked":"After Image","floor":16},{"not_picked":["Flying Knee+1","Quick Slash+1","Catalyst","Outmaneuver+1"],"picked":"SKIP","floor":18},{"not_picked":["Poisoned Stab","Bouncing Flask","Riddle With Holes"],"picked":"PiercingWail","floor":20},{"not_picked":["Quick Slash","Sucker Punch","Dagger Spray+1"],"picked":"Blur+1","floor":27},{"not_picked":["Poisoned Stab","Eviscerate","Tactician"],"picked":"Noxious Fumes+1","floor":28},{"not_picked":["Blade Dance","Prepared+1","Underhanded Strike"],"picked":"Footwork","floor":28},{"not_picked":["Adrenaline","Phantasmal Killer","A Thousand Cuts"],"picked":"After Image","floor":33},{"not_picked":["Masterful Stab"],"picked":"Leg Sweep+1","floor":35},{"not_picked":["Underhanded Strike+1","Dagger Spray"],"picked":"SKIP","floor":39},{"not_picked":["Deflect+1","Sucker Punch+1"],"picked":"Singing Bowl","floor":41},{"not_picked":["Dagger Throw"],"picked":"After Image","floor":41},{"not_picked":["Dagger Throw+1","Flechettes+1"],"picked":"Singing Bowl","floor":46},{"not_picked":["Underhanded Strike","Flying Knee+1"],"picked":"Singing Bowl","floor":47},{"not_picked":["Poisoned Stab+1","Deflect+1"],"picked":"Singing Bowl","floor":48},{"not_picked":["Flying Knee+1"],"picked":"Night Terror","floor":48},{"not_picked":["Dodge and Roll+1","Finisher+1"],"picked":"Singing Bowl","floor":54},{"not_picked":["Acrobatics","Night Terror"],"picked":"Singing Bowl","floor":54}],"player_experience":208204,"relics_obtained":[{"floor":6,"key":"Lantern"},{"floor":9,"key":"Question Card"},{"floor":9,"key":"Whetstone"},{"floor":13,"key":"Bag of Marbles"},{"floor":16,"key":"StoneCalendar"},{"floor":26,"key":"Dodecahedron"},{"floor":28,"key":"Mummified Hand"},{"floor":33,"key":"Pocketwatch"},{"floor":35,"key":"Snake Skull"},{"floor":41,"key":"Singing Bowl"},{"floor":43,"key":"Pantograph"},{"floor":43,"key":"Bottled Tornado"},{"floor":47,"key":"Bottled Lightning"},{"floor":48,"key":"Juzu Bracelet"},{"floor":54,"key":"Centennial Puzzle"}],"event_choices":[{"damage_healed":0,"gold_gain":175,"player_choice":"AGREE","damage_taken":0,"max_hp_gain":0,"max_hp_loss":0,"event_name":"Liars Game","floor":2,"gold_loss":0,"cards_obtained":["Doubt"]},{"damage_healed":0,"gold_gain":0,"player_choice":"Got Potions","damage_taken":0,"max_hp_gain":0,"max_hp_loss":0,"event_name":"Lab","floor":3,"gold_loss":0},{"cards_removed":["Doubt"],"damage_healed":0,"gold_gain":0,"player_choice":"Card Removal","damage_taken":0,"max_hp_gain":0,"max_hp_loss":0,"event_name":"The Cleric","floor":14,"gold_loss":50},{"cards_removed":["Defend_G"],"damage_healed":0,"gold_gain":0,"player_choice":"Took Card","damage_taken":0,"max_hp_gain":0,"max_hp_loss":0,"event_name":"NoteForYourself","floor":21,"gold_loss":0,"cards_obtained":["Defend_B"]},{"damage_healed":0,"gold_gain":0,"player_choice":"Ignored","damage_taken":0,"max_hp_gain":0,"max_hp_loss":0,"event_name":"Beggar","floor":30,"gold_loss":0},{"damage_healed":0,"gold_gain":0,"player_choice":"Trade","damage_taken":0,"relics_obtained":["SsserpentHead"],"max_hp_gain":0,"max_hp_loss":0,"event_name":"FaceTrader","floor":37,"gold_loss":0}],"is_beta":false,"boss_relics":[{"not_picked":["White Beast Statue","Runic Pyramid"],"picked":"Philosopher\u0027s Stone"},{"not_picked":["HoveringKite","Pandora\u0027s Box"],"picked":"Busted Crown"}],"items_purged_floors":[22],"is_endless":false,"potions_floor_spawned":[7,11,16,20,27,39,46],"ascension_level":-20}