{"gold_per_floor":[109,128,143,218,218,251,251,270,297,297,151,151,165,188,188,289,289,299,299,299,315,329,329,347,347,347,367,367,367,367,102,102,206,206,216,226,226,243,260,102,102,102,102,113,113,130,130,130,130,130],"floor_reached":50,"playtime":1718,"items_purged":["Parasite","Strike_B","Strike_B"],"score":492,"play_id":"24abd2b5-c625-435a-8506-f669ef3225c7","local_time":"20190102015857","is_ascension_mode":false,"campfire_choices":[{"data":"Consume","floor":7.0,"key":"SMITH"},{"data":"Dualcast","floor":12.0,"key":"SMITH"},{"data":"Ball Lightning","floor":15.0,"key":"SMITH"},{"data":"Electrodynamics","floor":23.0,"key":"SMITH"},{"data":"RitualDagger","floor":28.0,"key":"SMITH"},{"floor":32.0,"key":"REST"},{"floor":41.0,"key":"REST"},{"data":"Static Discharge","floor":45.0,"key":"SMITH"},{"data":"Undo","floor":49.0,"key":"SMITH"}],"neow_cost":"NONE","seed_source_timestamp":35597901323157,"circlet_count":0,"master_deck":["Strike_B","Defend_B","Defend_B","Defend_B","Zap+1","Dualcast+1","Redo","Consume+1","Ball Lightning","Steam Power","Sweeping Beam","Self Repair","Ball Lightning+1","Electrodynamics+1","Steam","RitualDagger+1","Ball Lightning+1","Hologram+1","Decay","Steam+1","Hyperbeam","Undo+1","Conserve Battery","Static Discharge+1","Ball Lightning","Coolheaded+1","BootSequence","Writhe","Conserve Battery+1","Tempest+1","Doubt"],"special_seed":0,"relics":["Busted Crown"],"potions_floor_usage":[50,50,50],"damage_taken":[{"damage":1.0,"enemies":"Cultist","floor":1.0,"turns":3.0},{"damage":0.0,"enemies":"2 Louse","floor":2.0,"turns":3.0},{"damage":3.0,"enemies":"Jaw Worm","floor":3.0,"turns":3.0},{"damage":20.0,"enemies":"3 Sentries","floor":6.0,"turns":6.0},{"damage":7.0,"enemies":"Blue Slaver","floor":8.0,"turns":2.0},{"damage":6.0,"enemies":"Exordium Wildlife","floor":13.0,"turns":4.0},{"damage":29.0,"enemies":"The Guardian","floor":16.0,"turns":8.0},{"damage":5.0,"enemies":"Chosen","floor":18.0,"turns":3.0},{"damage":15.0,"enemies":"Spheric Guardian","floor":21.0,"turns":4.0},{"damage":18.0,"enemies":"Cultist and Chosen","floor":22.0,"turns":6.0},{"damage":0.0,"enemies":"Chosen and Byrds","floor":24.0,"turns":3.0},{"damage":5.0,"enemies":"Centurion and Healer","floor":27.0,"turns":3.0},{"damage":12.0,"enemies":"Colosseum Slavers","floor":29.0,"turns":3.0},{"damage":55.0,"enemies":"Collector","floor":33.0,"turns":8.0},{"damage":19.0,"enemies":"3 Shapes","floor":35.0,"turns":2.0},{"damage":13.0,"enemies":"3 Darklings","floor":36.0,"turns":3.0},{"damage":35.0,"enemies":"Maw","floor":38.0,"turns":8.0},{"damage":0.0,"enemies":"4 Shapes","floor":39.0,"turns":4.0},{"damage":4.0,"enemies":"3 Darklings","floor":44.0,"turns":4.0},{"damage":39.0,"enemies":"Spire Growth","floor":46.0,"turns":5.0},{"damage":78,"enemies":"Awakened One","floor":50,"turns":8}],"seed_played":"-5658354138182227043","potions_obtained":[{"floor":3.0,"key":"FearPotion"},{"floor":6.0,"key":"SkillPotion"},{"floor":8.0,"key":"SkillPotion"},{"floor":18.0,"key":"LiquidBronze"},{"floor":33.0,"key":"Strength Potion"},{"floor":36.0,"key":"PowerPotion"},{"floor":38.0,"key":"Dexterity Potion"}],"is_trial":false,"path_per_floor":["M","M","M","?","?","E","R","M","T","?","$","R","M","T","R","B",null,"M","?","?","M","M","R","M","?","T","M","R","?","?","$","R","B",null,"M","M","?","M","M","$","R","?","T","M","R","M","$","?","R","B"],"character_chosen":"DEFECT","items_purchased":["Self Repair","Undo","Conserve Battery","Static Discharge","BootSequence"],"campfire_rested":2,"item_purchase_floors":[11,31,31,31,40],"current_hp_per_floor":[74,74,71,60,60,40,40,33,33,51,51,51,52,52,52,30,72,72,72,66,58,47,47,54,54,54,56,56,44,44,44,65,10,72,53,47,47,19,26,26,47,65,65,61,61,29,29,72,72,0],"gold":130,"neow_bonus":"BOSS_RELIC","is_prod":false,"is_daily":false,"chose_seed":false,"campfire_upgraded":7,"win_rate":0,"timestamp":1546387137,"path_taken":["M","M","M","?","?","E","R","M","T","?","?","R","?","?","R","BOSS","M","?","?","M","M","R","M","?","T","M","R","?","?","$","R","BOSS","M","?","?","M","M","$","R","?","T","M","R","M","$","?","R","BOSS"],"build_version":"2018-12-20","purchased_purges":3,"victory":false,"max_hp_per_floor":[75,75,75,75,75,75,75,75,75,75,72,72,72,72,72,72,72,72,72,72,72,72,72,72,72,72,72,72,72,72,72,72,72,72,72,72,72,72,72,72,72,72,72,72,72,72,72,72,72,72],"card_choices":[{"not_picked":[],"picked":"Redo","floor":1.0},{"not_picked":[],"picked":"Consume","floor":2.0},{"not_picked":[],"picked":"Ball Lightning","floor":3.0},{"not_picked":[],"picked":"Steam Power","floor":6.0},{"not_picked":[],"picked":"Sweeping Beam","floor":8.0},{"not_picked":[],"picked":"Ball Lightning","floor":13.0},{"not_picked":[],"picked":"Electrodynamics","floor":16.0},{"not_picked":[],"picked":"Steam","floor":18.0},{"not_picked":[],"picked":"Ball Lightning+1","floor":21.0},{"not_picked":["Reprogram"],"picked":"SKIP","floor":22.0},{"not_picked":[],"picked":"Hologram+1","floor":24.0},{"not_picked":[],"picked":"Steam+1","floor":27.0},{"not_picked":[],"picked":"Ball Lightning","floor":35.0},{"not_picked":[],"picked":"Coolheaded+1","floor":36.0},{"not_picked":["Blizzard"],"picked":"SKIP","floor":38.0},{"not_picked":["Barrage+1"],"picked":"SKIP","floor":39.0},{"not_picked":[],"picked":"Conserve Battery+1","floor":44.0},{"not_picked":[],"picked":"Tempest+1","floor":46.0}],"player_experience":63563,"relics_obtained":[],"event_choices":[{"damage_healed":0.0,"max_hp_gain":0.0,"max_hp_loss":0.0,"gold_gain":75.0,"event_name":"World of Goop","player_choice":"Gather Gold","floor":4.0,"gold_loss":0.0,"damage_taken":11.0},{"damage_healed":0.0,"max_hp_gain":0.0,"max_hp_loss":0.0,"gold_gain":0.0,"event_name":"Living Wall","player_choice":"Grow","floor":5.0,"gold_loss":0.0,"damage_taken":0.0,"cards_upgraded":["Zap"]},{"damage_healed":18.0,"max_hp_gain":0.0,"max_hp_loss":0.0,"gold_gain":0.0,"event_name":"Mushrooms","player_choice":"Healed and dodged fight","floor":10.0,"gold_loss":0.0,"damage_taken":0.0,"cards_obtained":["Parasite"]},{"damage_healed":0.0,"max_hp_gain":0.0,"max_hp_loss":0.0,"gold_gain":0.0,"event_name":"Vampires","player_choice":"Ignored","floor":19.0,"gold_loss":0.0,"damage_taken":0.0},{"damage_healed":0.0,"max_hp_gain":0.0,"max_hp_loss":0.0,"gold_gain":0.0,"event_name":"Nest","player_choice":"Joined the Cult","floor":20.0,"gold_loss":0.0,"damage_taken":6.0,"cards_obtained":["RitualDagger"]},{"damage_healed":0.0,"max_hp_gain":0.0,"max_hp_loss":0.0,"gold_gain":0.0,"event_name":"Forgotten Altar","player_choice":"Smashed Altar","floor":25.0,"gold_loss":0.0,"damage_taken":0.0,"cards_obtained":["Decay"]},{"damage_healed":0.0,"max_hp_gain":0.0,"max_hp_loss":0.0,"gold_gain":0.0,"event_name":"Colosseum","player_choice":"Fight","floor":29.0,"gold_loss":0.0,"damage_taken":0.0},{"damage_healed":0.0,"max_hp_gain":0.0,"max_hp_loss":0.0,"gold_gain":0.0,"event_name":"Colosseum","player_choice":"Fled From Nobs","floor":29.0,"gold_loss":0.0,"damage_taken":0.0},{"damage_healed":0.0,"max_hp_gain":0.0,"max_hp_loss":0.0,"gold_gain":0.0,"cards_transformed":["Strike_B"],"event_name":"Transmorgrifier","player_choice":"Transformed","floor":30.0,"gold_loss":0.0,"damage_taken":0.0,"cards_obtained":["Hyperbeam"]},{"cards_removed":["Defend_B"],"damage_healed":0.0,"max_hp_gain":0.0,"max_hp_loss":0.0,"gold_gain":0.0,"event_name":"Falling","player_choice":"Removed Skill","floor":37.0,"gold_loss":0.0,"damage_taken":0.0},{"damage_healed":18.0,"max_hp_gain":0.0,"max_hp_loss":0.0,"gold_gain":0.0,"event_name":"Winding Halls","player_choice":"Writhe","floor":42.0,"gold_loss":0.0,"damage_taken":0.0,"cards_obtained":["Writhe"]},{"damage_healed":43.0,"max_hp_gain":0.0,"max_hp_loss":0.0,"gold_gain":0.0,"event_name":"MindBloom","player_choice":"Heal","floor":48.0,"gold_loss":0.0,"damage_taken":0.0,"cards_obtained":["Doubt"]}],"is_beta":false,"boss_relics":[{"not_picked":["Coffee Dripper","Orrery","Ectoplasm"]},{"not_picked":["Pandora\u0027s Box","Snecko Eye","Lizard Tail"]}],"items_purged_floors":[11,31,40],"is_endless":false,"potions_floor_spawned":[3,6,8,18,22,29,33,36,38,44,46],"killed_by":"Awakened One","ascension_level":0}