{"gold_per_floor":[115,115,135,147,158,175,140,158,158,173,173],"floor_reached":11,"playtime":1070,"items_purged":[],"score":71,"play_id":"ce919255-43df-4fc0-909d-d677d28f5e73","local_time":"20190215110456","is_ascension_mode":false,"campfire_choices":[],"neow_cost":"NONE","seed_source_timestamp":860332479346663,"circlet_count":0,"master_deck":["Defend_G","Defend_G","Defend_G","Defend_G","Defend_G","Strike_G","Strike_G","Strike_G","Strike_G","Survivor","Neutralize","Calculated Gamble","Dodge and Roll","Deflect","Tools of the Trade","Escape Plan","Footwork"],"relics":["Ring of the Snake","Mummified Hand"],"potions_floor_usage":[11,11],"damage_taken":[{"damage":0,"enemies":"2 Louse","floor":1,"turns":4},{"damage":0,"enemies":"Cultist","floor":3,"turns":4},{"damage":2,"enemies":"Small Slimes","floor":4,"turns":5},{"damage":3,"enemies":"Exordium Wildlife","floor":5,"turns":8},{"damage":15,"enemies":"Large Slime","floor":6,"turns":17},{"damage":8,"enemies":"Exordium Thugs","floor":7,"turns":6},{"damage":3,"enemies":"2 Fungi Beasts","floor":8,"turns":6},{"damage":21,"enemies":"Gremlin Gang","floor":10,"turns":13},{"damage":47,"enemies":"3 Sentries","floor":11,"turns":21}],"seed_played":"-8506593048085320284","potions_obtained":[{"floor":1,"key":"Regen Potion"},{"floor":4,"key":"FearPotion"},{"floor":7,"key":"Weak Potion"}],"is_trial":false,"path_per_floor":["M","?","M","M","M","M","M","M","T","M","E"],"character_chosen":"THE_SILENT","items_purchased":[],"campfire_rested":0,"item_purchase_floors":[],"current_hp_per_floor":[77,77,77,75,72,57,49,46,46,25,0],"gold":173,"neow_bonus":"TEN_PERCENT_HP_BONUS","is_prod":false,"is_daily":false,"chose_seed":false,"campfire_upgraded":0,"win_rate":0,"timestamp":1550246696,"path_taken":["M","?","M","M","?","M","M","M","T","M","E"],"build_version":"2019-01-23","purchased_purges":0,"victory":false,"max_hp_per_floor":[77,77,77,77,77,77,77,77,77,77,77],"card_choices":[{"not_picked":["Flying Knee","Skewer"],"picked":"Calculated Gamble","floor":1},{"not_picked":["Concentrate","Deadly Poison"],"picked":"Dodge and Roll","floor":3},{"not_picked":["Bane","Blade Dance"],"picked":"Deflect","floor":4},{"not_picked":["Deflect","Sucker Punch","Setup"],"picked":"SKIP","floor":5},{"not_picked":["PiercingWail","Dagger Spray"],"picked":"Tools of the Trade","floor":6},{"not_picked":["Underhanded Strike","Dagger Throw"],"picked":"Escape Plan","floor":7},{"not_picked":["Prepared","Expertise","Eviscerate"],"picked":"SKIP","floor":8},{"not_picked":["Flying Knee","Doppelganger"],"picked":"Footwork","floor":10}],"player_experience":160468,"relics_obtained":[{"floor":9,"key":"Mummified Hand"}],"event_choices":[{"cards_removed":["Strike_G"],"damage_healed":0,"gold_gain":0,"player_choice":"Purged","damage_taken":0,"max_hp_gain":0,"max_hp_loss":0,"event_name":"Purifier","floor":2,"gold_loss":0}],"is_beta":false,"boss_relics":[],"items_purged_floors":[],"is_endless":false,"potions_floor_spawned":[1,4,7],"killed_by":"3 Sentries","ascension_level":0}