{"gold_per_floor":[114,130,147,164,178,205,205,232,232,232,250,250,285,300,300,404,404,420,420,438,438,40,40,70,89,89,89,107,123,154,173,173,173],"floor_reached":33,"playtime":3814,"items_purged":["Strike_B"],"score":361,"play_id":"9daee389-5014-40a8-9885-168e0535dee2","local_time":"20190214152225","is_ascension_mode":false,"campfire_choices":[{"data":"Streamline","floor":7,"key":"SMITH"},{"floor":15,"key":"REST"},{"data":"Electrodynamics","floor":23,"key":"SMITH"},{"data":"Reprogram","floor":27,"key":"SMITH"},{"data":"Dualcast","floor":32,"key":"SMITH"}],"neow_cost":"NONE","seed_source_timestamp":1977480129472472,"circlet_count":0,"master_deck":["Defend_B","Defend_B","Defend_B","Defend_B","Zap+1","Dualcast+1","Turbo","Rip and Tear+1","Hologram","BootSequence","Cold Snap","Streamline+1","Reprogram+1","Go for the Eyes+1","Auto Shields","Go for the Eyes","Electrodynamics+1","Double Energy","Self Repair","Gash","FTL+1","Chill","Self Repair+1","Scrape+1"],"relics":["Cracked Core","NeowsBlessing","Potion Belt","Smiling Mask","Sundial","Gremlin Horn","Empty Cage","Blood Vial","Frozen Egg 2","Cables","Dream Catcher"],"potions_floor_usage":[4,6,8,8,13,23,24,24,30,30,33],"damage_taken":[{"damage":0,"enemies":"2 Louse","floor":1,"turns":1},{"damage":0,"enemies":"Jaw Worm","floor":2,"turns":1},{"damage":0,"enemies":"Cultist","floor":3,"turns":1},{"damage":6,"enemies":"Exordium Thugs","floor":4,"turns":5},{"damage":7,"enemies":"Blue Slaver","floor":5,"turns":3},{"damage":0,"enemies":"Gremlin Nob","floor":6,"turns":4},{"damage":7,"enemies":"Lagavulin","floor":8,"turns":6},{"damage":0,"enemies":"3 Louse","floor":11,"turns":2},{"damage":0,"enemies":"Gremlin Nob","floor":13,"turns":2},{"damage":12,"enemies":"Exordium Thugs","floor":14,"turns":4},{"damage":15,"enemies":"Slime Boss","floor":16,"turns":11},{"damage":0,"enemies":"Chosen","floor":18,"turns":4},{"damage":3,"enemies":"Shell Parasite","floor":20,"turns":5},{"damage":18,"enemies":"Book of Stabbing","floor":24,"turns":5},{"damage":8,"enemies":"Centurion and Healer","floor":25,"turns":6},{"damage":5,"enemies":"Snake Plant","floor":28,"turns":4},{"damage":6,"enemies":"Sentry and Sphere","floor":29,"turns":3},{"damage":8,"enemies":"Slavers","floor":30,"turns":3},{"damage":2,"enemies":"3 Cultists","floor":31,"turns":3},{"damage":89,"enemies":"Champ","floor":33,"turns":15}],"seed_played":"7090788410142851843","potions_obtained":[{"floor":1,"key":"Block Potion"},{"floor":2,"key":"PowerPotion"},{"floor":5,"key":"Swift Potion"},{"floor":6,"key":"LiquidBronze"},{"floor":11,"key":"Fire Potion"},{"floor":20,"key":"Explosive Potion"},{"floor":24,"key":"SkillPotion"},{"floor":29,"key":"EssenceOfSteel"},{"floor":31,"key":"SteroidPotion"}],"is_trial":false,"path_per_floor":["M","M","M","M","M","E","R","E","T","?","M","?","E","M","R","B",null,"M","?","M","?","$","R","E","M","T","R","M","M","E","M","R","B"],"character_chosen":"DEFECT","items_purchased":["Gash","Blood Vial","AttackPotion","Fruit Juice"],"campfire_rested":1,"item_purchase_floors":[22,22,22,22],"current_hp_per_floor":[75,75,75,69,62,62,62,55,55,55,55,40,40,28,50,35,75,75,75,72,65,65,70,61,62,62,62,66,69,80,80,80,0],"gold":173,"neow_bonus":"THREE_ENEMY_KILL","is_prod":false,"is_daily":false,"chose_seed":false,"campfire_upgraded":4,"win_rate":0,"timestamp":1550175745,"path_taken":["M","M","M","M","M","E","R","E","T","?","M","?","E","M","R","BOSS","M","?","M","?","$","R","E","M","T","R","M","M","E","M","R","BOSS"],"build_version":"2019-01-23","purchased_purges":1,"victory":false,"max_hp_per_floor":[75,75,75,75,75,75,75,75,75,75,75,75,75,75,75,75,75,75,75,75,75,75,80,80,80,80,80,80,80,80,80,80,80],"card_choices":[{"not_picked":["Ball Lightning","Undo"],"picked":"Turbo","floor":1},{"not_picked":["Hello World","Steam Power"],"picked":"Rip and Tear","floor":2},{"not_picked":["Sweeping Beam","FTL"],"picked":"Hologram","floor":3},{"not_picked":["Cold Snap","Skim"],"picked":"BootSequence","floor":4},{"not_picked":["Beam Cell","Ball Lightning"],"picked":"Cold Snap","floor":5},{"not_picked":["Sweeping Beam","Conserve Battery"],"picked":"Streamline","floor":6},{"not_picked":["Leap","Meteor Strike"],"picked":"Reprogram","floor":8},{"not_picked":["Redo","Sweeping Beam"],"picked":"Go for the Eyes","floor":11},{"not_picked":["Reprogram","Rip and Tear"],"picked":"Auto Shields","floor":13},{"not_picked":["Consume","Force Field"],"picked":"Go for the Eyes","floor":14},{"not_picked":["Creative AI","All For One"],"picked":"Electrodynamics","floor":16},{"not_picked":["Undo","Steam"],"picked":"Double Energy","floor":18},{"not_picked":["Blizzard+1","Turbo+1"],"picked":"Self Repair","floor":20},{"not_picked":["Leap+1","Beam Cell+1"],"picked":"FTL+1","floor":24},{"not_picked":["Barrage","Blizzard+1","Reprogram"],"picked":"SKIP","floor":25},{"not_picked":["Coolheaded","Cold Snap"],"picked":"Chill","floor":28},{"not_picked":["Amplify","Beam Cell"],"picked":"Self Repair+1","floor":29},{"not_picked":["Go for the Eyes","Doom and Gloom"],"picked":"Scrape+1","floor":30},{"not_picked":["Stack","Chill","Scrape"],"picked":"SKIP","floor":31}],"player_experience":89645,"relics_obtained":[{"floor":6,"key":"Potion Belt"},{"floor":8,"key":"Smiling Mask"},{"floor":9,"key":"Sundial"},{"floor":13,"key":"Gremlin Horn"},{"floor":24,"key":"Frozen Egg 2"},{"floor":26,"key":"Cables"},{"floor":30,"key":"Dream Catcher"}],"event_choices":[{"damage_healed":0,"gold_gain":0,"player_choice":"Grow","damage_taken":0,"max_hp_gain":0,"max_hp_loss":0,"event_name":"Living Wall","floor":10,"gold_loss":0,"cards_upgraded":["Zap"]},{"damage_healed":0,"gold_gain":0,"player_choice":"Entered Light","damage_taken":15,"max_hp_gain":0,"max_hp_loss":0,"event_name":"Shining Light","floor":12,"gold_loss":0,"cards_upgraded":["Go for the Eyes","Rip and Tear"]},{"cards_removed":["Strike_B"],"damage_healed":0,"gold_gain":0,"player_choice":"Elegance","damage_taken":0,"max_hp_gain":0,"max_hp_loss":0,"event_name":"Back to Basics","floor":19,"gold_loss":0},{"damage_healed":0,"gold_gain":0,"player_choice":"Damaged","damage_taken":7,"max_hp_gain":0,"max_hp_loss":0,"event_name":"Wheel of Change","floor":21,"gold_loss":0}],"is_beta":false,"boss_relics":[{"not_picked":["Snecko Eye","Black Star"],"picked":"Empty Cage"}],"items_purged_floors":[22],"is_endless":false,"potions_floor_spawned":[1,2,5,6,11,20,24,29,31],"killed_by":"Champ","ascension_level":0}