{"gold_per_floor":[119,137,149,165,340,340,340,353,383,383,398,408,408,422,422,518,518,534,534,534,547,237,237,253,253,304,229,247,46,46,58,58,156,156,168,184,184,184,1183,1183,1183],"floor_reached":41,"playtime":2282,"items_purged":["Doubt"],"score":535,"play_id":"e95db7a8-b419-4b7b-b93a-687c89149e72","local_time":"20190219022856","is_ascension_mode":false,"campfire_choices":[{"data":"Zap","floor":10.0,"key":"SMITH"},{"data":"Leap","floor":13.0,"key":"SMITH"},{"data":"Coolheaded","floor":15.0,"key":"SMITH"},{"data":"Hello World","floor":23.0,"key":"SMITH"},{"data":"Magnetism","floor":25.0,"key":"SMITH"},{"data":"Heatsinks","floor":32.0,"key":"SMITH"},{"data":"Fusion","floor":40.0,"key":"SMITH"}],"neow_cost":"NONE","seed_source_timestamp":2934555871219,"circlet_count":0,"master_deck":["Strike_B","Strike_B+1","Strike_B","Defend_B+1","Defend_B","Defend_B+1","Defend_B","Zap+1","Dualcast+1","Rebound","Cold Snap","Glacier","Leap+1","Conserve Battery","Reinforced Body","Conserve Battery","Coolheaded+1","Electrodynamics","Hello World+1","Conserve Battery","Magnetism+1","Heatsinks+1","Clumsy","Cold Snap","Shame","Fusion+1","Biased Cognition","Conserve Battery+1","Loop","Writhe","Normality","Normality"],"special_seed":0,"relics":["Cracked Core","War Paint","Mercury Hourglass","Tiny Chest","Cursed Key","Pantograph","Bronze Scales","Membership Card","Happy Flower","Philosopher\u0027s Stone"],"potions_floor_usage":[41],"damage_taken":[{"damage":0.0,"enemies":"Cultist","floor":1.0,"turns":4.0},{"damage":5.0,"enemies":"Small Slimes","floor":2.0,"turns":3.0},{"damage":0.0,"enemies":"Jaw Worm","floor":3.0,"turns":3.0},{"damage":23.0,"enemies":"Exordium Thugs","floor":4.0,"turns":5.0},{"damage":1.0,"enemies":"Looter","floor":8.0,"turns":3.0},{"damage":0.0,"enemies":"Lots of Slimes","floor":11.0,"turns":3.0},{"damage":0.0,"enemies":"Blue Slaver","floor":12.0,"turns":3.0},{"damage":0.0,"enemies":"Large Slime","floor":14.0,"turns":6.0},{"damage":3.0,"enemies":"Hexaghost","floor":16.0,"turns":13.0},{"damage":0.0,"enemies":"Shell Parasite","floor":18.0,"turns":11.0},{"damage":6.0,"enemies":"2 Thieves","floor":21.0,"turns":4.0},{"damage":0.0,"enemies":"Snecko","floor":24.0,"turns":5.0},{"damage":5.0,"enemies":"Snake Plant","floor":28.0,"turns":4.0},{"damage":29.0,"enemies":"Shelled Parasite and Fungi","floor":31.0,"turns":5.0},{"damage":2.0,"enemies":"Champ","floor":33.0,"turns":11.0},{"damage":3.0,"enemies":"Orb Walker","floor":35.0,"turns":4.0},{"damage":27.0,"enemies":"3 Darklings","floor":36.0,"turns":4.0},{"damage":83,"enemies":"Giant Head","floor":41,"turns":11}],"seed_played":"-676951841024702","potions_obtained":[{"floor":2.0,"key":"Swift Potion"},{"floor":8.0,"key":"AttackPotion"},{"floor":11.0,"key":"AttackPotion"},{"floor":14.0,"key":"Strength Potion"},{"floor":16.0,"key":"FearPotion"},{"floor":21.0,"key":"Strength Potion"},{"floor":28.0,"key":"Strength Potion"},{"floor":31.0,"key":"SkillPotion"},{"floor":35.0,"key":"Regen Potion"}],"is_trial":false,"path_per_floor":["M","M","M","M","?","?","T","M","T","R","M","M","R","M","R","B",null,"M","?","?","M","$","R","M","R","T","?","M","$","?","M","R","B",null,"M","M","?","?","?","R","E"],"character_chosen":"DEFECT","items_purchased":["Magnetism","Heatsinks","Membership Card"],"campfire_rested":0,"item_purchase_floors":[22,22,29],"current_hp_per_floor":[75,70,70,47,47,32,32,31,31,31,31,31,31,31,31,28,75,75,75,75,69,69,69,69,69,69,69,64,64,64,35,35,58,75,72,45,45,64,64,64,0],"gold":1183,"neow_bonus":"RANDOM_COMMON_RELIC","is_prod":false,"is_daily":false,"chose_seed":false,"campfire_upgraded":7,"win_rate":0,"timestamp":1550564936,"path_taken":["M","M","M","M","?","?","?","?","T","R","M","M","R","M","R","BOSS","M","?","?","M","$","R","?","R","T","?","M","$","?","M","R","BOSS","M","M","?","?","?","R","E"],"build_version":"2019-01-23","purchased_purges":1,"victory":false,"max_hp_per_floor":[75,75,75,75,75,75,75,75,75,75,75,75,75,75,75,75,75,75,75,75,75,75,75,75,75,75,75,75,75,75,75,75,75,75,75,75,75,75,75,75,75],"card_choices":[{"not_picked":["Turbo","BootSequence"],"picked":"Rebound","floor":1.0},{"not_picked":["Streamline","Sweeping Beam"],"picked":"Cold Snap","floor":2.0},{"not_picked":["Aggregate","Redo"],"picked":"Glacier","floor":3.0},{"not_picked":["Gash","Hyperbeam"],"picked":"Leap","floor":4.0},{"not_picked":["Gash","Scrape"],"picked":"Conserve Battery","floor":8.0},{"not_picked":["Beam Cell","Double Energy"],"picked":"Reinforced Body","floor":11.0},{"not_picked":["Sweeping Beam","Leap"],"picked":"Conserve Battery","floor":12.0},{"not_picked":["Heatsinks","Stack"],"picked":"Coolheaded","floor":14.0},{"not_picked":["Machine Learning","Creative AI"],"picked":"Electrodynamics","floor":16.0},{"not_picked":["Stack+1","Rebound"],"picked":"Hello World","floor":18.0},{"not_picked":["Chill","Beam Cell+1"],"picked":"Conserve Battery","floor":21.0},{"not_picked":["Compile Driver","Leap"],"picked":"Cold Snap","floor":24.0},{"not_picked":["Sweeping Beam+1","Hologram"],"picked":"Cold Snap","floor":28.0},{"not_picked":["Leap","Steam"],"picked":"Fusion","floor":31.0},{"not_picked":["Fission","Electrodynamics"],"picked":"Biased Cognition","floor":33.0},{"not_picked":["Turbo+1","Gash"],"picked":"Conserve Battery+1","floor":35.0},{"not_picked":["Cold Snap+1","Steam"],"picked":"Loop","floor":36.0}],"player_experience":878184,"relics_obtained":[{"floor":7.0,"key":"Mercury Hourglass"},{"floor":9.0,"key":"Tiny Chest"},{"floor":20.0,"key":"Pantograph"},{"floor":26.0,"key":"Bronze Scales"}],"event_choices":[{"damage_healed":0.0,"max_hp_gain":0.0,"max_hp_loss":0.0,"gold_gain":175.0,"event_name":"Liars Game","player_choice":"AGREE","floor":5.0,"gold_loss":0.0,"damage_taken":0.0,"cards_obtained":["Doubt"]},{"damage_healed":0.0,"max_hp_gain":0.0,"max_hp_loss":0.0,"gold_gain":0.0,"event_name":"Shining Light","player_choice":"Entered Light","floor":6.0,"gold_loss":0.0,"damage_taken":15.0,"cards_upgraded":["Defend_B","Strike_B"]},{"damage_healed":0.0,"max_hp_gain":0.0,"max_hp_loss":0.0,"gold_gain":0.0,"event_name":"Ghosts","player_choice":"Ignored","floor":19.0,"gold_loss":0.0,"damage_taken":0.0},{"damage_healed":0.0,"max_hp_gain":0.0,"max_hp_loss":0.0,"gold_gain":0.0,"event_name":"Wheel of Change","player_choice":"Relic","floor":20.0,"gold_loss":0.0,"damage_taken":0.0},{"cards_removed":["Strike_B"],"damage_healed":0.0,"max_hp_gain":0.0,"max_hp_loss":0.0,"gold_gain":0.0,"event_name":"Beggar","player_choice":"Gave Gold","floor":27.0,"gold_loss":75.0,"damage_taken":0.0},{"damage_healed":0.0,"max_hp_gain":0.0,"max_hp_loss":0.0,"gold_gain":0.0,"event_name":"Addict","player_choice":"Stole Relic","floor":30.0,"gold_loss":0.0,"damage_taken":0.0,"relics_obtained":["Happy Flower"],"cards_obtained":["Shame"]},{"cards_removed":["Cold Snap"],"damage_healed":0.0,"max_hp_gain":0.0,"max_hp_loss":0.0,"gold_gain":0.0,"event_name":"Falling","player_choice":"Removed Attack","floor":37.0,"gold_loss":0.0,"damage_taken":0.0},{"damage_healed":19.0,"max_hp_gain":0.0,"max_hp_loss":0.0,"gold_gain":0.0,"event_name":"Winding Halls","player_choice":"Writhe","floor":38.0,"gold_loss":0.0,"damage_taken":0.0,"cards_obtained":["Writhe"]},{"damage_healed":0.0,"max_hp_gain":0.0,"max_hp_loss":0.0,"gold_gain":999.0,"event_name":"MindBloom","player_choice":"Gold","floor":39.0,"gold_loss":0.0,"damage_taken":0.0,"cards_obtained":["Normality","Normality"]}],"is_beta":false,"boss_relics":[{"not_picked":["Velvet Choker","Nuclear Battery"],"picked":"Cursed Key"},{"not_picked":["Runic Dome","Astrolabe"],"picked":"Philosopher\u0027s Stone"}],"items_purged_floors":[22],"is_endless":false,"potions_floor_spawned":[2,8,11,14,16,21,28,31,35],"killed_by":"Giant Head","ascension_level":0}