{"gold_per_floor":[111,61,109,125,139,174,184,184,184,184,203,203,229,245,245,350,350,369,38,54,68,0,25,25,58,84,84,84,113,126,151,151,251,251,271,271,100,100,112,112,146,160,160,194,209,226,239,255,255,255],"floor_reached":51,"playtime":3731,"items_purged":["Strike_R","Defend_R"],"score":915,"play_id":"aa217ceb-54c4-4928-98eb-0068ed62e002","local_time":"20181022025455","is_ascension_mode":true,"campfire_choices":[{"data":"Bash","floor":8,"key":"SMITH"},{"data":"The Bomb","floor":10,"key":"SMITH"},{"data":"Shockwave","floor":12,"key":"SMITH"},{"data":"Feed","floor":15,"key":"SMITH"},{"data":"Demon Form","floor":24,"key":"SMITH"},{"floor":32,"key":"REST"},{"data":"Barricade","floor":40,"key":"SMITH"},{"floor":49,"key":"REST"}],"neow_cost":"CURSE","seed_source_timestamp":179295079891615,"circlet_count":0,"master_deck":["Strike_R","Strike_R","Strike_R+1","Defend_R","Defend_R","Defend_R","Bash+1","Finesse+1","The Bomb+1","Dropkick+1","Shockwave+1","Pommel Strike","Shrug It Off","Burning Pact","Disarm","Feed+1","Demon Form+1","Armaments+1","Armaments+1","Inflame+1","Iron Wave+1","Burning Pact+1","Barricade+1","Warcry+1","Shrug It Off+1","Demon Form","Sword Boomerang+1","Disarm+1","Dual Wield+1","Entrench+1","Intimidate+1","Pommel Strike+1","Twin Strike+1","Heavy Blade","Havoc+1","Sword Boomerang"],"relics":["Burning Blood","Regal Pillow","Bronze Scales","Gremlin Horn","FossilizedHelix","Runic Dome","Toxic Egg 2","Torii","Bottled Flame","War Paint","Dodecahedron","Whetstone","Sozu","WingedGreaves","Bottled Tornado","Bottled Lightning","Matryoshka"],"potions_floor_usage":[23,29,29,30,50,50],"damage_taken":[{"damage":7,"enemies":"Jaw Worm","floor":1,"turns":4},{"damage":6,"enemies":"Small Slimes","floor":4,"turns":3},{"damage":4,"enemies":"Cultist","floor":5,"turns":3},{"damage":18,"enemies":"Gremlin Nob","floor":6,"turns":4},{"damage":1,"enemies":"Exordium Thugs","floor":7,"turns":3},{"damage":0,"enemies":"Gremlin Gang","floor":11,"turns":3},{"damage":17,"enemies":"3 Sentries","floor":13,"turns":4},{"damage":8,"enemies":"Exordium Wildlife","floor":14,"turns":4},{"damage":0,"enemies":"Slime Boss","floor":16,"turns":7},{"damage":10,"enemies":"2 Thieves","floor":18,"turns":3},{"damage":20,"enemies":"Spheric Guardian","floor":20,"turns":5},{"damage":0,"enemies":"Snecko","floor":21,"turns":6},{"damage":42,"enemies":"Slavers","floor":23,"turns":5},{"damage":13,"enemies":"Gremlin Leader","floor":25,"turns":6},{"damage":48,"enemies":"Slavers","floor":29,"turns":5},{"damage":1,"enemies":"3 Cultists","floor":30,"turns":3},{"damage":44,"enemies":"Gremlin Leader","floor":31,"turns":8},{"damage":8,"enemies":"Champ","floor":33,"turns":11},{"damage":0,"enemies":"3 Shapes","floor":35,"turns":5},{"damage":0,"enemies":"Mind Bloom Boss Battle","floor":36,"turns":7},{"damage":0,"enemies":"3 Darklings","floor":39,"turns":3},{"damage":0,"enemies":"Giant Head","floor":41,"turns":7},{"damage":27,"enemies":"Transient","floor":42,"turns":5},{"damage":17,"enemies":"Nemesis","floor":44,"turns":6},{"damage":26,"enemies":"Spire Growth","floor":45,"turns":5},{"damage":6,"enemies":"Jaw Worm Horde","floor":46,"turns":4},{"damage":0,"enemies":"Writhing Mass","floor":47,"turns":3},{"damage":23,"enemies":"Spire Growth","floor":48,"turns":5},{"damage":15,"enemies":"Awakened One","floor":50,"turns":7}],"seed_played":"8656351292863074808","potions_obtained":[{"floor":5,"key":"Strength Potion"},{"floor":7,"key":"Swift Potion"},{"floor":14,"key":"FearPotion"},{"floor":21,"key":"BloodPotion"},{"floor":23,"key":"Explosive Potion"},{"floor":25,"key":"BloodPotion"},{"floor":29,"key":"AttackPotion"},{"floor":33,"key":"SteroidPotion"}],"is_trial":false,"path_per_floor":["M","?","T","M","M","E","M","R","T","R","M","R","E","M","R","B",null,"M","$","M","M","?","E","R","E","T","?","?","E","M","E","R","B",null,"M","?","$","?","M","R","E","M","T","E","M","M","M","M","R","B"],"character_chosen":"IRONCLAD","items_purchased":["Toxic Egg 2","Disarm+1"],"campfire_rested":2,"item_purchase_floors":[19,37],"current_hp_per_floor":[79,77,77,77,77,65,70,70,70,70,76,76,65,66,66,72,80,76,76,66,72,72,48,48,41,41,41,70,36,45,7,49,47,92,96,96,96,96,96,96,100,79,79,68,48,48,54,37,82,77],"gold":255,"neow_bonus":"RANDOM_COLORLESS_2","is_prod":false,"is_daily":false,"chose_seed":false,"campfire_upgraded":6,"win_rate":0,"timestamp":1540173295,"path_taken":["M","?","?","M","?","E","M","R","T","R","M","R","E","?","R","BOSS","M","$","M","M","?","E","R","E","T","?","?","E","?","E","R","BOSS","M","?","?","?","?","R","E","M","T","E","M","M","?","?","R","BOSS"],"build_version":"2018-10-18","purchased_purges":2,"victory":true,"max_hp_per_floor":[80,77,77,77,77,77,77,77,77,77,77,77,77,80,80,80,80,80,80,84,84,84,88,88,88,88,88,88,88,92,92,92,92,92,96,96,96,96,96,96,100,100,100,100,100,100,100,100,100,104],"card_choices":[{"not_picked":["Perfected Strike","Sword Boomerang"],"picked":"Dropkick","floor":1},{"not_picked":["Thunderclap","Pommel Strike"],"picked":"Shockwave","floor":4},{"not_picked":["Perfected Strike","Wild Strike"],"picked":"Pommel Strike","floor":5},{"not_picked":["Cleave","Rupture"],"picked":"Shrug It Off","floor":6},{"not_picked":["Twin Strike","Anger"],"picked":"Burning Pact","floor":7},{"not_picked":["Perfected Strike","Clothesline"],"picked":"Disarm","floor":11},{"not_picked":["Whirlwind","Twin Strike"],"picked":"Feed","floor":13},{"not_picked":["Anger","Body Slam","Havoc"],"picked":"SKIP","floor":14},{"not_picked":["Immolate","Reaper"],"picked":"Demon Form","floor":16},{"not_picked":["Infernal Blade+1","Fire Breathing"],"picked":"Armaments","floor":18},{"not_picked":["Perfected Strike+1","Clash"],"picked":"Armaments+1","floor":20},{"not_picked":["Flex+1","Warcry+1"],"picked":"Inflame+1","floor":21},{"not_picked":["Sword Boomerang","Thunderclap"],"picked":"Iron Wave+1","floor":23},{"not_picked":["Rupture+1","Fire Breathing","Anger"],"picked":"SKIP","floor":25},{"not_picked":["Feel No Pain","Pommel Strike"],"picked":"Barricade","floor":29},{"not_picked":["Second Wind+1","Burning Pact+1"],"picked":"Warcry+1","floor":30},{"not_picked":["Intimidate+1","Fire Breathing"],"picked":"Shrug It Off+1","floor":31},{"not_picked":["Bludgeon","Feed"],"picked":"Demon Form","floor":33},{"not_picked":["Searing Blow+1","Anger"],"picked":"Sword Boomerang+1","floor":35},{"not_picked":["Anger+1","Flex+1"],"picked":"Entrench+1","floor":39},{"not_picked":["Armaments+1","Iron Wave+1"],"picked":"Intimidate+1","floor":41},{"not_picked":["Body Slam","Rage+1","Rampage"],"picked":"SKIP","floor":42},{"not_picked":["Rupture","Thunderclap+1"],"picked":"Pommel Strike+1","floor":44},{"not_picked":["Juggernaut","Clothesline"],"picked":"Twin Strike+1","floor":45},{"not_picked":["Cleave","Shrug It Off+1"],"picked":"Heavy Blade","floor":46},{"not_picked":["Cleave+1","Warcry+1"],"picked":"Havoc+1","floor":47},{"not_picked":["Reckless Charge","Carnage+1"],"picked":"Sword Boomerang","floor":48}],"player_experience":93429,"relics_obtained":[{"floor":3,"key":"Regal Pillow"},{"floor":6,"key":"Bronze Scales"},{"floor":9,"key":"Gremlin Horn"},{"floor":13,"key":"FossilizedHelix"},{"floor":23,"key":"Torii"},{"floor":25,"key":"Bottled Flame"},{"floor":26,"key":"War Paint"},{"floor":29,"key":"Dodecahedron"},{"floor":31,"key":"Whetstone"},{"floor":36,"key":"WingedGreaves"},{"floor":41,"key":"Bottled Tornado"},{"floor":43,"key":"Bottled Lightning"},{"floor":44,"key":"Matryoshka"}],"event_choices":[{"cards_removed":["Parasite"],"damage_healed":0,"gold_gain":0,"player_choice":"Card Removal","damage_taken":0,"max_hp_gain":0,"max_hp_loss":0,"event_name":"The Cleric","floor":2,"gold_loss":50},{"damage_healed":0,"gold_gain":0,"player_choice":"Paid Fearfully","damage_taken":0,"max_hp_gain":0,"max_hp_loss":0,"event_name":"Masked Bandits","floor":22,"gold_loss":68},{"damage_healed":0,"gold_gain":0,"cards_transformed":["Strike_R"],"player_choice":"Transformed","damage_taken":0,"max_hp_gain":0,"max_hp_loss":0,"event_name":"Transmorgrifier","floor":27,"gold_loss":0,"cards_obtained":["Burning Pact"]},{"damage_healed":29,"gold_gain":0,"player_choice":"Heal","damage_taken":0,"max_hp_gain":0,"max_hp_loss":0,"event_name":"The Library","floor":28,"gold_loss":0},{"damage_healed":0,"gold_gain":0,"player_choice":"Fight","damage_taken":0,"max_hp_gain":0,"max_hp_loss":0,"event_name":"MindBloom","floor":36,"gold_loss":0},{"damage_healed":0,"gold_gain":0,"player_choice":"1 cards matched","damage_taken":0,"max_hp_gain":0,"max_hp_loss":0,"event_name":"Match and Keep!","floor":38,"gold_loss":0,"cards_obtained":["Dual Wield"]}],"is_beta":false,"boss_relics":[{"not_picked":["Velvet Choker","White Beast Statue"],"picked":"Runic Dome"},{"not_picked":["Tiny House","Snecko Eye"],"picked":"Sozu"}],"items_purged_floors":[19,37],"is_endless":false,"potions_floor_spawned":[5,7,14,21,23,25,29,33,35,39,44,47],"ascension_level":1}