{"gold_per_floor":[114,114,34,53,53,53,64,76,126,141,152,182,194,226,226,331,331,349,349,35,0,16,16],"floor_reached":23,"playtime":807,"items_purged":["Strike_B"],"score":380,"play_id":"ba0704e5-0a75-4d12-a37f-28f2b3bf8525","local_time":"20190129003514","is_ascension_mode":true,"campfire_choices":[{"data":"Loop","floor":6.0,"key":"SMITH"},{"floor":15.0,"key":"REST"}],"neow_cost":"NONE","seed_source_timestamp":649457418505846,"circlet_count":0,"master_deck":["AscendersBane","Strike_B","Strike_B","Strike_B","Defend_B","Defend_B","Defend_B","Defend_B","Zap","Dualcast+1","Loop+1","Go for the Eyes","Cold Snap","Redo","Conserve Battery","White Noise","Conserve Battery","Beam Cell","Leap","Biased Cognition","Gash","Seek","Trip","Beam Cell","Conserve Battery+1"],"special_seed":0,"relics":["Cracked Core","Strawberry","Ancient Tea Set","Pocketwatch","Velvet Choker","Meat on the Bone"],"potions_floor_usage":[22,22,23],"damage_taken":[{"damage":0.0,"enemies":"Small Slimes","floor":1.0,"turns":2.0},{"damage":1.0,"enemies":"Cultist","floor":4.0,"turns":3.0},{"damage":4.0,"enemies":"Jaw Worm","floor":7.0,"turns":3.0},{"damage":25.0,"enemies":"Exordium Wildlife","floor":8.0,"turns":4.0},{"damage":19.0,"enemies":"3 Louse","floor":10.0,"turns":4.0},{"damage":11.0,"enemies":"Blue Slaver","floor":11.0,"turns":4.0},{"damage":16.0,"enemies":"Gremlin Nob","floor":12.0,"turns":4.0},{"damage":21.0,"enemies":"2 Fungi Beasts","floor":13.0,"turns":4.0},{"damage":5.0,"enemies":"3 Sentries","floor":14.0,"turns":7.0},{"damage":0.0,"enemies":"The Guardian","floor":16.0,"turns":15.0},{"damage":22.0,"enemies":"Spheric Guardian","floor":18.0,"turns":6.0},{"damage":4,"enemies":"3 Byrds","floor":22,"turns":6},{"damage":60,"enemies":"Gremlin Leader","floor":23,"turns":5}],"seed_played":"-5551376919676609358","potions_obtained":[{"floor":2.0,"key":"Dexterity Potion"},{"floor":2.0,"key":"SpeedPotion"},{"floor":2.0,"key":"FairyPotion"},{"floor":8.0,"key":"Regen Potion"},{"floor":11.0,"key":"Strength Potion"},{"floor":14.0,"key":"EssenceOfSteel"},{"floor":16.0,"key":"SneckoOil"},{"floor":18.0,"key":"SpeedPotion"},{"floor":22,"key":"FairyPotion"}],"is_trial":false,"path_per_floor":["M","?","$","M","?","R","M","M","T","M","M","E","M","E","R","B",null,"M","?","$","?","M","E"],"character_chosen":"DEFECT","items_purchased":["Loop","Meat on the Bone"],"campfire_rested":1,"item_purchase_floors":[3,20],"current_hp_per_floor":[68,68,68,67,67,67,63,38,45,38,27,11,8,3,27,27,68,46,46,46,46,42,0],"gold":16,"neow_bonus":"UPGRADE_CARD","is_prod":false,"is_daily":false,"chose_seed":false,"campfire_upgraded":1,"win_rate":0,"timestamp":1548714914,"path_taken":["M","?","?","?","?","R","M","M","T","M","M","E","M","E","R","BOSS","M","?","?","?","?","E"],"build_version":"2019-01-23","purchased_purges":1,"victory":false,"max_hp_per_floor":[75,75,75,75,75,75,75,75,82,82,82,82,82,82,82,82,82,82,82,82,82,82,82],"card_choices":[{"not_picked":["Stack","Heatsinks","Barrage"],"picked":"SKIP","floor":1.0},{"not_picked":["Redo","Stack"],"picked":"Go for the Eyes","floor":4.0},{"not_picked":["BootSequence","Stack"],"picked":"Cold Snap","floor":7.0},{"not_picked":["Meteor Strike","Chaos"],"picked":"Redo","floor":8.0},{"not_picked":["Rebound","Chaos"],"picked":"Conserve Battery","floor":10.0},{"not_picked":["Rebound","Compile Driver"],"picked":"White Noise","floor":11.0},{"not_picked":["Blizzard","Fission"],"picked":"Conserve Battery","floor":12.0},{"not_picked":["Storm","Compile Driver"],"picked":"Beam Cell","floor":13.0},{"not_picked":["Storm","Skim"],"picked":"Leap","floor":14.0},{"not_picked":["Buffer","Amplify"],"picked":"Biased Cognition","floor":16.0},{"not_picked":["Sweeping Beam","Steam+1"],"picked":"Gash","floor":18.0},{"not_picked":["Hello World","Turbo"],"picked":"Conserve Battery+1","floor":22}],"player_experience":138230,"relics_obtained":[{"floor":9.0,"key":"Strawberry"},{"floor":12.0,"key":"Ancient Tea Set"},{"floor":14.0,"key":"Pocketwatch"}],"event_choices":[{"damage_healed":0.0,"max_hp_gain":0.0,"max_hp_loss":0.0,"gold_gain":0.0,"event_name":"Lab","player_choice":"Got Potions","floor":2.0,"gold_loss":0.0,"damage_taken":0.0},{"damage_healed":0.0,"max_hp_gain":0.0,"max_hp_loss":0.0,"gold_gain":0.0,"event_name":"Liars Game","player_choice":"Ignored","floor":5.0,"gold_loss":0.0,"damage_taken":0.0},{"damage_healed":0.0,"max_hp_gain":0.0,"max_hp_loss":0.0,"gold_gain":0.0,"event_name":"Match and Keep!","player_choice":"3 cards matched","floor":19.0,"gold_loss":0.0,"damage_taken":0.0,"cards_obtained":["Seek","Trip","Beam Cell"]},{"damage_healed":0.0,"max_hp_gain":0.0,"max_hp_loss":0.0,"gold_gain":0.0,"event_name":"Masked Bandits","player_choice":"Paid Fearfully","floor":21.0,"gold_loss":35.0,"damage_taken":0.0}],"is_beta":false,"boss_relics":[{"not_picked":["Ectoplasm","Lizard Tail"],"picked":"Velvet Choker"}],"items_purged_floors":[20],"is_endless":false,"potions_floor_spawned":[8,11,12,14,16,18,22],"killed_by":"Gremlin Leader","ascension_level":10}