{"gold_per_floor":[109,125,171,121,121,131,149,176,176,231,231,65,97,130,130,260,310,377,414,459,231,231,231,290,372,372,384,384,420,121,162,162,162],"floor_reached":33,"playtime":1619,"items_purged":["Strike_R","Defend_R","Strike_R"],"score":305,"play_id":"d329b036-6df4-4ba8-bcc5-0b7362018418","local_time":"20190110183726","is_ascension_mode":true,"campfire_choices":[{"data":"Flame Barrier","floor":11.0,"key":"SMITH"},{"data":"HandOfGreed","floor":15.0,"key":"SMITH"},{"data":"Feed","floor":23.0,"key":"SMITH"},{"floor":28.0,"key":"REST"},{"floor":32,"key":"REST"}],"neow_cost":"TEN_PERCENT_HP_LOSS","seed_source_timestamp":13684224439016,"circlet_count":0,"master_deck":["Strike_R","Strike_R","Defend_R","Defend_R","Defend_R","Bash","Headbutt","True Grit+1","Flame Barrier+1","HandOfGreed+1","Ghostly Armor","Cleave","Limit Break","Rampage","Armaments","Reaper","Feed+1","Iron Wave","Clothesline","Immolate","Shrug It Off","Thunderclap+1"],"special_seed":0,"relics":["Burning Blood","Pocketwatch","Smiling Mask","Omamori","Letter Opener","Centennial Puzzle","Potion Belt","Tiny House","Vajra","Singing Bowl","Bottled Flame","TheAbacus"],"potions_floor_usage":[29,33,33],"damage_taken":[{"damage":1.0,"enemies":"Cultist","floor":1.0,"turns":3.0},{"damage":7.0,"enemies":"Small Slimes","floor":2.0,"turns":3.0},{"damage":7.0,"enemies":"Jaw Worm","floor":6.0,"turns":5.0},{"damage":3.0,"enemies":"2 Fungi Beasts","floor":7.0,"turns":4.0},{"damage":34.0,"enemies":"Lagavulin","floor":8.0,"turns":10.0},{"damage":6.0,"enemies":"Gremlin Nob","floor":13.0,"turns":3.0},{"damage":0.0,"enemies":"Red Slaver","floor":14.0,"turns":5.0},{"damage":35.0,"enemies":"Hexaghost","floor":16.0,"turns":8.0},{"damage":3.0,"enemies":"3 Byrds","floor":18.0,"turns":7.0},{"damage":23.0,"enemies":"2 Thieves","floor":19.0,"turns":5.0},{"damage":18.0,"enemies":"Snecko","floor":20.0,"turns":5.0},{"damage":45.0,"enemies":"Gremlin Leader","floor":24.0,"turns":11.0},{"damage":12.0,"enemies":"Snake Plant","floor":27.0,"turns":4.0},{"damage":24,"enemies":"Shelled Parasite and Fungi","floor":29,"turns":14},{"damage":11,"enemies":"3 Cultists","floor":31,"turns":4},{"damage":80,"enemies":"Collector","floor":33,"turns":10}],"seed_played":"6947038584956067205","potions_obtained":[{"floor":6.0,"key":"AttackPotion"},{"floor":7.0,"key":"PowerPotion"},{"floor":13.0,"key":"FearPotion"},{"floor":17.0,"key":"Poison Potion"},{"floor":24.0,"key":"Weak Potion"},{"floor":29,"key":"LiquidBronze"},{"floor":31,"key":"Block Potion"}],"is_trial":false,"path_per_floor":["M","M","T","$","?","M","M","E","T","T","R","$","E","M","R","B",null,"M","M","M","$","?","R","E","T","T","M","R","M","$","M","R","B"],"character_chosen":"IRONCLAD","items_purchased":["HandOfGreed","Feed","Iron Wave","Shrug It Off","TheAbacus"],"campfire_rested":2,"item_purchase_floors":[12,21,21,30,30],"current_hp_per_floor":[72,71,71,71,71,70,72,44,44,44,44,44,44,50,50,21,77,77,60,48,48,48,48,21,21,21,26,50,36,36,35,62,0],"gold":162,"neow_bonus":"ONE_RARE_RELIC","is_prod":false,"is_daily":false,"chose_seed":false,"campfire_upgraded":3,"win_rate":0,"timestamp":1547138246,"path_taken":["M","M","?","$","?","?","M","E","T","?","R","$","E","M","R","BOSS","M","?","M","$","?","R","E","?","T","M","R","M","$","M","R","BOSS"],"build_version":"2019-01-03v4","purchased_purges":3,"victory":false,"max_hp_per_floor":[72,72,72,72,72,72,72,72,72,72,72,72,72,72,72,72,77,77,77,77,77,77,77,77,77,77,83,83,87,87,91,91,91],"card_choices":[{"not_picked":["Twin Strike","Warcry"],"picked":"Headbutt","floor":1.0},{"not_picked":["Anger","Evolve","Perfected Strike"],"picked":"SKIP","floor":2.0},{"not_picked":["Clash","Perfected Strike","Hemokinesis"],"picked":"SKIP","floor":6.0},{"not_picked":["Pommel Strike","Headbutt"],"picked":"True Grit","floor":7.0},{"not_picked":["Body Slam","Thunderclap"],"picked":"Flame Barrier","floor":8.0},{"not_picked":["Cleave","True Grit"],"picked":"Ghostly Armor","floor":13.0},{"not_picked":["Havoc","Searing Blow"],"picked":"Cleave","floor":14.0},{"not_picked":["Dark Embrace","Exhume"],"picked":"Limit Break","floor":16.0},{"not_picked":["Thunderclap","Heavy Blade"],"picked":"Rampage","floor":18.0},{"not_picked":["Pommel Strike","Fire Breathing"],"picked":"Armaments","floor":19.0},{"not_picked":["Pommel Strike","Thunderclap+1"],"picked":"Reaper","floor":20.0},{"not_picked":["Iron Wave","Wild Strike"],"picked":"Clothesline","floor":24.0},{"not_picked":["Thunderclap","Pommel Strike","True Grit"],"picked":"Singing Bowl","floor":27.0},{"not_picked":["Clothesline","Ghostly Armor+1"],"picked":"Immolate","floor":29},{"not_picked":["Warcry","Cleave+1"],"picked":"Thunderclap+1","floor":31}],"player_experience":93063,"relics_obtained":[{"floor":3.0,"key":"Smiling Mask"},{"floor":8.0,"key":"Omamori"},{"floor":9.0,"key":"Letter Opener"},{"floor":10.0,"key":"Centennial Puzzle"},{"floor":13.0,"key":"Potion Belt"},{"floor":24.0,"key":"Vajra"},{"floor":25.0,"key":"Singing Bowl"},{"floor":26.0,"key":"Bottled Flame"}],"event_choices":[{"cards_removed":["Strike_R"],"damage_healed":0.0,"max_hp_gain":0.0,"max_hp_loss":0.0,"gold_gain":0.0,"event_name":"Bonfire Elementals","player_choice":"Offered Basic","floor":5.0,"gold_loss":0.0,"damage_taken":0.0},{"damage_healed":0.0,"max_hp_gain":0.0,"max_hp_loss":0.0,"gold_gain":0.0,"event_name":"Forgotten Altar","player_choice":"Smashed Altar","floor":22.0,"gold_loss":0.0,"damage_taken":0.0,"cards_obtained":["Decay"]}],"is_beta":false,"boss_relics":[{"not_picked":["Eternal Feather","Black Star"],"picked":"Tiny House"}],"items_purged_floors":[4,21,30],"is_endless":false,"potions_floor_spawned":[6,7,13,24,29,31],"killed_by":"Collector","ascension_level":2}