{"gold_per_floor":[110,110,127,143,155,181,181,198,198,210,56,21,41,41,41,143,143,159,159,159,58,77,107,107,117,143,159,139,149,115,131,131,233,233,251,264,277,277,277,277,52,63,63,81,93,93,106,106],"floor_reached":48,"playtime":3151,"items_purged":["Strike_G"],"score":510,"play_id":"da883086-f342-471c-a4f4-a626b04ab4ca","local_time":"20181230175255","is_ascension_mode":false,"campfire_choices":[{"data":"Phantasmal Killer","floor":7.0,"key":"SMITH"},{"data":"Neutralize","floor":15.0,"key":"SMITH"},{"data":"Accuracy","floor":24.0,"key":"SMITH"},{"floor":32.0,"key":"REST"},{"data":"Storm of Steel","floor":40,"key":"SMITH"},{"floor":46,"key":"REST"}],"neow_cost":"NONE","seed_source_timestamp":785658712452158,"circlet_count":0,"master_deck":["Defend_G","Defend_G+1","Defend_G","Defend_G","Defend_G","Survivor+1","Neutralize+1","Backflip","Accuracy+1","Blade Dance","Phantasmal Killer+1","Caltrops+1","Cloak And Dagger","Infinite Blades+1","Footwork+1","Storm of Steel+1","PiercingWail","Bite","Bite","Bite","Bite","Noxious Fumes+1","Acrobatics","Acrobatics+1","Finisher","Dodge and Roll+1","Outmaneuver","Well Laid Plans+1","Blur+1","After Image+1","Blade Dance+1","Footwork+1","Finesse","Infinite Blades+1","Infinite Blades+1","Backflip+1","Bullet Time","Tactician+1"],"special_seed":0,"relics":["Ring of the Serpent","Orichalcum","Frozen Egg 2","Oddly Smooth Stone","Dream Catcher","War Paint","Runic Dome","Pen Nib","Sundial"],"potions_floor_usage":[42,47],"damage_taken":[{"damage":0.0,"enemies":"Small Slimes","floor":1.0,"turns":3.0},{"damage":3.0,"enemies":"Cultist","floor":3.0,"turns":4.0},{"damage":0.0,"enemies":"2 Louse","floor":4.0,"turns":4.0},{"damage":4.0,"enemies":"Exordium Thugs","floor":5.0,"turns":10.0},{"damage":23.0,"enemies":"3 Sentries","floor":6.0,"turns":9.0},{"damage":1.0,"enemies":"Looter","floor":8.0,"turns":3.0},{"damage":0.0,"enemies":"Red Slaver","floor":10.0,"turns":3.0},{"damage":5.0,"enemies":"Blue Slaver","floor":13.0,"turns":2.0},{"damage":4.0,"enemies":"The Guardian","floor":16.0,"turns":9.0},{"damage":4.0,"enemies":"Chosen","floor":18.0,"turns":5.0},{"damage":9.0,"enemies":"Spheric Guardian","floor":22.0,"turns":4.0},{"damage":14.0,"enemies":"Book of Stabbing","floor":23.0,"turns":6.0},{"damage":28.0,"enemies":"3 Cultists","floor":25.0,"turns":7.0},{"damage":1.0,"enemies":"Sentry and Sphere","floor":27.0,"turns":6.0},{"damage":13.0,"enemies":"Cultist and Chosen","floor":29.0,"turns":5.0},{"damage":8.0,"enemies":"Snake Plant","floor":31.0,"turns":7.0},{"damage":11.0,"enemies":"Collector","floor":33.0,"turns":12.0},{"damage":10.0,"enemies":"3 Shapes","floor":35.0,"turns":4.0},{"damage":0.0,"enemies":"Orb Walker","floor":36.0,"turns":4.0},{"damage":5.0,"enemies":"4 Shapes","floor":37.0,"turns":8.0},{"damage":26,"enemies":"Jaw Worm Horde","floor":42,"turns":5},{"damage":20,"enemies":"Spire Growth","floor":44,"turns":5},{"damage":12,"enemies":"4 Shapes","floor":45,"turns":7},{"damage":0,"enemies":"Sphere and 2 Shapes","floor":47,"turns":7},{"damage":51,"enemies":"Reptomancer","floor":48,"turns":2}],"seed_played":"-371600276435482715","potions_obtained":[{"floor":1.0,"key":"AttackPotion"},{"floor":2.0,"key":"Energy Potion"},{"floor":2.0,"key":"EntropicBrew"},{"floor":8.0,"key":"Fire Potion"},{"floor":18.0,"key":"SpeedPotion"},{"floor":25.0,"key":"Strength Potion"},{"floor":28.0,"key":"Fruit Juice"},{"floor":31.0,"key":"SpeedPotion"},{"floor":35.0,"key":"Explosive Potion"},{"floor":36.0,"key":"Energy Potion"},{"floor":42,"key":"Energy Potion"}],"is_trial":false,"path_per_floor":["M","?","M","M","M","E","R","M","T","M","$","?","M","?","R","B",null,"M","?","?","$","M","E","R","M","T","M","?","M","$","M","R","B",null,"M","M","M","?","?","R","$","M","T","M","M","R","M","E"],"character_chosen":"THE_SILENT","items_purchased":["Infinite Blades+1","Noxious Fumes+1","Acrobatics","Well Laid Plans+1","Infinite Blades+1","Pen Nib"],"campfire_rested":2,"item_purchase_floors":[11,21,21,30,41,41],"current_hp_per_floor":[70,70,67,67,63,40,40,39,39,39,39,56,51,44,44,40,70,66,49,49,49,46,34,34,16,16,21,21,21,21,29,45,42,54,44,46,54,54,54,54,54,32,32,16,10,26,34,0],"gold":106,"neow_bonus":"RANDOM_COMMON_RELIC","is_prod":false,"is_daily":false,"chose_seed":false,"campfire_upgraded":4,"win_rate":0,"timestamp":1546185175,"path_taken":["M","?","?","M","M","E","R","M","T","M","$","?","M","?","R","BOSS","M","?","?","$","M","E","R","?","T","M","?","M","$","?","R","BOSS","M","M","M","?","?","R","$","M","T","M","M","R","M","E"],"build_version":"2018-12-20","purchased_purges":1,"victory":false,"max_hp_per_floor":[70,70,70,70,70,70,70,70,70,70,70,70,70,70,70,70,70,70,49,49,49,49,49,49,49,49,49,49,54,54,54,54,54,54,54,54,54,54,54,54,54,54,54,54,54,54,54,54],"card_choices":[{"not_picked":["Endless Agony","Poisoned Stab"],"picked":"Backflip","floor":1.0},{"not_picked":["Dodge and Roll","Flechettes"],"picked":"Accuracy","floor":3.0},{"not_picked":["Distraction","Tactician","Masterful Stab"],"picked":"SKIP","floor":4.0},{"not_picked":["Deadly Poison","Deflect"],"picked":"Blade Dance","floor":5.0},{"not_picked":["Dagger Throw","Distraction"],"picked":"Phantasmal Killer","floor":6.0},{"not_picked":["Dodge and Roll","Flechettes"],"picked":"Caltrops+1","floor":8.0},{"not_picked":["Deadly Poison","Bane"],"picked":"Cloak And Dagger","floor":10.0},{"not_picked":["Endless Agony","PiercingWail"],"picked":"Footwork+1","floor":13.0},{"not_picked":["Corpse Explosion","Doppelganger"],"picked":"Storm of Steel","floor":16.0},{"not_picked":["Bane+1","Prepared"],"picked":"PiercingWail","floor":18.0},{"not_picked":["Choke","Sucker Punch"],"picked":"Acrobatics+1","floor":22.0},{"not_picked":["Burst","Leg Sweep"],"picked":"Finisher","floor":23.0},{"not_picked":["All Out Attack","Prepared","Dagger Throw+1"],"picked":"SKIP","floor":25.0},{"not_picked":["Flechettes","Skewer+1"],"picked":"Dodge and Roll+1","floor":27.0},{"not_picked":["Deflect","Footwork+1"],"picked":"Outmaneuver","floor":29.0},{"not_picked":["Footwork+1","Dodge and Roll"],"picked":"Blur+1","floor":31.0},{"not_picked":["Wraith Form v2+1","Malaise"],"picked":"After Image+1","floor":33.0},{"not_picked":["Backflip+1","Deadly Poison+1"],"picked":"Blade Dance+1","floor":35.0},{"not_picked":["Heel Hook","Acrobatics"],"picked":"Footwork+1","floor":36.0},{"not_picked":["Backflip+1","Outmaneuver","PiercingWail"],"picked":"SKIP","floor":37.0},{"not_picked":["Flechettes","Escape Plan+1"],"picked":"Infinite Blades+1","floor":42},{"not_picked":["Dagger Spray","Endless Agony"],"picked":"Backflip+1","floor":44},{"not_picked":["Caltrops+1","Acrobatics"],"picked":"Bullet Time","floor":45},{"not_picked":["Well Laid Plans+1","Slice"],"picked":"Tactician+1","floor":47}],"player_experience":55681,"relics_obtained":[{"floor":6.0,"key":"Frozen Egg 2"},{"floor":9.0,"key":"Oddly Smooth Stone"},{"floor":23.0,"key":"Dream Catcher"},{"floor":26.0,"key":"War Paint"},{"floor":43,"key":"Sundial"}],"event_choices":[{"damage_healed":0.0,"max_hp_gain":0.0,"max_hp_loss":0.0,"gold_gain":0.0,"event_name":"Lab","player_choice":"Got Potions","floor":2.0,"gold_loss":0.0,"damage_taken":0.0},{"damage_healed":17.0,"max_hp_gain":0.0,"max_hp_loss":0.0,"gold_gain":0.0,"event_name":"The Cleric","player_choice":"Healed","floor":12.0,"gold_loss":35.0,"damage_taken":0.0},{"cards_removed":["Strike_G"],"damage_healed":0.0,"max_hp_gain":0.0,"max_hp_loss":0.0,"gold_gain":0.0,"event_name":"Golden Wing","player_choice":"Card Removal","floor":14.0,"gold_loss":0.0,"damage_taken":7.0},{"damage_healed":0.0,"max_hp_gain":0.0,"max_hp_loss":21.0,"gold_gain":0.0,"event_name":"Vampires","player_choice":"Became a vampire","floor":19.0,"gold_loss":0.0,"damage_taken":0.0,"cards_obtained":["Bite","Bite","Bite","Bite","Bite"]},{"damage_healed":0.0,"max_hp_gain":0.0,"max_hp_loss":0.0,"gold_gain":0.0,"event_name":"Wheel of Change","player_choice":"Full Heal","floor":20.0,"gold_loss":0.0,"damage_taken":0.0},{"damage_healed":0.0,"max_hp_gain":0.0,"max_hp_loss":0.0,"gold_gain":0.0,"event_name":"The Woman in Blue","player_choice":"Bought 1 Potion","floor":28.0,"gold_loss":0.0,"damage_taken":0.0},{"damage_healed":0,"gold_gain":0,"player_choice":"Ignored","damage_taken":0,"max_hp_gain":0,"max_hp_loss":0,"event_name":"Mysterious Sphere","floor":38,"gold_loss":0},{"damage_healed":0,"gold_gain":0,"cards_transformed":["Bite"],"player_choice":"Transformed","damage_taken":0,"max_hp_gain":0,"max_hp_loss":0,"event_name":"Transmorgrifier","floor":39,"gold_loss":0,"cards_obtained":["Finesse"]}],"is_beta":false,"boss_relics":[{"not_picked":["Orrery","Cursed Key"],"picked":"Ring of the Serpent"},{"not_picked":["Black Star","Snecko Eye"],"picked":"Runic Dome"}],"items_purged_floors":[11],"is_endless":false,"potions_floor_spawned":[1,8,10,13,18,25,31,35,36,42],"killed_by":"Reptomancer","ascension_level":0}