{"gold_per_floor":[210,210,226,242,56,86,6,6,6,6,20,20,39,57,57,154,154,141,56,73,73,73,73,84,97,177,177,194,194,214,61,61,156,156,176,276,276,295,306,306,318,318,318,344,358,358,83,95,95,95],"floor_reached":51,"playtime":8092,"items_purged":["Strike_R"],"score":851,"play_id":"b1522a4c-4a8e-43b5-bb12-8f48b96b95ea","local_time":"20190219014000","is_ascension_mode":true,"campfire_choices":[{"floor":10,"key":"REST"},{"data":"Intimidate","floor":12,"key":"SMITH"},{"data":"Spot Weakness","floor":15,"key":"SMITH"},{"data":"Burning Pact","floor":23,"key":"SMITH"},{"data":"True Grit","floor":27,"key":"SMITH"},{"data":"True Grit","floor":29,"key":"SMITH"},{"data":"Dark Embrace","floor":32,"key":"SMITH"},{"data":"Metallicize","floor":40,"key":"SMITH"},{"data":"Impervious","floor":42,"key":"SMITH"},{"data":"Juggernaut","floor":46,"key":"SMITH"},{"data":"Bash","floor":49,"key":"SMITH"}],"neow_cost":"NONE","seed_source_timestamp":113741935803799,"circlet_count":0,"master_deck":["Strike_R","Strike_R","Strike_R","Strike_R","Defend_R","Defend_R","Defend_R","Defend_R","Bash+1","Infernal Blade+1","Intimidate+1","True Grit+1","Pommel Strike+1","Seeing Red","Corruption","Havoc","Spot Weakness+1","Iron Wave+1","Metallicize+1","Impervious+1","Dark Embrace+1","True Grit+1","Sentinel+1","Shrug It Off","Burning Pact+1","Body Slam","Barricade","Juggernaut+1"],"relics":["Burning Blood","Ornamental Fan","Singing Bowl","Orrery","Happy Flower","Dead Branch","NlothsMask","Anchor","Snecko Eye","Calipers","Red Skull","Whetstone","Oddly Smooth Stone"],"potions_floor_usage":[6,16,16,18,33,45,50,50],"damage_taken":[{"damage":7,"enemies":"Small Slimes","floor":1,"turns":5},{"damage":1,"enemies":"Cultist","floor":3,"turns":3},{"damage":4,"enemies":"Jaw Worm","floor":4,"turns":2},{"damage":49,"enemies":"3 Sentries","floor":6,"turns":10},{"damage":12,"enemies":"Exordium Wildlife","floor":11,"turns":4},{"damage":2,"enemies":"3 Louse","floor":13,"turns":4},{"damage":7,"enemies":"Exordium Thugs","floor":14,"turns":5},{"damage":23,"enemies":"Hexaghost","floor":16,"turns":10},{"damage":11,"enemies":"2 Thieves","floor":18,"turns":4},{"damage":5,"enemies":"3 Byrds","floor":20,"turns":6},{"damage":0,"enemies":"Shelled Parasite and Fungi","floor":24,"turns":2},{"damage":6,"enemies":"Sentry and Sphere","floor":25,"turns":2},{"damage":0,"enemies":"Snecko","floor":28,"turns":2},{"damage":6,"enemies":"Centurion and Healer","floor":30,"turns":3},{"damage":12,"enemies":"Champ","floor":33,"turns":4},{"damage":5,"enemies":"3 Shapes","floor":35,"turns":5},{"damage":0,"enemies":"Mind Bloom Boss Battle","floor":36,"turns":4},{"damage":2,"enemies":"3 Darklings","floor":38,"turns":3},{"damage":0,"enemies":"Sphere and 2 Shapes","floor":39,"turns":3},{"damage":0,"enemies":"Spire Growth","floor":41,"turns":2},{"damage":0,"enemies":"Writhing Mass","floor":45,"turns":4},{"damage":0,"enemies":"3 Darklings","floor":48,"turns":1},{"damage":0,"enemies":"Donu and Deca","floor":50,"turns":3}],"seed_played":"-3760904817746786955","potions_obtained":[{"floor":4,"key":"PowerPotion"},{"floor":11,"key":"SpeedPotion"},{"floor":13,"key":"Fire Potion"},{"floor":16,"key":"Block Potion"},{"floor":24,"key":"SkillPotion"},{"floor":28,"key":"GamblersBrew"},{"floor":41,"key":"SteroidPotion"},{"floor":45,"key":"Swift Potion"}],"is_trial":false,"path_per_floor":["M","?","M","M","$","E","$","$","T","R","M","R","M","M","R","B",null,"M","?","M","?","?","R","M","M","T","R","M","R","M","$","R","B",null,"M","?","?","M","M","R","M","R","T","T","M","R","$","M","R","B",null],"character_chosen":"IRONCLAD","items_purchased":["Pommel Strike","Seeing Red","Corruption","Spot Weakness","Anchor","Oddly Smooth Stone","Block Potion"],"campfire_rested":1,"item_purchase_floors":[5,5,5,7,31,47,47],"current_hp_per_floor":[79,79,80,80,80,37,37,37,37,61,55,55,59,58,58,41,84,79,79,82,82,82,82,88,90,90,90,92,92,92,92,92,86,92,94,96,96,98,100,100,102,102,102,102,102,102,102,104,104,104],"gold":95,"neow_bonus":"HUNDRED_GOLD","is_prod":false,"is_daily":false,"chose_seed":false,"campfire_upgraded":10,"win_rate":0,"timestamp":1550558400,"path_taken":["M","?","?","M","$","E","?","$","T","R","?","R","M","M","R","BOSS","M","?","M","?","?","R","M","?","T","R","M","R","M","$","R","BOSS","M","?","?","?","M","R","M","R","T","?","M","R","$","M","R","BOSS"],"build_version":"2019-01-23","purchased_purges":1,"victory":true,"max_hp_per_floor":[80,80,80,80,80,80,80,80,80,80,80,80,80,80,80,80,84,84,84,86,86,86,86,88,90,90,90,92,92,92,92,92,92,92,94,96,96,98,100,100,102,102,102,102,102,102,102,104,104,104],"card_choices":[{"not_picked":["Sword Boomerang","Anger"],"picked":"Infernal Blade","floor":1},{"not_picked":["Whirlwind","Heavy Blade"],"picked":"Intimidate","floor":3},{"not_picked":["Flex","Thunderclap"],"picked":"True Grit","floor":4},{"not_picked":["Dropkick","Pommel Strike"],"picked":"Havoc","floor":6},{"not_picked":["Perfected Strike","Sever Soul"],"picked":"Iron Wave","floor":11},{"not_picked":["Heavy Blade","Combust"],"picked":"Metallicize","floor":13},{"not_picked":["Dropkick","Headbutt"],"picked":"Impervious","floor":14},{"not_picked":["Demon Form","Impervious"],"picked":"Dark Embrace","floor":16},{"not_picked":["Clash","Headbutt","Heavy Blade"],"picked":"Singing Bowl","floor":17},{"not_picked":["Thunderclap","Hemokinesis"],"picked":"True Grit","floor":17},{"not_picked":["Flex","Body Slam"],"picked":"Sentinel","floor":17},{"not_picked":["Headbutt","True Grit","Havoc"],"picked":"Singing Bowl","floor":17},{"not_picked":["Havoc","Sword Boomerang"],"picked":"Shrug It Off","floor":17},{"not_picked":["Flex+1","Dual Wield+1"],"picked":"Burning Pact","floor":18},{"not_picked":["True Grit","Havoc","Sword Boomerang"],"picked":"Singing Bowl","floor":20},{"not_picked":["Double Tap","Body Slam+1","Sword Boomerang"],"picked":"Singing Bowl","floor":24},{"not_picked":["Anger+1","True Grit","Reaper"],"picked":"Singing Bowl","floor":25},{"not_picked":["Heavy Blade","Wild Strike","Dual Wield"],"picked":"Singing Bowl","floor":28},{"not_picked":["Headbutt","Dual Wield+1"],"picked":"Body Slam","floor":30},{"not_picked":["Fiend Fire","Feed"],"picked":"Barricade","floor":33},{"not_picked":["Dual Wield+1","Headbutt","Sever Soul"],"picked":"Singing Bowl","floor":35},{"not_picked":["Havoc+1","Shrug It Off+1","Anger+1"],"picked":"Singing Bowl","floor":36},{"not_picked":["Heavy Blade","Infernal Blade+1","Pommel Strike+1"],"picked":"Singing Bowl","floor":38},{"not_picked":["Havoc+1","Clash+1","Dropkick"],"picked":"Singing Bowl","floor":39},{"not_picked":["Cleave+1","Heavy Blade+1","Armaments+1"],"picked":"Singing Bowl","floor":41},{"not_picked":["Intimidate+1","Shrug It Off+1"],"picked":"Juggernaut","floor":45},{"not_picked":["Havoc","Thunderclap+1","Shrug It Off"],"picked":"Singing Bowl","floor":48}],"player_experience":233442,"relics_obtained":[{"floor":6,"key":"Ornamental Fan"},{"floor":9,"key":"Singing Bowl"},{"floor":36,"key":"Calipers"},{"floor":43,"key":"Red Skull"},{"floor":44,"key":"Whetstone"}],"event_choices":[{"damage_healed":0,"gold_gain":0,"player_choice":"Upgraded","damage_taken":0,"max_hp_gain":0,"max_hp_loss":0,"event_name":"Upgrade Shrine","floor":2,"gold_loss":0,"cards_upgraded":["Infernal Blade"]},{"damage_healed":0,"gold_gain":0,"player_choice":"Obtained Relic","damage_taken":0,"relics_obtained":["Happy Flower"],"max_hp_gain":0,"max_hp_loss":0,"event_name":"Addict","floor":19,"gold_loss":85},{"damage_healed":0,"gold_gain":0,"player_choice":"Opened","damage_taken":0,"relics_obtained":["Dead Branch"],"max_hp_gain":0,"max_hp_loss":0,"event_name":"The Mausoleum","floor":21,"gold_loss":0},{"damage_healed":0,"gold_gain":0,"player_choice":"Trade","damage_taken":0,"relics_obtained":["NlothsMask"],"max_hp_gain":0,"max_hp_loss":0,"event_name":"FaceTrader","floor":22,"gold_loss":0},{"damage_healed":0,"gold_gain":0,"player_choice":"Fight","damage_taken":0,"max_hp_gain":0,"max_hp_loss":0,"event_name":"MindBloom","floor":36,"gold_loss":0},{"damage_healed":0,"gold_gain":0,"player_choice":"Forge","damage_taken":0,"max_hp_gain":0,"max_hp_loss":0,"event_name":"Accursed Blacksmith","floor":37,"gold_loss":0,"cards_upgraded":["Sentinel"]}],"is_beta":false,"boss_relics":[{"not_picked":["Mark of Pain","Fusion Hammer"],"picked":"Orrery"},{"not_picked":["Black Blood","Lizard Tail"],"picked":"Snecko Eye"}],"items_purged_floors":[47],"is_endless":false,"potions_floor_spawned":[4,11,13,16,24,28,41,45],"ascension_level":2}