{"gold_per_floor":[211,6,26,26,26,26,26,26,77,111,111,130,156,172,172,272,272,286,48,63,63,98,127,127,127,127,127,142,169,169,183,183,183],"floor_reached":33,"playtime":2190,"items_purged":[],"score":447,"play_id":"c0397505-c41f-4035-9720-0bff0a1e6b60","local_time":"20190220231227","is_ascension_mode":true,"campfire_choices":[{"floor":6,"key":"REST"},{"data":"White Noise","floor":8,"key":"SMITH"},{"data":"Zap","floor":11,"key":"SMITH"},{"floor":15,"key":"REST"},{"floor":24,"key":"REST"},{"floor":27,"key":"REST"},{"floor":32,"key":"REST"}],"neow_cost":"NONE","seed_source_timestamp":447275689461875,"circlet_count":0,"master_deck":["Strike_B","Strike_B","Strike_B","Strike_B","Defend_B+1","Defend_B","Defend_B+1","Defend_B","Zap+1","Dualcast","Ball Lightning","White Noise+1","Ball Lightning","Gash","Heatsinks","Hello World","Reboot","Blizzard+1","Gash","Conserve Battery+1","Cold Snap","Self Repair","Ball Lightning+1","Coolheaded+1"],"relics":["Cracked Core","ClockworkSouvenir","DataDisk","Lantern","Darkstone Periapt","Sundial","Runic Pyramid","Ornamental Fan","Question Card","Red Mask","Symbiotic Virus","Du-Vu Doll","Pear"],"potions_floor_usage":[22,29,31,33,33,33,33],"damage_taken":[{"damage":10,"enemies":"Small Slimes","floor":1,"turns":3},{"damage":5,"enemies":"2 Louse","floor":3,"turns":2},{"damage":19,"enemies":"Gremlin Nob","floor":10,"turns":4},{"damage":0,"enemies":"Jaw Worm","floor":12,"turns":2},{"damage":10,"enemies":"3 Sentries","floor":13,"turns":4},{"damage":2,"enemies":"3 Louse","floor":14,"turns":3},{"damage":13,"enemies":"Slime Boss","floor":16,"turns":6},{"damage":4,"enemies":"3 Byrds","floor":18,"turns":4},{"damage":17,"enemies":"Shell Parasite","floor":20,"turns":4},{"damage":4,"enemies":"Masked Bandits","floor":22,"turns":2},{"damage":15,"enemies":"Book of Stabbing","floor":23,"turns":5},{"damage":0,"enemies":"Snake Plant","floor":28,"turns":3},{"damage":41,"enemies":"Gremlin Leader","floor":29,"turns":8},{"damage":5,"enemies":"Sentry and Sphere","floor":31,"turns":4},{"damage":84,"enemies":"Collector","floor":33,"turns":12}],"seed_played":"-795788242405717616","potions_obtained":[{"floor":12,"key":"SmokeBomb"},{"floor":16,"key":"Strength Potion"},{"floor":18,"key":"AttackPotion"},{"floor":20,"key":"Ancient Potion"},{"floor":23,"key":"SteroidPotion"},{"floor":30,"key":"EntropicBrew"},{"floor":30,"key":"Fruit Juice"}],"is_trial":false,"path_per_floor":["M","$","M","?","?","R","?","R","T","E","R","M","E","M","R","B",null,"M","$","M","?","?","E","R","$","T","R","M","E","?","M","R","B"],"character_chosen":"DEFECT","items_purchased":["ClockworkSouvenir","Ornamental Fan"],"campfire_rested":5,"item_purchase_floors":[2,19],"current_hp_per_floor":[58,58,53,38,43,67,64,64,64,45,45,45,35,33,57,44,71,67,67,50,50,46,31,55,55,55,79,79,55,55,55,83,0],"gold":183,"neow_bonus":"HUNDRED_GOLD","is_prod":false,"is_daily":false,"chose_seed":false,"campfire_upgraded":2,"win_rate":0,"timestamp":1550733147,"path_taken":["M","$","M","?","?","R","?","R","T","E","R","M","E","M","R","BOSS","M","$","M","?","?","E","R","?","T","R","M","E","?","M","R","BOSS"],"build_version":"2019-01-23","purchased_purges":0,"victory":false,"max_hp_per_floor":[75,75,75,75,80,80,80,80,80,80,80,80,80,80,80,80,80,80,80,80,80,80,80,80,80,80,80,80,90,90,95,95,95],"card_choices":[{"not_picked":["Conserve Battery","Tempest"],"picked":"Ball Lightning","floor":1},{"not_picked":["Glacier","Steam Power"],"picked":"White Noise","floor":3},{"not_picked":["Coolheaded","Redo"],"picked":"Ball Lightning","floor":10},{"not_picked":["Sunder","Steam"],"picked":"Gash","floor":12},{"not_picked":["Rip and Tear","Skim"],"picked":"Heatsinks","floor":13},{"not_picked":["Genetic Algorithm","Lockon"],"picked":"Hello World","floor":14},{"not_picked":["Hyperbeam","Rainbow"],"picked":"Reboot","floor":16},{"not_picked":["Force Field","Sweeping Beam+1"],"picked":"Blizzard+1","floor":18},{"not_picked":["Compile Driver+1","Lockon"],"picked":"Gash","floor":20},{"not_picked":["Ball Lightning","Redo","Reprogram"],"picked":"Conserve Battery+1","floor":22},{"not_picked":["Fission","Lockon+1","Coolheaded"],"picked":"Cold Snap","floor":23},{"not_picked":["Hologram","Compile Driver","Chaos"],"picked":"Self Repair","floor":28},{"not_picked":["Conserve Battery","Reinforced Body","Stack+1"],"picked":"Ball Lightning+1","floor":29},{"not_picked":["Steam","Capacitor","Go for the Eyes+1"],"picked":"Coolheaded+1","floor":31}],"player_experience":456195,"relics_obtained":[{"floor":9,"key":"Lantern"},{"floor":10,"key":"Darkstone Periapt"},{"floor":13,"key":"Sundial"},{"floor":22,"key":"Red Mask"},{"floor":23,"key":"Symbiotic Virus"},{"floor":26,"key":"Du-Vu Doll"},{"floor":29,"key":"Pear"}],"event_choices":[{"damage_healed":0,"gold_gain":0,"player_choice":"Entered Light","damage_taken":15,"max_hp_gain":0,"max_hp_loss":0,"event_name":"Shining Light","floor":4,"gold_loss":0,"cards_upgraded":["Defend_B","Defend_B"]},{"damage_healed":0,"gold_gain":0,"player_choice":"Donut","damage_taken":0,"max_hp_gain":5,"max_hp_loss":0,"event_name":"Big Fish","floor":5,"gold_loss":0},{"damage_healed":0,"gold_gain":0,"player_choice":"Success","damage_taken":3,"relics_obtained":["DataDisk"],"max_hp_gain":0,"max_hp_loss":0,"event_name":"Scrap Ooze","floor":7,"gold_loss":0},{"damage_healed":0,"gold_gain":0,"player_choice":"Opened","damage_taken":0,"relics_obtained":["Question Card"],"max_hp_gain":0,"max_hp_loss":0,"event_name":"The Mausoleum","floor":21,"gold_loss":0},{"damage_healed":0,"gold_gain":0,"player_choice":"Fought Bandits","damage_taken":0,"max_hp_gain":0,"max_hp_loss":0,"event_name":"Masked Bandits","floor":22,"gold_loss":0},{"damage_healed":0,"gold_gain":0,"player_choice":"Got Potions","damage_taken":0,"max_hp_gain":0,"max_hp_loss":0,"event_name":"Lab","floor":30,"gold_loss":0}],"is_beta":false,"boss_relics":[{"not_picked":["White Beast Statue","Tiny House"],"picked":"Runic Pyramid"}],"items_purged_floors":[],"is_endless":false,"potions_floor_spawned":[12,16,18,20,23],"killed_by":"Collector","ascension_level":9}