{"gold_per_floor":[117,117,117,117,128,128,160,160,160,160,191,220,220,232,232,332,332,348,348,27,27,27,27],"floor_reached":23,"playtime":1017,"items_purged":["Strike_R"],"score":294,"play_id":"405a7b73-e59a-4c73-8710-5c6e9340c8b9","local_time":"20190211215224","is_ascension_mode":true,"campfire_choices":[{"data":"Bash","floor":6,"key":"SMITH"},{"floor":13,"key":"REST"},{"data":"Armaments","floor":15,"key":"SMITH"}],"neow_cost":"NONE","seed_source_timestamp":2626454364821698,"circlet_count":0,"master_deck":["Strike_R","Strike_R+1","Strike_R","Defend_R","Defend_R","Defend_R","Bash+1","Flex","Spot Weakness","Ghostly Armor+1","Pommel Strike","Feel No Pain","Armaments+1","Juggernaut","Armaments","Shrug It Off"],"relics":["Burning Blood","NeowsBlessing","Meat on the Bone","Blood Vial","Paper Frog","Ice Cream","Letter Opener","Odd Mushroom","Runic Cube","Nilry\u0027s Codex","TheAbacus"],"potions_floor_usage":[11,16,16,16,23],"damage_taken":[{"damage":0,"enemies":"Cultist","floor":1,"turns":1},{"damage":0,"enemies":"2 Louse","floor":5,"turns":1},{"damage":0,"enemies":"Lagavulin","floor":7,"turns":1},{"damage":18,"enemies":"Gremlin Nob","floor":11,"turns":4},{"damage":21,"enemies":"The Mushroom Lair","floor":12,"turns":5},{"damage":3,"enemies":"Small Slimes","floor":14,"turns":3},{"damage":31,"enemies":"Hexaghost","floor":16,"turns":8},{"damage":29,"enemies":"3 Byrds","floor":18,"turns":6},{"damage":42,"enemies":"Gremlin Leader","floor":23,"turns":4}],"seed_played":"181482703451192284","potions_obtained":[{"floor":5,"key":"Poison Potion"},{"floor":7,"key":"PowerPotion"},{"floor":11,"key":"Strength Potion"},{"floor":14,"key":"LiquidBronze"},{"floor":18,"key":"SkillPotion"}],"is_trial":false,"path_per_floor":["M","T","?","$","M","R","E","?","T","?","E","?","R","M","R","B",null,"M","?","$","?","$","E"],"character_chosen":"IRONCLAD","items_purchased":["TheAbacus","Shrug It Off"],"campfire_rested":1,"item_purchase_floors":[20,20],"current_hp_per_floor":[78,78,78,78,80,80,80,64,64,57,47,46,70,75,75,52,73,52,36,36,36,36,0],"gold":27,"neow_bonus":"THREE_ENEMY_KILL","is_prod":false,"is_daily":false,"chose_seed":false,"campfire_upgraded":2,"win_rate":0,"timestamp":1549950744,"path_taken":["M","?","?","$","M","R","E","?","T","?","E","?","R","?","R","BOSS","M","?","$","?","$","E"],"build_version":"2019-01-23","purchased_purges":1,"victory":false,"max_hp_per_floor":[80,80,80,80,80,80,80,80,80,80,80,80,80,80,80,80,80,80,80,80,80,80,80],"card_choices":[{"not_picked":["Perfected Strike","Twin Strike"],"picked":"Flex","floor":1},{"not_picked":["Heavy Blade","Shrug It Off"],"picked":"Spot Weakness","floor":5},{"not_picked":["True Grit","Anger"],"picked":"Ghostly Armor","floor":7},{"not_picked":["Armaments","Sentinel"],"picked":"Pommel Strike","floor":11},{"not_picked":["Twin Strike","Clothesline"],"picked":"Feel No Pain","floor":12},{"not_picked":["Perfected Strike","Cleave"],"picked":"Armaments","floor":14},{"not_picked":["Bludgeon","Dark Embrace"],"picked":"Juggernaut","floor":16},{"not_picked":["Havoc+1","Twin Strike+1"],"picked":"Armaments","floor":18}],"player_experience":358997,"relics_obtained":[{"floor":2,"key":"Meat on the Bone"},{"floor":7,"key":"Blood Vial"},{"floor":9,"key":"Paper Frog"},{"floor":11,"key":"Letter Opener"},{"floor":12,"key":"Odd Mushroom"},{"floor":19,"key":"Nilry\u0027s Codex"}],"event_choices":[{"cards_removed":["Strike_R"],"damage_healed":0,"gold_gain":0,"player_choice":"Forget","damage_taken":0,"max_hp_gain":0,"max_hp_loss":0,"event_name":"Living Wall","floor":3,"gold_loss":0},{"damage_healed":0,"gold_gain":0,"player_choice":"Entered Light","damage_taken":16,"max_hp_gain":0,"max_hp_loss":0,"event_name":"Shining Light","floor":8,"gold_loss":0,"cards_upgraded":["Ghostly Armor","Strike_R"]},{"damage_healed":0,"gold_gain":0,"player_choice":"Success","damage_taken":7,"relics_obtained":["Ice Cream"],"max_hp_gain":0,"max_hp_loss":0,"event_name":"Scrap Ooze","floor":10,"gold_loss":0},{"damage_healed":0,"gold_gain":0,"player_choice":"Fought Mushrooms","damage_taken":0,"max_hp_gain":0,"max_hp_loss":0,"event_name":"Mushrooms","floor":12,"gold_loss":0},{"damage_healed":0,"gold_gain":0,"player_choice":"Obtained Book","damage_taken":16,"max_hp_gain":0,"max_hp_loss":0,"event_name":"Cursed Tome","floor":19,"gold_loss":0},{"cards_removed":["Defend_R"],"damage_healed":0,"gold_gain":0,"player_choice":"Elegance","damage_taken":0,"max_hp_gain":0,"max_hp_loss":0,"event_name":"Back to Basics","floor":21,"gold_loss":0}],"is_beta":false,"boss_relics":[{"not_picked":["White Beast Statue","Black Blood"],"picked":"Runic Cube"}],"items_purged_floors":[20],"is_endless":false,"potions_floor_spawned":[5,7,11,14,18],"killed_by":"Gremlin Leader","ascension_level":7}