{"gold_per_floor":[112,187,198,198,209,209,209,66,66,66,66,80,112,131,131,229,229,240,87,97,125,125],"floor_reached":22,"playtime":1871,"items_purged":["Defend_R"],"score":202,"play_id":"f811d404-3f46-4721-8dcf-b2bd5d839c65","local_time":"20190109033505","is_ascension_mode":true,"campfire_choices":[{"data":"Twin Strike","floor":6,"key":"SMITH"},{"floor":11,"key":"REST"},{"floor":15,"key":"REST"}],"neow_cost":"NONE","seed_source_timestamp":804289430890834,"circlet_count":0,"master_deck":["Strike_R","Strike_R","Strike_R","Strike_R","Defend_R","Defend_R","Defend_R","Bash","Twin Strike+1","Shrug It Off","Iron Wave","Inflame","Uppercut","Combust+1","Feed","Perfected Strike","Whirlwind","Flame Barrier"],"relics":["Burning Blood","Potion Belt","Kunai","Dodecahedron","Centennial Puzzle","Frozen Egg 2","Cursed Key","Blood Vial","Red Mask"],"potions_floor_usage":[21,21],"damage_taken":[{"damage":1,"enemies":"Cultist","floor":1,"turns":4},{"damage":3,"enemies":"2 Louse","floor":3,"turns":4},{"damage":2,"enemies":"Small Slimes","floor":5,"turns":3},{"damage":24,"enemies":"Gremlin Gang","floor":12,"turns":6},{"damage":17,"enemies":"Lagavulin","floor":13,"turns":10},{"damage":19,"enemies":"Exordium Thugs","floor":14,"turns":4},{"damage":35,"enemies":"Slime Boss","floor":16,"turns":9},{"damage":12,"enemies":"Spheric Guardian","floor":18,"turns":3},{"damage":24,"enemies":"2 Thieves","floor":20,"turns":4},{"damage":63,"enemies":"Masked Bandits","floor":21,"turns":7},{"damage":16,"enemies":"Sentry and Sphere","floor":22,"turns":3}],"seed_played":"-5710427373715573693","potions_obtained":[{"floor":3,"key":"EssenceOfSteel"},{"floor":16,"key":"Block Potion"},{"floor":20,"key":"SteroidPotion"},{"floor":21,"key":"Swift Potion"}],"is_trial":false,"path_per_floor":["M","?","M","?","M","R","?","$","T","?","R","M","E","M","R","B",null,"M","$","M","?","M"],"character_chosen":"IRONCLAD","items_purchased":["Inflame","Blood Vial"],"campfire_rested":2,"item_purchase_floors":[8,19],"current_hp_per_floor":[80,69,72,72,76,76,43,43,43,43,67,49,38,25,49,20,80,77,77,64,9,0],"gold":125,"neow_bonus":"RANDOM_COMMON_RELIC","is_prod":false,"is_daily":false,"chose_seed":false,"campfire_upgraded":1,"win_rate":0,"timestamp":1547033705,"path_taken":["M","?","M","?","M","R","?","$","T","?","R","?","E","M","R","BOSS","M","$","M","?","M"],"build_version":"2019-01-03v4","purchased_purges":1,"victory":false,"max_hp_per_floor":[80,80,80,80,80,80,80,80,80,80,80,80,80,80,80,80,80,83,83,86,86,89],"card_choices":[{"not_picked":["Body Slam","True Grit"],"picked":"Twin Strike","floor":1},{"not_picked":["Searing Blow","Warcry"],"picked":"Shrug It Off","floor":3},{"not_picked":["Headbutt","Uppercut"],"picked":"Iron Wave","floor":5},{"not_picked":["Dual Wield","Clash"],"picked":"Uppercut","floor":12},{"not_picked":["Dark Embrace","Hemokinesis"],"picked":"Combust","floor":13},{"not_picked":["Sword Boomerang","Thunderclap","Pummel"],"picked":"SKIP","floor":14},{"not_picked":["Juggernaut+1","Berserk+1"],"picked":"Feed","floor":16},{"not_picked":["Thunderclap","Feel No Pain+1"],"picked":"Perfected Strike","floor":18},{"not_picked":["Second Wind+1","Perfected Strike"],"picked":"Whirlwind","floor":20},{"not_picked":["Burning Pact","Cleave+1"],"picked":"Flame Barrier","floor":21}],"player_experience":65156,"relics_obtained":[{"floor":9,"key":"Dodecahedron"},{"floor":13,"key":"Frozen Egg 2"},{"floor":21,"key":"Red Mask"}],"event_choices":[{"damage_healed":0,"gold_gain":75,"player_choice":"Gather Gold","damage_taken":11,"max_hp_gain":0,"max_hp_loss":0,"event_name":"World of Goop","floor":2,"gold_loss":0},{"cards_removed":["Strike_R"],"damage_healed":0,"gold_gain":0,"player_choice":"Forget","damage_taken":0,"max_hp_gain":0,"max_hp_loss":0,"event_name":"Living Wall","floor":4,"gold_loss":0},{"damage_healed":0,"gold_gain":0,"player_choice":"Success","damage_taken":33,"relics_obtained":["Kunai"],"max_hp_gain":0,"max_hp_loss":0,"event_name":"Scrap Ooze","floor":7,"gold_loss":0},{"damage_healed":0,"gold_gain":0,"player_choice":"Gave Potion","damage_taken":0,"relics_obtained":["Centennial Puzzle"],"max_hp_gain":0,"max_hp_loss":0,"event_name":"WeMeetAgain","floor":10,"gold_loss":0},{"damage_healed":0,"gold_gain":0,"player_choice":"Fought Bandits","damage_taken":0,"max_hp_gain":0,"max_hp_loss":0,"event_name":"Masked Bandits","floor":21,"gold_loss":0}],"is_beta":false,"boss_relics":[{"not_picked":["Eternal Feather","Fusion Hammer"],"picked":"Cursed Key"}],"items_purged_floors":[8],"is_endless":false,"potions_floor_spawned":[3,16,20,21],"killed_by":"Sentry and Sphere","ascension_level":2}