{"gold_per_floor":[111,130,130,145,95,129,129,154,154,154,164,196,196,196,196,268,268,287,287,287,302,98,197,221,221,221,221,221,87,87,122,122,195,195,207,59,74,94,94,129,229,3,71,71,103,113,113,18,18,18],"floor_reached":51,"playtime":1470,"items_purged":["Writhe"],"score":1247,"play_id":"d02ed020-a4e8-4e9d-9ae9-49623cda385d","local_time":"20190225163948","is_ascension_mode":true,"campfire_choices":[{"data":"Bash","floor":7.0,"key":"SMITH"},{"data":"Inflame","floor":10.0,"key":"SMITH"},{"data":"Seeing Red","floor":13.0,"key":"SMITH"},{"data":"Rampage","floor":15.0,"key":"SMITH"},{"data":"Sword Boomerang","floor":25.0,"key":"SMITH"},{"floor":27.0,"key":"REST"},{"data":"Shockwave","floor":32.0,"key":"SMITH"},{"data":"Barricade","floor":44,"key":"SMITH"},{"floor":49,"key":"REST"}],"neow_cost":"NONE","seed_source_timestamp":98536255763997,"circlet_count":0,"master_deck":["AscendersBane","Strike_R+1","Strike_R+1","Strike_R+1","Defend_R+1","Defend_R+1","Defend_R+1","Defend_R+1","Bash+1","Inflame+1","Sword Boomerang+1","Reaper","Seeing Red+1","Rampage+1","Rampage","Impervious+1","Wild Strike+1","Shrug It Off","Shrug It Off","Shockwave+1","Barricade+1","Ghostly Armor+1","Twin Strike+1","True Grit","Power Through+1","Whirlwind","Dark Embrace","Limit Break"],"special_seed":0,"relics":["Burning Blood","NeowsBlessing","Dream Catcher","Paper Frog","Oddly Smooth Stone","Letter Opener","Vajra","Velvet Choker","Membership Card","Potion Belt","Happy Flower","Self Forming Clay","PreservedInsect","Centennial Puzzle","Mark of Pain","Dead Branch","War Paint","Peace Pipe","Mango","Dodecahedron","Orichalcum"],"potions_floor_usage":[33,33,33,50,50,50,50],"damage_taken":[{"damage":0.0,"enemies":"Jaw Worm","floor":1.0,"turns":1.0},{"damage":0.0,"enemies":"Cultist","floor":2.0,"turns":1.0},{"damage":0.0,"enemies":"Small Slimes","floor":4.0,"turns":1.0},{"damage":22.0,"enemies":"Gremlin Nob","floor":6.0,"turns":4.0},{"damage":25.0,"enemies":"3 Sentries","floor":8.0,"turns":7.0},{"damage":18.0,"enemies":"3 Louse","floor":11.0,"turns":3.0},{"damage":15.0,"enemies":"Lagavulin","floor":12.0,"turns":4.0},{"damage":34.0,"enemies":"The Guardian","floor":16.0,"turns":9.0},{"damage":29.0,"enemies":"3 Byrds","floor":18.0,"turns":4.0},{"damage":5.0,"enemies":"Shell Parasite","floor":21.0,"turns":3.0},{"damage":12.0,"enemies":"Gremlin Leader","floor":31.0,"turns":5.0},{"damage":78,"enemies":"Automaton","floor":33,"turns":10},{"damage":25,"enemies":"3 Darklings","floor":35,"turns":5},{"damage":7,"enemies":"Orb Walker","floor":37,"turns":3},{"damage":33,"enemies":"Sphere and 2 Shapes","floor":38,"turns":6},{"damage":30,"enemies":"Reptomancer","floor":40,"turns":6},{"damage":0,"enemies":"Mind Bloom Boss Battle","floor":41,"turns":5},{"damage":12,"enemies":"Nemesis","floor":45,"turns":5},{"damage":42,"enemies":"Writhing Mass","floor":46,"turns":6},{"damage":103,"enemies":"Awakened One","floor":50,"turns":7}],"seed_played":"4575901026410875616","potions_obtained":[{"floor":4.0,"key":"Swift Potion"},{"floor":6.0,"key":"Fire Potion"},{"floor":8.0,"key":"SkillPotion"},{"floor":16.0,"key":"LiquidBronze"},{"floor":21.0,"key":"LiquidBronze"},{"floor":31.0,"key":"LiquidBronze"},{"floor":35,"key":"Strength Potion"},{"floor":45,"key":"Strength Potion"},{"floor":46,"key":"Regen Potion"}],"is_trial":false,"path_per_floor":["M","M","?","M","?","E","R","E","T","R","M","E","R","?","R","B",null,"M","?","?","M","$","?","T","R","T","R","?","$","?","E","R","B",null,"M","$","M","M","?","E","?","$","T","R","E","M","?","$","R","B",null],"character_chosen":"IRONCLAD","items_purchased":["Membership Card","Self Forming Clay","Shrug It Off","Dead Branch","Whirlwind","Mango","Limit Break","AttackPotion"],"campfire_rested":2,"item_purchase_floors":[22,29,29,36,42,42,48,48],"current_hp_per_floor":[78,80,80,80,80,64,64,57,57,57,57,48,48,48,48,20,65,48,48,33,34,34,34,34,34,34,59,85,85,85,85,85,13,67,56,56,60,33,54,44,64,78,78,78,73,44,44,44,73,17],"gold":18,"neow_bonus":"THREE_ENEMY_KILL","is_prod":false,"is_daily":false,"chose_seed":false,"campfire_upgraded":7,"win_rate":0,"timestamp":1551105588,"path_taken":["M","M","?","?","?","E","R","E","T","R","M","E","R","?","R","BOSS","M","?","?","M","$","?","?","R","T","R","?","$","?","E","R","BOSS","M","$","M","M","?","E","?","$","T","R","E","M","?","$","R","BOSS"],"build_version":"2019-01-23","purchased_purges":1,"victory":true,"max_hp_per_floor":[80,80,80,80,80,80,80,80,80,80,80,80,80,80,80,80,80,80,80,85,85,85,85,85,85,85,85,85,85,85,85,85,85,85,85,85,85,85,85,85,85,99,99,99,99,99,99,99,99,99],"card_choices":[{"not_picked":["Armaments","Ghostly Armor"],"picked":"Inflame","floor":1.0},{"not_picked":["Sever Soul","Body Slam"],"picked":"Sword Boomerang","floor":2.0},{"not_picked":["Warcry","Clash"],"picked":"Seeing Red","floor":4.0},{"not_picked":["Anger","Brutality"],"picked":"Rampage","floor":6.0},{"not_picked":["Body Slam","Perfected Strike","Entrench"],"picked":"SKIP","floor":8.0},{"not_picked":["Sever Soul","Clash","Rupture"],"picked":"SKIP","floor":11.0},{"not_picked":["Dark Embrace","Burning Pact"],"picked":"Rampage","floor":12.0},{"not_picked":["Bludgeon","Double Tap"],"picked":"Impervious","floor":16.0},{"not_picked":["Combust","Cleave+1","Havoc"],"picked":"SKIP","floor":18.0},{"not_picked":["Flex","Corruption"],"picked":"Wild Strike+1","floor":21.0},{"not_picked":["Rage","Anger"],"picked":"Shrug It Off","floor":27.0},{"not_picked":["Infernal Blade","Searing Blow"],"picked":"Shockwave","floor":31.0},{"not_picked":["Brutality","Berserk"],"picked":"Barricade","floor":33},{"not_picked":["Hemokinesis","Twin Strike"],"picked":"Ghostly Armor","floor":35},{"not_picked":["Havoc+1","Wild Strike"],"picked":"Twin Strike+1","floor":37},{"not_picked":["Sword Boomerang+1","Flex","Rupture"],"picked":"SKIP","floor":38},{"not_picked":["Thunderclap","Entrench"],"picked":"True Grit","floor":40},{"not_picked":["Spot Weakness","Carnage"],"picked":"Power Through+1","floor":41},{"not_picked":["Iron Wave","Inflame"],"picked":"Dark Embrace","floor":45},{"not_picked":["Warcry","Clash","Heavy Blade+1"],"picked":"SKIP","floor":46}],"player_experience":223435,"relics_obtained":[{"floor":6.0,"key":"Dream Catcher"},{"floor":8.0,"key":"Paper Frog"},{"floor":9.0,"key":"Oddly Smooth Stone"},{"floor":12.0,"key":"Letter Opener"},{"floor":24.0,"key":"Potion Belt"},{"floor":26.0,"key":"Happy Flower"},{"floor":30.0,"key":"PreservedInsect"},{"floor":31.0,"key":"Centennial Puzzle"},{"floor":40,"key":"War Paint"},{"floor":41,"key":"Peace Pipe"},{"floor":43,"key":"Dodecahedron"},{"floor":45,"key":"Orichalcum"}],"event_choices":[{"damage_healed":0.0,"max_hp_gain":0.0,"max_hp_loss":0.0,"gold_gain":0.0,"event_name":"Match and Keep!","player_choice":"1 cards matched","floor":3.0,"gold_loss":0.0,"damage_taken":0.0,"cards_obtained":["Reaper"]},{"cards_removed":["Strike_R"],"damage_healed":0.0,"max_hp_gain":0.0,"max_hp_loss":0.0,"gold_gain":0.0,"event_name":"The Cleric","player_choice":"Card Removal","floor":5.0,"gold_loss":50.0,"damage_taken":0.0},{"damage_healed":0.0,"max_hp_gain":0.0,"max_hp_loss":0.0,"gold_gain":0.0,"event_name":"Dead Adventurer","player_choice":"Searched \u00271\u0027 times","floor":14.0,"gold_loss":0.0,"damage_taken":0.0,"relics_obtained":["Vajra"]},{"damage_healed":0.0,"max_hp_gain":0.0,"max_hp_loss":0.0,"gold_gain":0.0,"event_name":"Back to Basics","player_choice":"Simplicity","floor":19.0,"gold_loss":0.0,"damage_taken":0.0,"cards_upgraded":["Strike_R","Strike_R","Strike_R","Strike_R","Defend_R","Defend_R","Defend_R","Defend_R"]},{"damage_healed":0.0,"max_hp_gain":5.0,"max_hp_loss":0.0,"gold_gain":0.0,"event_name":"Forgotten Altar","player_choice":"Shed Blood","floor":20.0,"gold_loss":0.0,"damage_taken":20.0},{"damage_healed":0.0,"max_hp_gain":0.0,"max_hp_loss":0.0,"gold_gain":99.0,"event_name":"Nest","player_choice":"Stole From Cult","floor":23.0,"gold_loss":0.0,"damage_taken":0.0},{"damage_healed":28.0,"max_hp_gain":0.0,"max_hp_loss":0.0,"gold_gain":0.0,"event_name":"The Library","player_choice":"Heal","floor":28.0,"gold_loss":0.0,"damage_taken":0.0},{"damage_healed":0.0,"max_hp_gain":0.0,"max_hp_loss":0.0,"gold_gain":0.0,"event_name":"Wheel of Change","player_choice":"Relic","floor":30.0,"gold_loss":0.0,"damage_taken":0.0},{"damage_healed":21,"gold_gain":0,"player_choice":"Writhe","damage_taken":0,"max_hp_gain":0,"max_hp_loss":0,"event_name":"Winding Halls","floor":39,"gold_loss":0,"cards_obtained":["Writhe"]},{"damage_healed":0,"gold_gain":0,"player_choice":"Fight","damage_taken":0,"max_hp_gain":0,"max_hp_loss":0,"event_name":"MindBloom","floor":41,"gold_loss":0},{"cards_removed":["Strike_R"],"damage_healed":0,"gold_gain":0,"player_choice":"Removed Attack","damage_taken":0,"max_hp_gain":0,"max_hp_loss":0,"event_name":"Falling","floor":47,"gold_loss":0}],"is_beta":false,"boss_relics":[{"not_picked":["Empty Cage","Orrery"],"picked":"Velvet Choker"},{"not_picked":["Philosopher\u0027s Stone","Runic Dome"],"picked":"Mark of Pain"}],"items_purged_floors":[42],"is_endless":false,"potions_floor_spawned":[4,6,8,16,21,31,35,45,46],"ascension_level":13}