{"gold_per_floor":[110,110,110,122,138,138,156,156,156,156,180,237,237,10,10,115,115,133,33,33,33,33,33,60,60,84,60,70,70,95,10,10,10],"floor_reached":33,"playtime":2197,"items_purged":["Strike_B","Defend_B"],"score":267,"play_id":"fa52f3a2-9edd-4966-aa0d-fd72d8d5d102","local_time":"20190111023845","is_ascension_mode":false,"campfire_choices":[{"floor":6,"key":"REST"},{"data":"Redo","floor":8,"key":"SMITH"},{"floor":13,"key":"REST"},{"floor":15,"key":"REST"},{"floor":23,"key":"REST"},{"floor":25,"key":"REST"},{"floor":29,"key":"REST"},{"floor":32,"key":"REST"}],"neow_cost":"NONE","seed_source_timestamp":133993523201000,"circlet_count":0,"master_deck":["Strike_B+1","Strike_B+1","Defend_B+1","Defend_B+1","Defend_B+1","Zap+1","Dualcast+1","Capacitor","Redo+1","Aggregate","Cold Snap+1","Gash","Ball Lightning+1","Echo Form+1","Leap","Self Repair+1","Conserve Battery","Coolheaded","Fusion","Sweeping Beam","Ball Lightning","Sweeping Beam+1"],"relics":["Cracked Core","NeowsBlessing","Nunchaku","Frozen Egg 2","Odd Mushroom","Bronze Scales","War Paint","Fusion Hammer","Dream Catcher","Whetstone","Juzu Bracelet","Orichalcum"],"potions_floor_usage":[11,12,16,24],"damage_taken":[{"damage":0,"enemies":"Small Slimes","floor":1,"turns":1},{"damage":0,"enemies":"2 Louse","floor":4,"turns":1},{"damage":0,"enemies":"Jaw Worm","floor":5,"turns":1},{"damage":9,"enemies":"Blue Slaver","floor":7,"turns":4},{"damage":25,"enemies":"The Mushroom Lair","floor":11,"turns":6},{"damage":24,"enemies":"Lagavulin Event","floor":12,"turns":5},{"damage":31,"enemies":"The Guardian","floor":16,"turns":9},{"damage":7,"enemies":"Spheric Guardian","floor":18,"turns":4},{"damage":40,"enemies":"Book of Stabbing","floor":24,"turns":6},{"damage":17,"enemies":"2 Thieves","floor":28,"turns":4},{"damage":45,"enemies":"Slavers","floor":30,"turns":7},{"damage":80,"enemies":"Automaton","floor":33,"turns":8}],"seed_played":"-8901537192816178775","potions_obtained":[{"floor":1,"key":"PowerPotion"},{"floor":4,"key":"FocusPotion"},{"floor":5,"key":"LiquidBronze"},{"floor":18,"key":"PowerPotion"},{"floor":28,"key":"FearPotion"}],"is_trial":false,"path_per_floor":["M","?","?","M","M","R","M","R","T","?","?","?","R","$","R","B",null,"M","$","?","$","?","R","E","R","T","$","M","R","E","?","R","B"],"character_chosen":"DEFECT","items_purchased":["War Paint","Coolheaded"],"campfire_rested":7,"item_purchase_floors":[14,27],"current_hp_per_floor":[75,50,43,43,43,65,56,56,56,61,36,12,36,36,60,29,80,73,73,73,73,73,80,40,64,64,64,67,80,45,45,69,0],"gold":10,"neow_bonus":"THREE_ENEMY_KILL","is_prod":false,"is_daily":false,"chose_seed":false,"campfire_upgraded":1,"win_rate":0.0,"timestamp":1547203125,"path_taken":["M","?","?","M","?","R","M","R","T","?","?","?","R","?","R","BOSS","M","$","?","$","?","R","E","R","T","?","M","R","E","?","R","BOSS"],"build_version":"2019-01-10","purchased_purges":2,"victory":false,"max_hp_per_floor":[75,75,75,75,75,75,75,75,75,80,80,80,80,80,80,80,80,80,80,80,80,80,80,80,80,80,80,80,80,80,80,80,80],"card_choices":[{"not_picked":["Stack","Aggregate"],"picked":"Capacitor","floor":1},{"not_picked":["Auto Shields","Rebound"],"picked":"Redo","floor":4},{"not_picked":["Redo","Beam Cell"],"picked":"Aggregate","floor":5},{"not_picked":["Beam Cell","Buffer"],"picked":"Cold Snap","floor":7},{"not_picked":["Hologram","Barrage"],"picked":"Gash","floor":11},{"not_picked":["Force Field","Melter"],"picked":"Ball Lightning","floor":12},{"not_picked":["Thunder Strike","Reboot"],"picked":"Echo Form+1","floor":16},{"not_picked":["Redo","Gash"],"picked":"Leap","floor":18},{"not_picked":["Barrage","Steam+1"],"picked":"Self Repair+1","floor":24},{"not_picked":["Chill","Gash+1"],"picked":"Conserve Battery","floor":25},{"not_picked":["Hello World+1","Double Energy"],"picked":"Fusion","floor":28},{"not_picked":["Chill","Compile Driver"],"picked":"Sweeping Beam","floor":29},{"not_picked":["Beam Cell","Storm+1"],"picked":"Ball Lightning","floor":30},{"not_picked":["Ball Lightning","Coolheaded"],"picked":"Sweeping Beam+1","floor":32}],"player_experience":114408,"relics_obtained":[{"floor":9,"key":"Frozen Egg 2"},{"floor":11,"key":"Odd Mushroom"},{"floor":12,"key":"Bronze Scales"},{"floor":24,"key":"Dream Catcher"},{"floor":26,"key":"Whetstone"},{"floor":30,"key":"Juzu Bracelet"}],"event_choices":[{"damage_healed":0,"gold_gain":0,"player_choice":"Success","damage_taken":25,"relics_obtained":["Nunchaku"],"max_hp_gain":0,"max_hp_loss":0,"event_name":"Scrap Ooze","floor":2,"gold_loss":0},{"cards_removed":["Strike_B"],"damage_healed":0,"gold_gain":0,"player_choice":"Card Removal","damage_taken":7,"max_hp_gain":0,"max_hp_loss":0,"event_name":"Golden Wing","floor":3,"gold_loss":0},{"damage_healed":0,"gold_gain":0,"player_choice":"Donut","damage_taken":0,"max_hp_gain":5,"max_hp_loss":0,"event_name":"Big Fish","floor":10,"gold_loss":0},{"damage_healed":0,"gold_gain":0,"player_choice":"Fought Mushrooms","damage_taken":0,"max_hp_gain":0,"max_hp_loss":0,"event_name":"Mushrooms","floor":11,"gold_loss":0},{"damage_healed":0,"gold_gain":0,"player_choice":"Searched \u00272\u0027 times","damage_taken":0,"max_hp_gain":0,"max_hp_loss":0,"event_name":"Dead Adventurer","floor":12,"gold_loss":0},{"damage_healed":0,"gold_gain":0,"player_choice":"Ignored","damage_taken":0,"max_hp_gain":0,"max_hp_loss":0,"event_name":"Vampires","floor":20,"gold_loss":0},{"damage_healed":0,"gold_gain":0,"player_choice":"Simplicity","damage_taken":0,"max_hp_gain":0,"max_hp_loss":0,"event_name":"Back to Basics","floor":22,"gold_loss":0,"cards_upgraded":["Strike_B","Strike_B","Defend_B","Defend_B","Defend_B"]},{"damage_healed":0,"gold_gain":0,"player_choice":"Obtained Relic","damage_taken":0,"relics_obtained":["Orichalcum"],"max_hp_gain":0,"max_hp_loss":0,"event_name":"Addict","floor":31,"gold_loss":85}],"is_beta":false,"boss_relics":[{"not_picked":["Snecko Eye","Coffee Dripper"],"picked":"Fusion Hammer"}],"items_purged_floors":[14,19],"is_endless":false,"potions_floor_spawned":[1,4,5,18,28],"killed_by":"Automaton","ascension_level":0}