{"gold_per_floor":[149,149,224,240,253,253,283,283,283,318,347,394,417,458,470,586,598,620,732,744,773,785,828,859,886,898,935,947,412,412,12,12,117,117,127,144,19,19,31,31,62,62,139,153,7,38,38,48,48,48],"floor_reached":51,"playtime":4820,"items_purged":["Strike_R","Defend_R","Strike_R"],"score":968,"play_id":"f29850cc-c100-4117-a093-eda71a7b2f86","local_time":"20190116003841","is_ascension_mode":true,"campfire_choices":[{"data":"Pommel Strike","floor":6,"key":"SMITH"},{"floor":8,"key":"REST"},{"data":"Berserk","floor":15,"key":"SMITH"},{"data":"Flex","floor":30,"key":"SMITH"},{"floor":32,"key":"REST"},{"data":"Flex","floor":40,"key":"SMITH"},{"data":"Battle Trance","floor":42,"key":"SMITH"},{"data":"Shrug It Off","floor":47,"key":"SMITH"},{"data":"Iron Wave","floor":49,"key":"SMITH"}],"neow_cost":"NONE","seed_source_timestamp":299500409282079,"circlet_count":0,"master_deck":["Strike_R","Strike_R","Strike_R","Defend_R","Defend_R","Defend_R","Bash","Flex+1","Pommel Strike+1","Iron Wave+1","Berserk+1","Iron Wave+1","Twin Strike+1","Whirlwind+1","Battle Trance+1","Reaper+1","Fiend Fire+1","Perfected Strike+1","Cleave+1","RitualDagger+1","Headbutt+1","Shrug It Off+1","Impervious","Flex+1","Metallicize+1"],"relics":["Burning Blood","Tiny Chest","Molten Egg 2","Sundial","MawBank","Bronze Scales","Meat on the Bone","Busted Crown","Mango","Shuriken","Potion Belt","Gremlin Horn","Pen Nib","Bottled Lightning","MutagenicStrength","Blood Vial","Torii","Ice Cream","Coffee Dripper","FossilizedHelix","Bottled Flame","Ancient Tea Set","The Courier"],"potions_floor_usage":[7,10,14,33,38,41,46,50,50,50,50],"damage_taken":[{"damage":5,"enemies":"Small Slimes","floor":1,"turns":3},{"damage":1,"enemies":"2 Louse","floor":4,"turns":2},{"damage":4,"enemies":"Jaw Worm","floor":5,"turns":4},{"damage":34,"enemies":"Gremlin Nob","floor":7,"turns":5},{"damage":30,"enemies":"3 Sentries","floor":10,"turns":10},{"damage":4,"enemies":"Gremlin Gang","floor":11,"turns":5},{"damage":0,"enemies":"Gremlin Nob","floor":12,"turns":3},{"damage":0,"enemies":"3 Louse","floor":13,"turns":1},{"damage":6,"enemies":"3 Sentries","floor":14,"turns":3},{"damage":41,"enemies":"The Guardian","floor":16,"turns":10},{"damage":2,"enemies":"Chosen","floor":18,"turns":4},{"damage":26,"enemies":"Colosseum Slavers","floor":19,"turns":4},{"damage":47,"enemies":"Colosseum Nobs","floor":19,"turns":4},{"damage":1,"enemies":"3 Byrds","floor":21,"turns":3},{"damage":65,"enemies":"Slavers","floor":23,"turns":5},{"damage":1,"enemies":"3 Cultists","floor":24,"turns":3},{"damage":10,"enemies":"Centurion and Healer","floor":25,"turns":4},{"damage":0,"enemies":"Gremlin Leader","floor":27,"turns":3},{"damage":42,"enemies":"Automaton","floor":33,"turns":6},{"damage":9,"enemies":"Orb Walker","floor":35,"turns":3},{"damage":1,"enemies":"3 Darklings","floor":36,"turns":3},{"damage":12,"enemies":"Transient","floor":39,"turns":5},{"damage":11,"enemies":"Nemesis","floor":41,"turns":3},{"damage":0,"enemies":"Sphere and 2 Shapes","floor":44,"turns":1},{"damage":26,"enemies":"Giant Head","floor":46,"turns":7},{"damage":30,"enemies":"Writhing Mass","floor":48,"turns":3},{"damage":40,"enemies":"Awakened One","floor":50,"turns":8}],"seed_played":"-3509943007197495367","potions_obtained":[{"floor":4,"key":"GamblersBrew"},{"floor":5,"key":"Regen Potion"},{"floor":11,"key":"Ancient Potion"},{"floor":13,"key":"EssenceOfSteel"},{"floor":19,"key":"Explosive Potion"},{"floor":23,"key":"Dexterity Potion"},{"floor":35,"key":"SpeedPotion"},{"floor":36,"key":"Poison Potion"},{"floor":38,"key":"Fire Potion"},{"floor":38,"key":"Fruit Juice"},{"floor":38,"key":"Weak Potion"},{"floor":39,"key":"Dexterity Potion"},{"floor":48,"key":"Weak Potion"}],"is_trial":false,"path_per_floor":["M","?","?","M","M","R","E","R","T","E","M","E","M","E","R","B",null,"M","?","?","M","?","E","M","M","T","E","?","$","R","$","R","B",null,"M","M","$","?","M","R","E","R","T","M","$","E","R","M","R","B",null],"character_chosen":"IRONCLAD","items_purchased":["Blood Vial","Torii","Shrug It Off","Ice Cream","Ancient Tea Set"],"campfire_rested":2,"item_purchase_floors":[29,29,29,31,45],"current_hp_per_floor":[80,85,74,79,81,81,63,85,85,61,63,69,75,75,75,59,85,85,61,61,70,64,32,64,60,60,66,66,66,66,66,95,70,99,96,99,99,104,98,98,95,95,95,104,104,85,85,71,71,70],"gold":48,"neow_bonus":"RANDOM_COMMON_RELIC","is_prod":false,"is_daily":false,"chose_seed":false,"campfire_upgraded":7,"win_rate":0,"timestamp":1547627921,"path_taken":["M","?","?","M","?","R","E","R","T","E","?","E","M","E","R","BOSS","M","?","?","?","?","E","M","M","T","E","?","$","R","?","R","BOSS","M","M","$","?","M","R","E","R","T","M","$","E","R","?","R","BOSS"],"build_version":"2019-01-10","purchased_purges":3,"victory":true,"max_hp_per_floor":[80,85,85,85,85,85,85,85,85,85,85,85,85,85,85,85,85,85,99,99,99,99,99,99,99,99,99,99,99,99,99,99,99,99,99,99,99,104,104,104,104,104,104,104,104,104,104,104,104,104],"card_choices":[{"not_picked":["Twin Strike","Reckless Charge"],"picked":"Flex","floor":1},{"not_picked":["Disarm","Shrug It Off"],"picked":"Pommel Strike","floor":4},{"not_picked":["Wild Strike","Havoc"],"picked":"Iron Wave","floor":5},{"not_picked":["Shrug It Off","Wild Strike"],"picked":"Berserk","floor":7},{"not_picked":["Rage","Blood for Blood+1"],"picked":"Iron Wave+1","floor":10},{"not_picked":["Clothesline+1","Searing Blow+1"],"picked":"Twin Strike+1","floor":11},{"not_picked":["Headbutt+1","Clash+1"],"picked":"Whirlwind+1","floor":12},{"not_picked":["Whirlwind+1","Rupture"],"picked":"Battle Trance","floor":13},{"not_picked":["Clothesline+1","Dual Wield"],"picked":"Reaper+1","floor":14},{"not_picked":["Double Tap","Exhume"],"picked":"Fiend Fire+1","floor":16},{"not_picked":[],"picked":"Perfected Strike+1","floor":18},{"not_picked":[],"picked":"Cleave+1","floor":19},{"not_picked":["Whirlwind+1"],"picked":"SKIP","floor":21},{"not_picked":["Rupture"],"picked":"SKIP","floor":23},{"not_picked":[],"picked":"Headbutt+1","floor":24},{"not_picked":["Wild Strike+1"],"picked":"SKIP","floor":25},{"not_picked":["Power Through"],"picked":"SKIP","floor":27},{"not_picked":[],"picked":"Impervious","floor":33},{"not_picked":["Cleave+1"],"picked":"SKIP","floor":35},{"not_picked":[],"picked":"Flex","floor":36},{"not_picked":["Havoc"],"picked":"SKIP","floor":39},{"not_picked":[],"picked":"Metallicize+1","floor":41},{"not_picked":["Wild Strike+1"],"picked":"SKIP","floor":44},{"not_picked":["Flex"],"picked":"SKIP","floor":46},{"not_picked":["Twin Strike+1"],"picked":"SKIP","floor":48}],"player_experience":173754,"relics_obtained":[{"floor":7,"key":"Molten Egg 2"},{"floor":9,"key":"Sundial"},{"floor":10,"key":"MawBank"},{"floor":12,"key":"Bronze Scales"},{"floor":14,"key":"Meat on the Bone"},{"floor":19,"key":"Mango"},{"floor":19,"key":"Shuriken"},{"floor":23,"key":"Gremlin Horn"},{"floor":26,"key":"Pen Nib"},{"floor":27,"key":"Bottled Lightning"},{"floor":41,"key":"FossilizedHelix"},{"floor":43,"key":"Bottled Flame"},{"floor":46,"key":"The Courier"}],"event_choices":[{"damage_healed":0,"gold_gain":0,"player_choice":"Donut","damage_taken":0,"max_hp_gain":5,"max_hp_loss":0,"event_name":"Big Fish","floor":2,"gold_loss":0},{"damage_healed":0,"gold_gain":75,"player_choice":"Gather Gold","damage_taken":11,"max_hp_gain":0,"max_hp_loss":0,"event_name":"World of Goop","floor":3,"gold_loss":0},{"damage_healed":0,"gold_gain":0,"player_choice":"Fight","damage_taken":0,"max_hp_gain":0,"max_hp_loss":0,"event_name":"Colosseum","floor":19,"gold_loss":0},{"damage_healed":0,"gold_gain":0,"player_choice":"Fought Nobs","damage_taken":0,"max_hp_gain":0,"max_hp_loss":0,"event_name":"Colosseum","floor":19,"gold_loss":0},{"damage_healed":0,"gold_gain":0,"player_choice":"Gave Potion","damage_taken":0,"relics_obtained":["Potion Belt"],"max_hp_gain":0,"max_hp_loss":0,"event_name":"WeMeetAgain","floor":20,"gold_loss":0},{"damage_healed":0,"gold_gain":0,"player_choice":"Joined the Cult","damage_taken":6,"max_hp_gain":0,"max_hp_loss":0,"event_name":"Nest","floor":22,"gold_loss":0,"cards_obtained":["RitualDagger"]},{"damage_healed":0,"gold_gain":0,"player_choice":"Inject Mutagens","damage_taken":0,"relics_obtained":["MutagenicStrength"],"max_hp_gain":0,"max_hp_loss":0,"event_name":"Drug Dealer","floor":28,"gold_loss":0},{"damage_healed":0,"gold_gain":0,"player_choice":"Got Potions","damage_taken":0,"max_hp_gain":0,"max_hp_loss":0,"event_name":"Lab","floor":38,"gold_loss":0}],"is_beta":false,"boss_relics":[{"not_picked":["Black Blood","Ectoplasm"],"picked":"Busted Crown"},{"not_picked":["Astrolabe","Philosopher\u0027s Stone"],"picked":"Coffee Dripper"}],"items_purged_floors":[29,31,37],"is_endless":false,"potions_floor_spawned":[4,5,11,13,19,23,35,36,39,48],"ascension_level":3}