{"gold_per_floor":[112,131,131,131,142,142,157,432,432,462,480,513,513],"floor_reached":13,"playtime":306,"items_purged":[],"score":128,"play_id":"23cceefd-2cb4-4ab1-945a-e8f9a8a66dc6","local_time":"20190131211238","is_ascension_mode":true,"campfire_choices":[{"data":"Bash","floor":6,"key":"SMITH"}],"neow_cost":"NONE","seed_source_timestamp":897120178266666,"circlet_count":0,"master_deck":["Strike_R","Strike_R","Strike_R","Strike_R","Defend_R","Defend_R","Defend_R","Defend_R","Bash+1","Double Tap","Shrug It Off","Headbutt","Ghostly Armor","Ghostly Armor","Regret","Rampage","Clothesline","Iron Wave"],"relics":["Burning Blood","Kunai","Pantograph","Self Forming Clay"],"potions_floor_usage":[10],"damage_taken":[{"damage":6,"enemies":"2 Louse","floor":1,"turns":3},{"damage":7,"enemies":"Jaw Worm","floor":2,"turns":4},{"damage":0,"enemies":"Cultist","floor":5,"turns":2},{"damage":17,"enemies":"Large Slime","floor":7,"turns":9},{"damage":28,"enemies":"Gremlin Nob","floor":10,"turns":4},{"damage":3,"enemies":"Red Slaver","floor":11,"turns":3},{"damage":46,"enemies":"Lagavulin","floor":12,"turns":7},{"damage":13,"enemies":"Exordium Wildlife","floor":13,"turns":1}],"seed_played":"8181526309204906839","potions_obtained":[{"floor":1,"key":"Poison Potion"},{"floor":2,"key":"Ancient Potion"},{"floor":12,"key":"FearPotion"}],"is_trial":false,"path_per_floor":["M","M","?","?","M","R","M","?","T","E","M","E","M"],"character_chosen":"IRONCLAD","items_purchased":[],"campfire_rested":0,"item_purchase_floors":[],"current_hp_per_floor":[72,71,76,76,82,82,71,71,71,49,52,12,0],"gold":513,"neow_bonus":"ONE_RANDOM_RARE_CARD","is_prod":false,"is_daily":false,"chose_seed":false,"campfire_upgraded":1,"win_rate":0,"timestamp":1548961958,"path_taken":["M","M","?","?","?","R","M","?","T","E","M","E","?"],"build_version":"2019-01-23","purchased_purges":0,"victory":false,"max_hp_per_floor":[80,80,85,85,85,85,85,85,85,85,85,85,85],"card_choices":[{"not_picked":["Whirlwind","Twin Strike"],"picked":"Shrug It Off","floor":1},{"not_picked":["Flex","Iron Wave"],"picked":"Headbutt","floor":2},{"not_picked":["True Grit","Brutality"],"picked":"Ghostly Armor","floor":5},{"not_picked":["Body Slam","Havoc"],"picked":"Ghostly Armor","floor":7},{"not_picked":["Havoc","Sword Boomerang"],"picked":"Rampage","floor":10},{"not_picked":["Twin Strike","Ghostly Armor"],"picked":"Clothesline","floor":11},{"not_picked":["Body Slam","Clothesline"],"picked":"Iron Wave","floor":12}],"player_experience":156228,"relics_obtained":[{"floor":9,"key":"Kunai"},{"floor":10,"key":"Pantograph"},{"floor":12,"key":"Self Forming Clay"}],"event_choices":[{"damage_healed":0,"gold_gain":0,"player_choice":"Donut","damage_taken":0,"max_hp_gain":5,"max_hp_loss":0,"event_name":"Big Fish","floor":3,"gold_loss":0},{"cards_removed":["Strike_R"],"damage_healed":0,"gold_gain":0,"player_choice":"Offered Basic","damage_taken":0,"max_hp_gain":0,"max_hp_loss":0,"event_name":"Bonfire Elementals","floor":4,"gold_loss":0},{"damage_healed":0,"gold_gain":275,"player_choice":"Desecrate","damage_taken":0,"max_hp_gain":0,"max_hp_loss":0,"event_name":"Golden Shrine","floor":8,"gold_loss":0,"cards_obtained":["Regret"]}],"is_beta":false,"boss_relics":[],"items_purged_floors":[],"is_endless":false,"potions_floor_spawned":[1,2,12],"killed_by":"Exordium Wildlife","ascension_level":7}