{"gold_per_floor":[114,138,138,155,155,155,169,201,226,226,226,7,34,46,46,143,143,156,176,76,176,251,251,268,279,279,294,294,328,227,152,152,252,252,263,62,77,89,489,522,522,548,573,573,573,573,589,589,589,589],"floor_reached":51,"playtime":5609,"items_purged":["Strike_G","Strike_G","Strike_G"],"score":1109,"play_id":"e64e64bb-9cc5-46e7-bb2d-289110724dd7","local_time":"20190217170914","is_ascension_mode":true,"campfire_choices":[{"data":"Neutralize","floor":6,"key":"SMITH"},{"floor":10,"key":"REST"},{"floor":15,"key":"REST"},{"floor":23,"key":"REST"},{"data":"Footwork","floor":32,"key":"SMITH"},{"floor":41,"key":"REST"},{"data":"Choke","floor":45,"key":"SMITH"},{"data":"Cloak And Dagger","floor":49,"key":"SMITH"}],"neow_cost":"NONE","seed_source_timestamp":162826784686538,"circlet_count":0,"master_deck":["Defend_G","Defend_G","Defend_G","Defend_G","Strike_G","Strike_G","Survivor","Neutralize+1","Heel Hook","Quick Slash","Footwork+1","Crippling Poison","Infinite Blades","Predator","Tools of the Trade","Slice+1","Backstab","Cloak And Dagger+1","Quick Slash+1","Cloak And Dagger+1","Dagger Spray+1","Noxious Fumes+1","Accuracy+1","Backstab","Choke+1","Slice"],"relics":["Ring of the Snake","Bag of Preparation","Oddly Smooth Stone","Singing Bowl","Ice Cream","Blood Vial","Vajra","Mummified Hand","WristBlade","FossilizedHelix","Mercury Hourglass","Juzu Bracelet","MutagenicStrength","Ninja Scroll","Letter Opener","Sozu","Old Coin","Regal Pillow","Bag of Marbles","Happy Flower","Spirit Poop"],"potions_floor_usage":[8,13,21,29,33],"damage_taken":[{"damage":1,"enemies":"Cultist","floor":1,"turns":4},{"damage":0,"enemies":"Jaw Worm","floor":4,"turns":5},{"damage":0,"enemies":"2 Louse","floor":7,"turns":3},{"damage":31,"enemies":"Gremlin Nob","floor":8,"turns":5},{"damage":16,"enemies":"Lagavulin","floor":13,"turns":7},{"damage":0,"enemies":"Blue Slaver","floor":14,"turns":3},{"damage":27,"enemies":"Hexaghost","floor":16,"turns":13},{"damage":10,"enemies":"Spheric Guardian","floor":18,"turns":5},{"damage":4,"enemies":"3 Byrds","floor":19,"turns":6},{"damage":8,"enemies":"Colosseum Slavers","floor":21,"turns":4},{"damage":7,"enemies":"Colosseum Nobs","floor":21,"turns":5},{"damage":0,"enemies":"Cultist and Chosen","floor":24,"turns":3},{"damage":0,"enemies":"Centurion and Healer","floor":25,"turns":4},{"damage":0,"enemies":"Snecko","floor":27,"turns":4},{"damage":0,"enemies":"Slavers","floor":29,"turns":3},{"damage":21,"enemies":"Collector","floor":33,"turns":8},{"damage":0,"enemies":"Orb Walker","floor":35,"turns":1},{"damage":0,"enemies":"3 Darklings","floor":37,"turns":3},{"damage":28,"enemies":"Writhing Mass","floor":38,"turns":4},{"damage":0,"enemies":"Mind Bloom Boss Battle","floor":39,"turns":4},{"damage":6,"enemies":"Giant Head","floor":40,"turns":6},{"damage":0,"enemies":"Nemesis","floor":42,"turns":5},{"damage":0,"enemies":"Jaw Worm Horde","floor":47,"turns":1},{"damage":24,"enemies":"Donu and Deca","floor":50,"turns":7}],"seed_played":"7660755260778998754","potions_obtained":[{"floor":1,"key":"SkillPotion"},{"floor":3,"key":"Energy Potion"},{"floor":3,"key":"SpeedPotion"},{"floor":16,"key":"Block Potion"},{"floor":21,"key":"GhostInAJar"},{"floor":25,"key":"Energy Potion"},{"floor":29,"key":"FairyPotion"}],"is_trial":false,"path_per_floor":["M","T","?","M","T","R","M","E","T","R","?","$","E","M","R","B",null,"M","M","$","?","?","R","M","M","T","M","?","E","?","?","R","B",null,"M","$","M","M","?","E","R","E","T","?","R","?","M","?","R","B",null],"character_chosen":"THE_SILENT","items_purchased":["Vajra","Noxious Fumes"],"campfire_rested":4,"item_purchase_floors":[12,36],"current_hp_per_floor":[62,62,62,62,62,62,62,31,31,52,57,57,43,45,67,42,67,59,57,57,46,39,61,63,65,65,67,67,71,71,71,71,54,73,77,77,79,53,55,51,81,81,81,81,81,78,80,80,80,56],"gold":589,"neow_bonus":"RANDOM_COMMON_RELIC","is_prod":false,"is_daily":false,"chose_seed":false,"campfire_upgraded":4,"win_rate":0,"timestamp":1550452154,"path_taken":["M","?","?","?","?","R","M","E","T","R","?","$","E","M","R","BOSS","M","M","$","?","?","R","M","?","T","M","?","E","?","?","R","BOSS","M","$","M","M","?","E","R","E","T","?","R","?","M","?","R","BOSS"],"build_version":"2019-01-23","purchased_purges":3,"victory":true,"max_hp_per_floor":[70,70,70,70,70,70,70,70,70,70,75,75,75,75,75,75,75,75,75,75,75,75,75,75,75,75,75,75,77,77,77,77,79,79,81,81,81,81,81,81,81,81,81,81,81,78,80,80,80,80],"card_choices":[{"not_picked":["Dash","Eviscerate"],"picked":"Heel Hook","floor":1},{"not_picked":["Escape Plan","Deflect"],"picked":"Quick Slash","floor":4},{"not_picked":["Endless Agony","Dodge and Roll"],"picked":"Footwork","floor":7},{"not_picked":["Tools of the Trade","Slice"],"picked":"Crippling Poison","floor":8},{"not_picked":["Backstab","Poisoned Stab"],"picked":"Infinite Blades","floor":13},{"not_picked":["Deflect","Underhanded Strike"],"picked":"Predator","floor":14},{"not_picked":["Venomology","Glass Knife"],"picked":"Tools of the Trade","floor":16},{"not_picked":["Setup+1","Flying Knee"],"picked":"Slice+1","floor":18},{"not_picked":["Catalyst","PiercingWail"],"picked":"Backstab","floor":19},{"not_picked":["Acrobatics","Flying Knee"],"picked":"Cloak And Dagger","floor":21},{"not_picked":["Dagger Throw","Catalyst+1"],"picked":"Quick Slash+1","floor":24},{"not_picked":["Quick Slash","Slice+1"],"picked":"Cloak And Dagger+1","floor":25},{"not_picked":["Infinite Blades","Sucker Punch"],"picked":"Dagger Spray+1","floor":27},{"not_picked":["Cloak And Dagger","Deadly Poison","Malaise"],"picked":"Singing Bowl","floor":29},{"not_picked":["Unload","Doppelganger","Wraith Form v2"],"picked":"Singing Bowl","floor":33},{"not_picked":["Backflip","Prepared","Flying Knee"],"picked":"Singing Bowl","floor":35},{"not_picked":["Reflex","Choke+1"],"picked":"Accuracy+1","floor":37},{"not_picked":["Dagger Spray+1","Acrobatics"],"picked":"Backstab","floor":38},{"not_picked":["Accuracy","Poisoned Stab+1"],"picked":"Choke","floor":39},{"not_picked":["Reflex+1","Dash"],"picked":"Acrobatics+1","floor":40},{"not_picked":["Sucker Punch","Bane"],"picked":"Slice","floor":42},{"not_picked":["Slice","Cloak And Dagger","Backflip"],"picked":"Singing Bowl","floor":47}],"player_experience":427970,"relics_obtained":[{"floor":2,"key":"Oddly Smooth Stone"},{"floor":5,"key":"Singing Bowl"},{"floor":8,"key":"Ice Cream"},{"floor":9,"key":"Blood Vial"},{"floor":13,"key":"Mummified Hand"},{"floor":21,"key":"FossilizedHelix"},{"floor":21,"key":"Mercury Hourglass"},{"floor":26,"key":"Juzu Bracelet"},{"floor":29,"key":"Ninja Scroll"},{"floor":39,"key":"Old Coin"},{"floor":40,"key":"Regal Pillow"},{"floor":42,"key":"Bag of Marbles"},{"floor":43,"key":"Happy Flower"}],"event_choices":[{"damage_healed":0,"gold_gain":0,"player_choice":"Got Potions","damage_taken":0,"max_hp_gain":0,"max_hp_loss":0,"event_name":"Lab","floor":3,"gold_loss":0},{"damage_healed":0,"gold_gain":0,"player_choice":"Donut","damage_taken":0,"max_hp_gain":5,"max_hp_loss":0,"event_name":"Big Fish","floor":11,"gold_loss":0},{"damage_healed":0,"gold_gain":0,"player_choice":"Fight","damage_taken":0,"max_hp_gain":0,"max_hp_loss":0,"event_name":"Colosseum","floor":21,"gold_loss":0},{"damage_healed":0,"gold_gain":0,"player_choice":"Fought Nobs","damage_taken":0,"max_hp_gain":0,"max_hp_loss":0,"event_name":"Colosseum","floor":21,"gold_loss":0},{"damage_healed":0,"gold_gain":75,"player_choice":"Touch","damage_taken":7,"max_hp_gain":0,"max_hp_loss":0,"event_name":"FaceTrader","floor":22,"gold_loss":0},{"damage_healed":0,"gold_gain":0,"player_choice":"Inject Mutagens","damage_taken":0,"relics_obtained":["MutagenicStrength"],"max_hp_gain":0,"max_hp_loss":0,"event_name":"Drug Dealer","floor":28,"gold_loss":0},{"damage_healed":0,"gold_gain":0,"player_choice":"Paid Gold","damage_taken":0,"relics_obtained":["Letter Opener"],"max_hp_gain":0,"max_hp_loss":0,"event_name":"WeMeetAgain","floor":30,"gold_loss":101},{"cards_removed":["Defend_G"],"damage_healed":0,"gold_gain":0,"player_choice":"Gave Gold","damage_taken":0,"max_hp_gain":0,"max_hp_loss":0,"event_name":"Beggar","floor":31,"gold_loss":75},{"damage_healed":0,"gold_gain":0,"player_choice":"Fight","damage_taken":0,"max_hp_gain":0,"max_hp_loss":0,"event_name":"MindBloom","floor":39,"gold_loss":0},{"damage_healed":0,"gold_gain":0,"player_choice":"Forge","damage_taken":0,"max_hp_gain":0,"max_hp_loss":0,"event_name":"Accursed Blacksmith","floor":44,"gold_loss":0,"cards_upgraded":["Noxious Fumes"]},{"cards_removed":["Parasite"],"damage_healed":0,"gold_gain":0,"player_choice":"Offered Curse","damage_taken":0,"relics_obtained":["Spirit Poop"],"max_hp_gain":0,"max_hp_loss":0,"event_name":"Bonfire Elementals","floor":46,"gold_loss":0},{"cards_removed":["Acrobatics"],"damage_healed":0,"gold_gain":0,"player_choice":"Removed Skill","damage_taken":0,"max_hp_gain":0,"max_hp_loss":0,"event_name":"Falling","floor":48,"gold_loss":0}],"is_beta":false,"boss_relics":[{"not_picked":["Velvet Choker","Runic Dome"],"picked":"WristBlade"},{"not_picked":["Lizard Tail","Calling Bell"],"picked":"Sozu"}],"items_purged_floors":[12,20,36],"is_endless":false,"potions_floor_spawned":[1,16,21,25,27,29,37,39,42],"ascension_level":9}