{"gold_per_floor":[109,122,122,141,151,180,180,198,222,172,197,217,217,231,231,335,385,399,399,489,84,97,126,126,189,238,238,250,260,260,283,283,382,382,397,497,513,513,527,560,560,595,621,311,324,324,336,349,349,349,349,349,103,138,138],"floor_reached":55,"playtime":5903,"items_purged":["Pain"],"score":999,"play_id":"a0dcf265-a4dd-41e3-a709-940c0254f3a2","local_time":"20190222230859","is_ascension_mode":true,"campfire_choices":[{"data":"Whirlwind","floor":7.0,"key":"SMITH"},{"data":"Shockwave","floor":13.0,"key":"SMITH"},{"data":"Combust","floor":15.0,"key":"SMITH"},{"data":"Whirlwind","floor":24.0,"key":"SMITH"},{"floor":30.0,"key":"REST"},{"data":"Inflame","floor":32.0,"key":"SMITH"},{"data":"Impervious","floor":41.0,"key":"SMITH"},{"floor":49.0,"key":"RECALL"},{"floor":52.0,"key":"REST"}],"neow_cost":"NONE","seed_source_timestamp":645775634853400,"circlet_count":0,"master_deck":["Strike_R","Strike_R+1","Strike_R","Defend_R","Defend_R","Defend_R","Defend_R","Bash","Shockwave+1","Inflame+1","Combust+1","Whirlwind+1","Pommel Strike","Carnage","Shrug It Off","Demon Form","Evolve","Whirlwind+1","Shrug It Off","True Grit+1","Ghostly Armor","Impervious+1","Body Slam+1","Flame Barrier+1","Pommel Strike+1","Warcry+1","Pommel Strike+1","Rupture+1","Shockwave","Inflame","Inflame"],"special_seed":0,"relics":["Burning Blood","Self Forming Clay","Torii","Art of War","Gremlin Horn","Tiny House","MutagenicStrength","Bag of Marbles","Sling","The Courier","Tiny Chest","WarpedTongs","Lantern","Sozu","Prayer Wheel","Vajra","PreservedInsect","Dream Catcher","Magic Flower","Medical Kit","Bottled Tornado"],"potions_floor_usage":[],"damage_taken":[{"damage":6.0,"enemies":"Cultist","floor":1.0,"turns":3.0},{"damage":10.0,"enemies":"Jaw Worm","floor":2.0,"turns":5.0},{"damage":8.0,"enemies":"Small Slimes","floor":4.0,"turns":4.0},{"damage":5.0,"enemies":"Red Slaver","floor":5.0,"turns":3.0},{"damage":22.0,"enemies":"3 Sentries","floor":6.0,"turns":3.0},{"damage":1.0,"enemies":"2 Fungi Beasts","floor":8.0,"turns":4.0},{"damage":16.0,"enemies":"Lagavulin","floor":11.0,"turns":5.0},{"damage":1.0,"enemies":"Exordium Thugs","floor":12.0,"turns":3.0},{"damage":0.0,"enemies":"Blue Slaver","floor":14.0,"turns":3.0},{"damage":10.0,"enemies":"The Guardian","floor":16.0,"turns":11.0},{"damage":26.0,"enemies":"Spheric Guardian","floor":18.0,"turns":6.0},{"damage":11.0,"enemies":"2 Thieves","floor":22.0,"turns":4.0},{"damage":0.0,"enemies":"Slavers","floor":23.0,"turns":1.0},{"damage":13.0,"enemies":"Book of Stabbing","floor":25.0,"turns":7.0},{"damage":25.0,"enemies":"Snake Plant","floor":28.0,"turns":5.0},{"damage":11.0,"enemies":"Centurion and Healer","floor":29.0,"turns":4.0},{"damage":37.0,"enemies":"Collector","floor":33.0,"turns":7.0},{"damage":1.0,"enemies":"3 Darklings","floor":35.0,"turns":4.0},{"damage":2.0,"enemies":"Mind Bloom Boss Battle","floor":36.0,"turns":6.0},{"damage":4.0,"enemies":"Orb Walker","floor":37.0,"turns":4.0},{"damage":30.0,"enemies":"3 Darklings","floor":39.0,"turns":3.0},{"damage":1.0,"enemies":"Reptomancer","floor":40.0,"turns":3.0},{"damage":36.0,"enemies":"Giant Head","floor":42.0,"turns":8.0},{"damage":1.0,"enemies":"Spire Growth","floor":45.0,"turns":5.0},{"damage":0.0,"enemies":"Jaw Worm Horde","floor":47.0,"turns":2.0},{"damage":0.0,"enemies":"4 Shapes","floor":48.0,"turns":5.0},{"damage":41.0,"enemies":"Time Eater","floor":50.0,"turns":10.0},{"damage":39,"enemies":"Shield and Spear","floor":54,"turns":5},{"damage":56,"enemies":"The Heart","floor":55,"turns":5}],"seed_played":"-5091868181779156244","potions_obtained":[{"floor":4.0,"key":"SneckoOil"},{"floor":8.0,"key":"PowerPotion"},{"floor":11.0,"key":"Fire Potion"},{"floor":12.0,"key":"Strength Potion"},{"floor":14.0,"key":"SteroidPotion"},{"floor":17.0,"key":"SpeedPotion"},{"floor":29.0,"key":"EssenceOfSteel"},{"floor":33.0,"key":"Energy Potion"}],"is_trial":false,"path_per_floor":["M","M","T","M","M","E","R","M","T","?","E","M","R","M","R","B",null,"M","?","?","$","M","E","R","E","T","?","M","M","R","T","R","B",null,"M","?","M","?","M","E","R","E","T","$","M","$","M","M","R","B",null,"R","$","E","B"],"character_chosen":"IRONCLAD","items_purchased":["Bag of Marbles","Sling","Shrug It Off","Magic Flower","Shockwave","Inflame","Medical Kit"],"campfire_rested":2,"item_purchase_floors":[21,21,21,44,53,53,53],"current_hp_per_floor":[80,76,76,74,75,59,59,64,64,64,54,59,59,65,65,61,80,60,60,44,44,39,45,45,38,38,38,19,14,39,39,39,8,66,71,75,77,77,53,58,58,28,28,28,36,36,45,54,54,22,69,85,85,55,0],"gold":138,"neow_bonus":"REMOVE_CARD","is_prod":false,"is_daily":false,"chose_seed":false,"campfire_upgraded":6,"win_rate":0,"timestamp":1550873339,"path_taken":["M","M","?","M","M","E","R","M","T","?","E","M","R","M","R","BOSS","M","?","?","$","?","E","R","E","T","?","M","?","R","?","R","BOSS","M","?","M","?","M","E","R","E","T","$","M","?","M","M","R","BOSS","R","$","E","BOSS"],"build_version":"2019-01-23","purchased_purges":1,"victory":false,"max_hp_per_floor":[80,80,80,80,80,80,80,80,80,80,80,80,80,80,80,80,85,85,85,85,85,85,85,85,85,85,85,85,85,85,85,85,85,85,85,85,85,85,85,85,85,85,85,85,85,85,85,85,85,85,85,85,85,85,85],"card_choices":[{"not_picked":["Pommel Strike","Corruption"],"picked":"Shockwave","floor":1.0},{"not_picked":["Sword Boomerang","Bloodletting"],"picked":"Inflame","floor":2.0},{"not_picked":["Thunderclap","Corruption"],"picked":"Combust","floor":4.0},{"not_picked":["True Grit","Burning Pact"],"picked":"Whirlwind","floor":5.0},{"not_picked":["Sword Boomerang","Thunderclap","Body Slam"],"picked":"SKIP","floor":6.0},{"not_picked":["Twin Strike","Flex"],"picked":"Pommel Strike","floor":8.0},{"not_picked":["Evolve","Warcry"],"picked":"Carnage","floor":11.0},{"not_picked":["Carnage","Evolve"],"picked":"Shrug It Off","floor":12.0},{"not_picked":["Whirlwind","Corruption"],"picked":"Metallicize","floor":14.0},{"not_picked":["Berserk","Barricade"],"picked":"Demon Form","floor":16.0},{"not_picked":["Headbutt","Iron Wave"],"picked":"Evolve","floor":17.0},{"not_picked":["Iron Wave","Anger"],"picked":"Whirlwind","floor":18.0},{"not_picked":["Cleave","Wild Strike","Havoc"],"picked":"SKIP","floor":22.0},{"not_picked":["Cleave","Fire Breathing+1","Searing Blow"],"picked":"SKIP","floor":23.0},{"not_picked":["Wild Strike+1","Cleave"],"picked":"True Grit+1","floor":25.0},{"not_picked":["Headbutt","Juggernaut"],"picked":"Ghostly Armor","floor":28.0},{"not_picked":["Bloodletting","True Grit","Sword Boomerang"],"picked":"SKIP","floor":29.0},{"not_picked":["Berserk","Brutality"],"picked":"Impervious","floor":33.0},{"not_picked":["Clothesline","Dropkick","Iron Wave"],"picked":"SKIP","floor":35.0},{"not_picked":["Thunderclap","Headbutt+1"],"picked":"Body Slam+1","floor":36.0},{"not_picked":["Dropkick","Anger+1","Thunderclap"],"picked":"SKIP","floor":37.0},{"not_picked":["Carnage","Wild Strike","Havoc+1"],"picked":"SKIP","floor":37.0},{"not_picked":["Hemokinesis+1","Twin Strike+1"],"picked":"Flame Barrier+1","floor":39.0},{"not_picked":["Intimidate","Headbutt","Clash"],"picked":"SKIP","floor":39.0},{"not_picked":["Shockwave","Brutality","Bloodletting+1"],"picked":"SKIP","floor":40.0},{"not_picked":["Perfected Strike","Feel No Pain+1"],"picked":"Pommel Strike+1","floor":42.0},{"not_picked":["Perfected Strike","Headbutt+1"],"picked":"Warcry+1","floor":45.0},{"not_picked":["Iron Wave","True Grit","Anger+1"],"picked":"SKIP","floor":45.0},{"not_picked":["Havoc+1","Heavy Blade","Rampage"],"picked":"SKIP","floor":47.0},{"not_picked":["Juggernaut","Sword Boomerang","Spot Weakness"],"picked":"SKIP","floor":47.0},{"not_picked":["Wild Strike","True Grit+1"],"picked":"Pommel Strike+1","floor":48.0},{"not_picked":["Metallicize","Feel No Pain","Searing Blow"],"picked":"SKIP","floor":48.0},{"not_picked":["Armaments","Anger+1"],"picked":"Rupture+1","floor":52.0},{"not_picked":["Whirlwind","Entrench"],"picked":"Inflame","floor":54}],"player_experience":244711,"relics_obtained":[{"floor":3.0,"key":"Self Forming Clay"},{"floor":6.0,"key":"Torii"},{"floor":9.0,"key":"Art of War"},{"floor":11.0,"key":"Gremlin Horn"},{"floor":23.0,"key":"The Courier"},{"floor":25.0,"key":"Tiny Chest"},{"floor":31.0,"key":"Lantern"},{"floor":36.0,"key":"Prayer Wheel"},{"floor":40.0,"key":"Vajra"},{"floor":42.0,"key":"PreservedInsect"},{"floor":43.0,"key":"Dream Catcher"},{"floor":54,"key":"Bottled Tornado"}],"event_choices":[{"cards_removed":["Strike_R"],"damage_healed":0.0,"max_hp_gain":0.0,"max_hp_loss":0.0,"gold_gain":0.0,"event_name":"The Cleric","player_choice":"Card Removal","floor":10.0,"gold_loss":50.0,"damage_taken":0.0},{"damage_healed":0.0,"max_hp_gain":0.0,"max_hp_loss":0.0,"gold_gain":0.0,"event_name":"Drug Dealer","player_choice":"Inject Mutagens","floor":19.0,"gold_loss":0.0,"damage_taken":0.0,"relics_obtained":["MutagenicStrength"]},{"damage_healed":0.0,"max_hp_gain":0.0,"max_hp_loss":0.0,"gold_gain":90.0,"event_name":"Knowing Skull","player_choice":"GOLD ","floor":20.0,"potions_obtained":[],"gold_loss":0.0,"damage_taken":16.0,"cards_obtained":[]},{"damage_healed":0.0,"max_hp_gain":0.0,"max_hp_loss":0.0,"gold_gain":0.0,"event_name":"Accursed Blacksmith","player_choice":"Rummage","floor":27.0,"gold_loss":0.0,"damage_taken":0.0,"relics_obtained":["WarpedTongs"],"cards_obtained":["Pain"]},{"damage_healed":0.0,"max_hp_gain":0.0,"max_hp_loss":0.0,"gold_gain":0.0,"event_name":"MindBloom","player_choice":"Fight","floor":36.0,"gold_loss":0.0,"damage_taken":0.0},{"cards_removed":["Metallicize"],"damage_healed":0.0,"max_hp_gain":0.0,"max_hp_loss":0.0,"gold_gain":0.0,"event_name":"Falling","player_choice":"Removed Power","floor":38.0,"gold_loss":0.0,"damage_taken":0.0}],"is_beta":false,"boss_relics":[{"not_picked":["Runic Cube","Empty Cage"],"picked":"Tiny House"},{"not_picked":["White Beast Statue","Calling Bell"],"picked":"Sozu"}],"items_purged_floors":[44],"is_endless":false,"potions_floor_spawned":[4,8,11,12,14,29,33,37,42,45,47],"killed_by":"The Heart","ascension_level":5}