{"gold_per_floor":[112,112,287,362,377,377,436,436,461,461,489,489,589,605,605,708,708,676,676,694,694],"floor_reached":21,"playtime":1277,"items_purged":[],"score":275,"play_id":"2d7d52eb-b03f-4f4e-9e16-23f81dc376c7","local_time":"20190211221506","is_ascension_mode":true,"campfire_choices":[{"floor":6,"key":"REST"},{"floor":8,"key":"REST"},{"floor":10,"key":"REST"},{"data":"Armaments","floor":12,"key":"SMITH"},{"data":"Bash","floor":15,"key":"SMITH"}],"neow_cost":"PERCENT_DAMAGE","seed_source_timestamp":2627551917025699,"circlet_count":0,"master_deck":["Strike_R","Strike_R","Strike_R","Strike_R","Defend_R","Defend_R","Defend_R","Defend_R","Bash+1","Rampage","Doubt","Disarm","Cleave","Armaments+1","Seeing Red","Demon Form","Shrug It Off","Dropkick+1"],"relics":["Black Blood","Tiny Chest","Centennial Puzzle","Blood Vial"],"potions_floor_usage":[11,11,18,21],"damage_taken":[{"damage":9,"enemies":"Jaw Worm","floor":1,"turns":4},{"damage":3,"enemies":"2 Louse","floor":5,"turns":3},{"damage":60,"enemies":"3 Sentries","floor":7,"turns":10},{"damage":17,"enemies":"Gremlin Nob","floor":11,"turns":4},{"damage":5,"enemies":"Small Slimes","floor":14,"turns":4},{"damage":77,"enemies":"Hexaghost","floor":16,"turns":16},{"damage":38,"enemies":"2 Thieves","floor":18,"turns":5},{"damage":23,"enemies":"Chosen","floor":20,"turns":6},{"damage":19,"enemies":"Snake Plant","floor":21,"turns":3}],"seed_played":"-4145946297568128365","potions_obtained":[{"floor":1,"key":"EssenceOfSteel"},{"floor":7,"key":"GamblersBrew"},{"floor":16,"key":"SteroidPotion"},{"floor":20,"key":"SkillPotion"}],"is_trial":false,"path_per_floor":["M","?","?","?","M","R","E","R","T","R","E","R","?","M","R","B",null,"M","?","M","M"],"character_chosen":"IRONCLAD","items_purchased":[],"campfire_rested":3,"item_purchase_floors":[],"current_hp_per_floor":[64,64,64,53,56,84,30,58,58,86,75,75,75,78,78,9,74,48,29,18,1],"gold":694,"neow_bonus":"TWENTY_PERCENT_HP_BONUS","is_prod":false,"is_daily":false,"chose_seed":false,"campfire_upgraded":2,"win_rate":0,"timestamp":1549952106,"path_taken":["M","?","?","?","M","R","E","R","T","R","E","R","?","?","R","BOSS","M","?","M","M"],"build_version":"2019-01-23","purchased_purges":0,"victory":false,"max_hp_per_floor":[96,96,96,96,96,96,96,96,96,96,96,96,96,96,96,96,96,96,101,101,101],"card_choices":[{"not_picked":["Body Slam","Whirlwind"],"picked":"Rampage","floor":1},{"not_picked":["Clash","Headbutt"],"picked":"Disarm","floor":5},{"not_picked":["Blood for Blood","Combust"],"picked":"Cleave","floor":7},{"not_picked":["Intimidate","Battle Trance"],"picked":"Armaments","floor":11},{"not_picked":["Havoc","Headbutt"],"picked":"Seeing Red","floor":14},{"not_picked":["Immolate","Fiend Fire"],"picked":"Demon Form","floor":16},{"not_picked":["Sword Boomerang","Sever Soul"],"picked":"Shrug It Off","floor":18},{"not_picked":["Iron Wave","Evolve"],"picked":"Dropkick+1","floor":20}],"player_experience":360014,"relics_obtained":[{"floor":7,"key":"Tiny Chest"},{"floor":9,"key":"Centennial Puzzle"},{"floor":11,"key":"Blood Vial"}],"event_choices":[{"cards_removed":["Strike_R"],"damage_healed":0,"gold_gain":0,"player_choice":"Forget","damage_taken":0,"max_hp_gain":0,"max_hp_loss":0,"event_name":"Living Wall","floor":2,"gold_loss":0},{"damage_healed":0,"gold_gain":175,"player_choice":"AGREE","damage_taken":0,"max_hp_gain":0,"max_hp_loss":0,"event_name":"Liars Game","floor":3,"gold_loss":0,"cards_obtained":["Doubt"]},{"damage_healed":0,"gold_gain":75,"player_choice":"Gather Gold","damage_taken":11,"max_hp_gain":0,"max_hp_loss":0,"event_name":"World of Goop","floor":4,"gold_loss":0},{"damage_healed":0,"gold_gain":100,"player_choice":"Pray","damage_taken":0,"max_hp_gain":0,"max_hp_loss":0,"event_name":"Golden Shrine","floor":13,"gold_loss":0},{"damage_healed":0,"gold_gain":0,"player_choice":"Shed Blood","damage_taken":24,"max_hp_gain":5,"max_hp_loss":0,"event_name":"Forgotten Altar","floor":19,"gold_loss":0}],"is_beta":false,"boss_relics":[{"not_picked":["Calling Bell","Runic Pyramid"],"picked":"Black Blood"}],"items_purged_floors":[],"is_endless":false,"potions_floor_spawned":[1,7,16,20],"killed_by":"Snake Plant","ascension_level":7}