{"gold_per_floor":[114,114,114,114,129,129,129,141,164,164,164,175,175,194,194,298,298,308,308,160,180,195,195,195,195,220,220,240,250,264,282,282,282],"floor_reached":33,"playtime":1605,"items_purged":[],"score":370,"play_id":"cd95f9a5-6a86-4847-b82d-2e2d03275a7e","local_time":"20190104023833","is_ascension_mode":true,"campfire_choices":[{"floor":6.0,"key":"REST"},{"floor":10.0,"key":"REST"},{"data":"Noxious Fumes","floor":13.0,"key":"SMITH"},{"floor":15.0,"key":"REST"},{"floor":23.0,"key":"REST"},{"floor":25.0,"key":"REST"},{"floor":27.0,"key":"REST"},{"floor":32.0,"key":"REST"}],"neow_cost":"NONE","seed_source_timestamp":168818147052626,"circlet_count":0,"master_deck":["AscendersBane","Defend_G","Defend_G","Defend_G","Defend_G","Defend_G","Strike_G","Strike_G","Strike_G","Strike_G+1","Strike_G","Survivor","Neutralize+1","Choke+1","Dagger Spray","Noxious Fumes+1","Blur","Burst","PiercingWail+1","Decay","Leg Sweep+1","PiercingWail+1"],"special_seed":0,"relics":["Velvet Choker","Bottled Lightning","Orichalcum","Whetstone","Fusion Hammer","Nilry\u0027s Codex","Snake Skull","Potion Belt"],"potions_floor_usage":[33],"damage_taken":[{"damage":6.0,"enemies":"Cultist","floor":1.0,"turns":5.0},{"damage":0.0,"enemies":"2 Louse","floor":5.0,"turns":3.0},{"damage":1.0,"enemies":"Small Slimes","floor":8.0,"turns":3.0},{"damage":9.0,"enemies":"3 Louse","floor":12.0,"turns":3.0},{"damage":14.0,"enemies":"Lots of Slimes","floor":14.0,"turns":4.0},{"damage":29.0,"enemies":"The Guardian","floor":16.0,"turns":12.0},{"damage":23.0,"enemies":"Spheric Guardian","floor":18.0,"turns":6.0},{"damage":6.0,"enemies":"3 Byrds","floor":21.0,"turns":5.0},{"damage":6.0,"enemies":"Snecko","floor":22.0,"turns":5.0},{"damage":1.0,"enemies":"Cultist and Chosen","floor":28.0,"turns":4.0},{"damage":11.0,"enemies":"Centurion and Healer","floor":29.0,"turns":10.0},{"damage":18.0,"enemies":"Snake Plant","floor":30.0,"turns":5.0},{"damage":5.0,"enemies":"Chosen and Byrds","floor":31.0,"turns":6.0},{"damage":61,"enemies":"Champ","floor":33,"turns":16}],"seed_played":"1165369421302220945","potions_obtained":[{"floor":5.0,"key":"SteroidPotion"},{"floor":8.0,"key":"LiquidBronze"},{"floor":16.0,"key":"Block Potion"},{"floor":21.0,"key":"GamblersBrew"},{"floor":28.0,"key":"Dexterity Potion"}],"is_trial":false,"path_per_floor":["M","T","$","?","M","R","?","M","T","R","?","M","R","M","R","B",null,"M","?","$","M","M","R","?","R","T","R","M","M","M","M","R","B"],"character_chosen":"THE_SILENT","items_purchased":["Snake Skull"],"campfire_rested":7,"item_purchase_floors":[20],"current_hp_per_floor":[57,57,57,24,24,45,45,44,44,65,65,56,56,42,63,34,61,38,22,22,16,10,31,31,52,52,70,69,58,40,35,56,0],"gold":282,"neow_bonus":"BOSS_RELIC","is_prod":false,"is_daily":false,"chose_seed":false,"campfire_upgraded":1,"win_rate":0,"timestamp":1546587513,"path_taken":["M","?","$","?","M","R","?","M","T","R","?","M","R","M","R","BOSS","M","?","$","M","M","R","?","R","T","R","M","?","M","M","R","BOSS"],"build_version":"2019-01-03v3","purchased_purges":0,"victory":false,"max_hp_per_floor":[70,70,70,70,70,70,70,70,70,70,70,70,70,70,70,70,70,70,70,70,70,70,70,70,70,70,70,70,70,70,70,70,70],"card_choices":[{"not_picked":["Prepared","Outmaneuver","Bouncing Flask"],"picked":"SKIP","floor":1.0},{"not_picked":["Dodge and Roll","Cloak And Dagger"],"picked":"Choke","floor":5.0},{"not_picked":["Well Laid Plans","Underhanded Strike"],"picked":"Dagger Spray","floor":8.0},{"not_picked":["Underhanded Strike","Dagger Throw"],"picked":"Noxious Fumes","floor":12.0},{"not_picked":["Outmaneuver","Bane"],"picked":"Blur","floor":14.0},{"not_picked":["Venomology","Doppelganger"],"picked":"Burst","floor":16.0},{"not_picked":["Flying Knee","Heel Hook+1"],"picked":"PiercingWail+1","floor":18.0},{"not_picked":["Poisoned Stab","Infinite Blades+1","Terror"],"picked":"SKIP","floor":21.0},{"not_picked":["Bouncing Flask","Quick Slash","Predator"],"picked":"SKIP","floor":22.0},{"not_picked":["Concentrate","Blade Dance+1"],"picked":"Leg Sweep+1","floor":28.0},{"not_picked":["Dagger Spray","Backflip","Eviscerate"],"picked":"SKIP","floor":29.0},{"not_picked":["Backflip","Blur","PiercingWail+1"],"picked":"SKIP","floor":30.0},{"not_picked":["Backflip","Blur"],"picked":"PiercingWail+1","floor":30.0},{"not_picked":["Slice+1","Dagger Spray+1","Quick Slash"],"picked":"SKIP","floor":31.0}],"player_experience":346390,"relics_obtained":[{"floor":2.0,"key":"Bottled Lightning"},{"floor":9.0,"key":"Whetstone"},{"floor":19.0,"key":"Nilry\u0027s Codex"},{"floor":26.0,"key":"Potion Belt"}],"event_choices":[{"damage_healed":0.0,"max_hp_gain":0.0,"max_hp_loss":0.0,"gold_gain":0.0,"event_name":"Scrap Ooze","player_choice":"Success","floor":4.0,"gold_loss":0.0,"damage_taken":33.0,"relics_obtained":["Orichalcum"]},{"damage_healed":0.0,"max_hp_gain":0.0,"max_hp_loss":0.0,"gold_gain":0.0,"event_name":"Dead Adventurer","player_choice":"Searched \u00270\u0027 times","floor":7.0,"gold_loss":0.0,"damage_taken":0.0},{"damage_healed":0.0,"max_hp_gain":0.0,"max_hp_loss":0.0,"gold_gain":0.0,"event_name":"Living Wall","player_choice":"Grow","floor":11.0,"gold_loss":0.0,"damage_taken":0.0,"cards_upgraded":["Neutralize"]},{"damage_healed":0.0,"max_hp_gain":0.0,"max_hp_loss":0.0,"gold_gain":0.0,"event_name":"Cursed Tome","player_choice":"Obtained Book","floor":19.0,"gold_loss":0.0,"damage_taken":16.0},{"damage_healed":0.0,"max_hp_gain":0.0,"max_hp_loss":0.0,"gold_gain":0.0,"event_name":"Wheel of Change","player_choice":"Cursed","floor":24.0,"gold_loss":0.0,"damage_taken":0.0,"cards_obtained":["Decay"]}],"is_beta":false,"boss_relics":[{"not_picked":["Runic Pyramid","Empty Cage"],"picked":"Fusion Hammer"}],"items_purged_floors":[],"is_endless":false,"potions_floor_spawned":[5,8,12,16,21,28],"killed_by":"Champ","ascension_level":11}