{"gold_per_floor":[112,187,187,201,20,55,55,55,55,68,94,112,122,139,139,241,241,251,251,251,152,67,67,85,105,105,105,120,120,20,48,48,149,149,163,174,174,274,274],"floor_reached":39,"playtime":2107,"items_purged":["Writhe","Strike_G"],"score":509,"play_id":"61dfbb86-68bb-4a6a-900c-fc7645f7e617","local_time":"20190217010633","is_ascension_mode":false,"campfire_choices":[{"floor":8,"key":"RECALL"},{"data":"Flechettes","floor":15,"key":"SMITH"},{"data":"Envenom","floor":23,"key":"SMITH"},{"data":"Caltrops","floor":27,"key":"SMITH"},{"floor":32,"key":"REST"}],"neow_cost":"NONE","seed_source_timestamp":996196047617247,"circlet_count":0,"master_deck":["Defend_G","Defend_G","Defend_G","Defend_G","Defend_G","Strike_G","Strike_G","Strike_G","Strike_G","Survivor","Neutralize+1","Flechettes+1","Deflect","Caltrops+1","PiercingWail","PiercingWail","Well Laid Plans","Backflip","Flechettes+1","Envenom+1","Cloak And Dagger","PiercingWail","PiercingWail","Blur","Distraction+1","Tools of the Trade"],"relics":["Ring of the Snake","PreservedInsect","Lantern","Bag of Marbles","Lizard Tail","Meat on the Bone","Shuriken","Matryoshka","Nloth\u0027s Gift","Calipers","Philosopher\u0027s Stone"],"potions_floor_usage":[16,16,33,39],"damage_taken":[{"damage":0,"enemies":"Jaw Worm","floor":1,"turns":1},{"damage":0,"enemies":"Small Slimes","floor":4,"turns":1},{"damage":0,"enemies":"Lagavulin","floor":6,"turns":1},{"damage":0,"enemies":"2 Louse","floor":10,"turns":2},{"damage":9,"enemies":"3 Sentries","floor":11,"turns":10},{"damage":0,"enemies":"2 Fungi Beasts","floor":12,"turns":3},{"damage":0,"enemies":"3 Louse","floor":13,"turns":2},{"damage":0,"enemies":"Exordium Thugs","floor":14,"turns":4},{"damage":0,"enemies":"Hexaghost","floor":16,"turns":10},{"damage":13,"enemies":"Spheric Guardian","floor":18,"turns":5},{"damage":0,"enemies":"3 Byrds","floor":24,"turns":3},{"damage":13,"enemies":"Shelled Parasite and Fungi","floor":25,"turns":9},{"damage":0,"enemies":"Snake Plant","floor":28,"turns":4},{"damage":17,"enemies":"Slavers","floor":31,"turns":6},{"damage":68,"enemies":"Champ","floor":33,"turns":19},{"damage":16,"enemies":"Orb Walker","floor":35,"turns":4},{"damage":45,"enemies":"3 Darklings","floor":36,"turns":7},{"damage":27,"enemies":"Maw","floor":39,"turns":9}],"seed_played":"-223198256727351134","potions_obtained":[{"floor":1,"key":"SpeedPotion"},{"floor":10,"key":"Weak Potion"},{"floor":11,"key":"PowerPotion"},{"floor":28,"key":"LiquidBronze"},{"floor":36,"key":"GamblersBrew"}],"is_trial":false,"path_per_floor":["M","?","?","M","$","E","?","R","T","M","E","M","M","M","R","B",null,"M","?","?","$","?","R","M","M","T","R","M","?","$","E","R","B",null,"M","M","?","?","M"],"character_chosen":"THE_SILENT","items_purchased":["PreservedInsect","Caltrops","PiercingWail"],"campfire_rested":1,"item_purchase_floors":[5,5,21],"current_hp_per_floor":[70,59,45,45,45,45,50,50,50,50,41,41,41,41,41,41,75,62,62,62,62,62,62,62,49,49,49,49,49,49,44,66,49,75,59,26,26,26,0],"gold":274,"neow_bonus":"THREE_ENEMY_KILL","is_prod":false,"is_daily":false,"chose_seed":false,"campfire_upgraded":3,"win_rate":0,"timestamp":1550383593,"path_taken":["M","?","?","M","$","E","?","R","T","M","E","M","?","M","R","BOSS","M","?","?","$","?","R","M","M","T","R","?","?","$","E","R","BOSS","M","?","?","?","?"],"build_version":"2019-01-23","purchased_purges":2,"victory":false,"max_hp_per_floor":[70,70,70,70,70,70,75,75,75,75,75,75,75,75,75,75,75,75,75,75,75,75,75,75,75,75,75,75,75,75,75,75,75,75,75,75,75,75,75],"card_choices":[{"not_picked":["Blade Dance","Backflip"],"picked":"Flechettes","floor":1},{"not_picked":["Sucker Punch","Dodge and Roll"],"picked":"Deflect","floor":4},{"not_picked":["Flying Knee","Riddle With Holes"],"picked":"PiercingWail","floor":6},{"not_picked":["Poisoned Stab","Dagger Spray"],"picked":"PiercingWail","floor":10},{"not_picked":["Tools of the Trade","Catalyst"],"picked":"Well Laid Plans","floor":11},{"not_picked":["Bane","Slice"],"picked":"Backflip","floor":12},{"not_picked":["Dagger Throw","Deadly Poison","Masterful Stab"],"picked":"SKIP","floor":13},{"not_picked":["Flying Knee","Riddle With Holes"],"picked":"Flechettes","floor":14},{"not_picked":["Doppelganger","Venomology"],"picked":"Envenom","floor":16},{"not_picked":["Outmaneuver","Dodge and Roll"],"picked":"Cloak And Dagger","floor":18},{"not_picked":["Endless Agony+1","Setup+1","Blade Dance"],"picked":"SKIP","floor":24},{"not_picked":["Underhanded Strike","Dash"],"picked":"Blur","floor":25},{"not_picked":["Dodge and Roll","Dagger Throw","Poisoned Stab"],"picked":"SKIP","floor":28},{"not_picked":["Acrobatics","Underhanded Strike"],"picked":"Distraction+1","floor":31},{"not_picked":["Die Die Die","Corpse Explosion"],"picked":"Tools of the Trade","floor":33},{"not_picked":["Heel Hook+1","Underhanded Strike+1","Quick Slash+1"],"picked":"SKIP","floor":35},{"not_picked":["Slice+1","Bane+1","Tactician"],"picked":"SKIP","floor":36}],"player_experience":175105,"relics_obtained":[{"floor":6,"key":"Lantern"},{"floor":11,"key":"Bag of Marbles"},{"floor":26,"key":"Matryoshka"},{"floor":31,"key":"Calipers"}],"event_choices":[{"damage_healed":0,"gold_gain":75,"player_choice":"Gather Gold","damage_taken":11,"max_hp_gain":0,"max_hp_loss":0,"event_name":"World of Goop","floor":2,"gold_loss":0},{"damage_healed":0,"gold_gain":0,"player_choice":"Entered Light","damage_taken":14,"max_hp_gain":0,"max_hp_loss":0,"event_name":"Shining Light","floor":3,"gold_loss":0,"cards_upgraded":["Neutralize","Flechettes"]},{"damage_healed":0,"gold_gain":0,"player_choice":"Donut","damage_taken":0,"max_hp_gain":5,"max_hp_loss":0,"event_name":"Big Fish","floor":7,"gold_loss":0},{"damage_healed":0,"gold_gain":0,"player_choice":"Read","damage_taken":0,"max_hp_gain":0,"max_hp_loss":0,"event_name":"The Library","floor":19,"gold_loss":0,"cards_obtained":["PiercingWail"]},{"damage_healed":0,"gold_gain":0,"player_choice":"Opened","damage_taken":0,"relics_obtained":["Meat on the Bone"],"max_hp_gain":0,"max_hp_loss":0,"event_name":"The Mausoleum","floor":20,"gold_loss":0,"cards_obtained":["Writhe"]},{"damage_healed":0,"gold_gain":0,"player_choice":"Obtained Relic","damage_taken":0,"relics_obtained":["Shuriken"],"max_hp_gain":0,"max_hp_loss":0,"event_name":"Addict","floor":22,"gold_loss":85},{"damage_healed":0,"gold_gain":0,"player_choice":"Traded Relic","damage_taken":0,"relics_obtained":["Nloth\u0027s Gift"],"max_hp_gain":0,"max_hp_loss":0,"event_name":"N\u0027loth","floor":29,"relics_lost":["NeowsBlessing"],"gold_loss":0},{"damage_healed":0,"gold_gain":0,"player_choice":"Ignored","damage_taken":0,"max_hp_gain":0,"max_hp_loss":0,"event_name":"Mysterious Sphere","floor":37,"gold_loss":0},{"damage_healed":0,"gold_gain":100,"player_choice":"Pray","damage_taken":0,"max_hp_gain":0,"max_hp_loss":0,"event_name":"Golden Shrine","floor":38,"gold_loss":0}],"is_beta":false,"boss_relics":[{"not_picked":["Ectoplasm","Orrery"],"picked":"Lizard Tail"},{"not_picked":["Coffee Dripper","Runic Dome"],"picked":"Philosopher\u0027s Stone"}],"items_purged_floors":[21,30],"is_endless":false,"potions_floor_spawned":[1,10,11,13,28,36],"killed_by":"Maw","ascension_level":0}