{"gold_per_floor":[115,134,84,84,98,128,128,152,152,169,12,37,37,212,212,310,310,310,310,310,235,235,235,235,235,235,235,235,235,235,235,235,235,235,235,0,0,0,0,0,0,0,0,0,0,0,0,0,0,0],"floor_reached":51,"playtime":4520,"items_purged":["Doubt"],"score":983,"play_id":"2a0d88d5-ef7e-45c7-b3a0-f8e8fc096c2c","local_time":"20190123032248","is_ascension_mode":true,"campfire_choices":[{"floor":7,"key":"REST"},{"floor":15,"key":"REST"},{"floor":23,"key":"REST"},{"floor":29,"key":"REST"},{"floor":32,"key":"REST"},{"floor":40,"key":"REST"},{"floor":49,"key":"REST"}],"neow_cost":"NONE","seed_source_timestamp":914740015347285,"circlet_count":0,"master_deck":["Defend_R","Defend_R","Defend_R","Bash","Shrug It Off","Clothesline","Armaments","Metallicize","Flame Barrier","Thunderclap+1","Shrug It Off","Bloodletting","Juggernaut","Clash+1","Pommel Strike","Discovery","Swift Strike","Spot Weakness","Bite","Bite","Bite+1","Bite","Bite","Flex+1","Necronomicurse","Immolate","Feed","Cleave","Heavy Blade","Flex+1","Heavy Blade+1","Whirlwind+1","Warcry+1","Seeing Red+1"],"relics":["Burning Blood","Darkstone Periapt","Red Skull","Odd Mushroom","Vajra","Strawberry","Ancient Tea Set","Ectoplasm","Singing Bowl","Prayer Wheel","Pear","Necronomicon","Question Card","Lizard Tail","Red Mask","Thread and Needle","GremlinMask","Whetstone","Letter Opener","Bottled Flame","MawBank"],"potions_floor_usage":[6,16,16,25,28,31,33,41,44,46,50],"damage_taken":[{"damage":1,"enemies":"2 Louse","floor":1,"turns":3},{"damage":0,"enemies":"Small Slimes","floor":2,"turns":3},{"damage":4,"enemies":"Cultist","floor":5,"turns":3},{"damage":39,"enemies":"3 Sentries","floor":6,"turns":11},{"damage":30,"enemies":"The Mushroom Lair","floor":8,"turns":7},{"damage":0,"enemies":"Exordium Thugs","floor":10,"turns":5},{"damage":15,"enemies":"Gremlin Nob","floor":12,"turns":4},{"damage":72,"enemies":"Slime Boss","floor":16,"turns":19},{"damage":7,"enemies":"Shell Parasite","floor":18,"turns":5},{"damage":14,"enemies":"Chosen","floor":19,"turns":5},{"damage":17,"enemies":"Snake Plant","floor":22,"turns":4},{"damage":32,"enemies":"Centurion and Healer","floor":25,"turns":4},{"damage":25,"enemies":"Colosseum Slavers","floor":28,"turns":3},{"damage":7,"enemies":"Colosseum Nobs","floor":28,"turns":4},{"damage":25,"enemies":"Slavers","floor":31,"turns":6},{"damage":83,"enemies":"Champ","floor":33,"turns":9},{"damage":49,"enemies":"3 Darklings","floor":35,"turns":5},{"damage":65,"enemies":"2 Orb Walkers","floor":37,"turns":5},{"damage":3,"enemies":"3 Shapes","floor":39,"turns":2},{"damage":5,"enemies":"Maw","floor":41,"turns":6},{"damage":43,"enemies":"Nemesis","floor":42,"turns":7},{"damage":51,"enemies":"Reptomancer","floor":44,"turns":8},{"damage":16,"enemies":"Sphere and 2 Shapes","floor":45,"turns":1},{"damage":17,"enemies":"Nemesis","floor":46,"turns":5},{"damage":36,"enemies":"Spire Growth","floor":47,"turns":4},{"damage":35,"enemies":"Donu and Deca","floor":50,"turns":5}],"seed_played":"-6809278569822074404","potions_obtained":[{"floor":2,"key":"SteroidPotion"},{"floor":8,"key":"Explosive Potion"},{"floor":12,"key":"Block Potion"},{"floor":18,"key":"Poison Potion"},{"floor":22,"key":"SpeedPotion"},{"floor":25,"key":"Explosive Potion"},{"floor":31,"key":"FearPotion"},{"floor":37,"key":"Ancient Potion"},{"floor":39,"key":"Regen Potion"},{"floor":42,"key":"SkillPotion"},{"floor":44,"key":"Swift Potion"}],"is_trial":false,"path_per_floor":["M","M","?","?","M","E","R","?","T","M","$","E","?","?","R","B",null,"M","M","?","$","M","R","T","M","T","?","?","R","?","E","R","B",null,"M","?","?","?","M","R","M","E","T","E","M","E","M","?","R","B",null],"character_chosen":"IRONCLAD","items_purchased":["Strawberry"],"campfire_rested":7,"item_purchase_floors":[11],"current_hp_per_floor":[88,88,88,76,78,45,71,47,47,53,60,51,51,57,87,21,101,100,92,62,62,51,81,81,57,57,57,63,96,86,80,115,61,117,82,82,33,33,36,72,103,82,82,46,38,37,20,22,63,40],"gold":0,"neow_bonus":"TEN_PERCENT_HP_BONUS","is_prod":false,"is_daily":false,"chose_seed":false,"campfire_upgraded":0,"win_rate":0,"timestamp":1548242568,"path_taken":["M","M","?","?","M","E","R","?","T","M","?","E","?","?","R","BOSS","M","M","?","$","?","R","?","M","T","?","?","R","?","E","R","BOSS","M","?","?","?","?","R","M","E","T","E","M","E","M","?","R","BOSS"],"build_version":"2019-01-17v2","purchased_purges":1,"victory":true,"max_hp_per_floor":[88,88,88,88,88,88,88,88,88,88,95,95,95,101,101,101,101,101,101,101,101,101,101,101,101,101,101,111,111,117,117,117,117,117,119,119,122,122,122,122,126,128,128,128,130,133,137,139,139,142],"card_choices":[{"not_picked":["Wild Strike","Hemokinesis"],"picked":"Shrug It Off","floor":1},{"not_picked":["Blood for Blood","Headbutt"],"picked":"Clothesline","floor":2},{"not_picked":["Warcry","Clothesline"],"picked":"Armaments","floor":5},{"not_picked":["Perfected Strike","Pommel Strike"],"picked":"Metallicize","floor":6},{"not_picked":["Intimidate","Bludgeon"],"picked":"Flame Barrier","floor":8},{"not_picked":["Shockwave","Perfected Strike"],"picked":"Thunderclap","floor":10},{"not_picked":["Sword Boomerang","Evolve"],"picked":"Shrug It Off","floor":12},{"not_picked":["Reaper","Exhume"],"picked":"Juggernaut","floor":16},{"not_picked":["Disarm+1","Carnage"],"picked":"Clash+1","floor":18},{"not_picked":["Entrench","Sword Boomerang"],"picked":"Pommel Strike","floor":19},{"not_picked":["Combust+1","Flex"],"picked":"Spot Weakness","floor":22},{"not_picked":["Anger","Headbutt+1","Uppercut"],"picked":"SKIP","floor":25},{"not_picked":["Anger","Headbutt"],"picked":"Flex+1","floor":28},{"not_picked":["Perfected Strike","Disarm"],"picked":"Immolate","floor":31},{"not_picked":["Offering","Impervious","Dark Embrace"],"picked":"Feed","floor":33},{"not_picked":["Pommel Strike","Anger+1","Blood for Blood+1","Clothesline+1"],"picked":"Singing Bowl","floor":35},{"not_picked":["Corruption","Flex","Feed"],"picked":"Cleave","floor":35},{"not_picked":["Sentinel+1","Cleave+1","Wild Strike+1"],"picked":"Heavy Blade","floor":37},{"not_picked":["Sever Soul+1","Warcry+1","Sentinel+1"],"picked":"Flex+1","floor":39},{"not_picked":["Sword Boomerang","Headbutt","Carnage+1"],"picked":"Heavy Blade+1","floor":39},{"not_picked":["Heavy Blade","Shrug It Off+1","Wild Strike","Thunderclap"],"picked":"Singing Bowl","floor":41},{"not_picked":["Wild Strike+1","Pommel Strike","Twin Strike+1","Flex"],"picked":"Singing Bowl","floor":41},{"not_picked":["Clothesline+1","Impervious","Shrug It Off+1","Wild Strike+1"],"picked":"Singing Bowl","floor":42},{"not_picked":["Pommel Strike+1","Thunderclap","Ghostly Armor"],"picked":"Whirlwind+1","floor":44},{"not_picked":["Fiend Fire","Cleave+1","Armaments"],"picked":"Warcry+1","floor":45},{"not_picked":["Fire Breathing","Corruption","Cleave","Flex"],"picked":"Singing Bowl","floor":45},{"not_picked":["Whirlwind","Dual Wield","Burning Pact"],"picked":"Seeing Red+1","floor":46},{"not_picked":["Iron Wave","Warcry+1","Uppercut+1","Body Slam"],"picked":"Singing Bowl","floor":47},{"not_picked":["Warcry+1","Sentinel","Pommel Strike","Hemokinesis"],"picked":"Singing Bowl","floor":47},{"not_picked":["Impatience","Thinking Ahead","Discovery","Sadistic Nature"],"picked":"Singing Bowl","floor":48}],"player_experience":211434,"relics_obtained":[{"floor":6,"key":"Red Skull"},{"floor":8,"key":"Odd Mushroom"},{"floor":9,"key":"Vajra"},{"floor":12,"key":"Ancient Tea Set"},{"floor":24,"key":"Blood Vial"},{"floor":26,"key":"Singing Bowl"},{"floor":28,"key":"Prayer Wheel"},{"floor":28,"key":"Pear"},{"floor":30,"key":"Necronomicon"},{"floor":31,"key":"Question Card"},{"floor":37,"key":"Thread and Needle"},{"floor":42,"key":"Whetstone"},{"floor":43,"key":"Letter Opener"},{"floor":44,"key":"Bottled Flame"},{"floor":46,"key":"MawBank"}],"event_choices":[{"cards_removed":["Defend_R"],"damage_healed":0,"gold_gain":0,"player_choice":"Card Removal","damage_taken":0,"max_hp_gain":0,"max_hp_loss":0,"event_name":"The Cleric","floor":3,"gold_loss":50},{"damage_healed":0,"gold_gain":0,"player_choice":"Success","damage_taken":12,"relics_obtained":["Darkstone Periapt"],"max_hp_gain":0,"max_hp_loss":0,"event_name":"Scrap Ooze","floor":4,"gold_loss":0},{"damage_healed":0,"gold_gain":0,"player_choice":"Fought Mushrooms","damage_taken":0,"max_hp_gain":0,"max_hp_loss":0,"event_name":"Mushrooms","floor":8,"gold_loss":0},{"damage_healed":0,"gold_gain":0,"cards_transformed":["Strike_R"],"player_choice":"Change","damage_taken":0,"max_hp_gain":0,"max_hp_loss":0,"event_name":"Living Wall","floor":13,"gold_loss":0,"cards_obtained":["Bloodletting"]},{"damage_healed":0,"gold_gain":175,"player_choice":"AGREE","damage_taken":0,"max_hp_gain":0,"max_hp_loss":0,"event_name":"Liars Game","floor":14,"gold_loss":0,"cards_obtained":["Doubt"]},{"damage_healed":0,"gold_gain":0,"player_choice":"CARD CARD ","damage_taken":30,"max_hp_gain":0,"max_hp_loss":0,"event_name":"Knowing Skull","floor":20,"potions_obtained":[],"gold_loss":0,"cards_obtained":["Discovery","Swift Strike"]},{"damage_healed":0,"gold_gain":0,"player_choice":"Became a vampire (Vial)","damage_taken":0,"max_hp_gain":0,"max_hp_loss":0,"event_name":"Vampires","floor":27,"relics_lost":["Blood Vial"],"gold_loss":0,"cards_obtained":["Bite","Bite","Bite","Bite","Bite"]},{"damage_healed":0,"gold_gain":0,"player_choice":"Fight","damage_taken":0,"max_hp_gain":0,"max_hp_loss":0,"event_name":"Colosseum","floor":28,"gold_loss":0},{"damage_healed":0,"gold_gain":0,"player_choice":"Fought Nobs","damage_taken":0,"max_hp_gain":0,"max_hp_loss":0,"event_name":"Colosseum","floor":28,"gold_loss":0},{"damage_healed":0,"gold_gain":0,"player_choice":"Obtained Book","damage_taken":16,"max_hp_gain":0,"max_hp_loss":0,"event_name":"Cursed Tome","floor":30,"gold_loss":0},{"damage_healed":0,"gold_gain":0,"player_choice":"Paid","damage_taken":0,"relics_obtained":["Red Mask"],"max_hp_gain":0,"max_hp_loss":0,"event_name":"Tomb of Lord Red Mask","floor":36,"gold_loss":235},{"damage_healed":0,"gold_gain":0,"player_choice":"Fight","damage_taken":0,"max_hp_gain":0,"max_hp_loss":0,"event_name":"Mysterious Sphere","floor":37,"gold_loss":0},{"damage_healed":0,"gold_gain":0,"player_choice":"Trade","damage_taken":0,"relics_obtained":["GremlinMask"],"max_hp_gain":0,"max_hp_loss":0,"event_name":"FaceTrader","floor":38,"gold_loss":0},{"damage_healed":0,"gold_gain":0,"player_choice":"Memory 1","damage_taken":0,"max_hp_gain":0,"max_hp_loss":0,"event_name":"SensoryStone","floor":48,"gold_loss":0}],"is_beta":false,"boss_relics":[{"not_picked":["Tiny House","Orrery"],"picked":"Ectoplasm"},{"not_picked":["Coffee Dripper","Eternal Feather"],"picked":"Lizard Tail"}],"items_purged_floors":[21],"is_endless":false,"potions_floor_spawned":[2,8,12,18,22,25,31,37,39,42,44],"ascension_level":4}