{"gold_per_floor":[114,114,114,134,84,84,109,109,135,135,162,181,181,181,181,306,306,330,76,76,96,96,96,119,119,119,144,108,122,152,177,177,300,300,318,342,312,331,331],"floor_reached":39,"playtime":2189,"items_purged":[],"score":467,"play_id":"006e16a9-393e-4ee1-b7f4-72135717d34e","local_time":"20190131015829","is_ascension_mode":true,"campfire_choices":[{"floor":6,"key":"REST"},{"floor":8,"key":"REST"},{"data":"1","floor":10,"key":"LIFT"},{"data":"2","floor":13,"key":"LIFT"},{"floor":15,"key":"REST"},{"floor":23,"key":"REST"},{"data":"3","floor":25,"key":"LIFT"},{"floor":32,"key":"REST"}],"neow_cost":"PERCENT_DAMAGE","seed_source_timestamp":1603230294420495,"circlet_count":0,"master_deck":["Strike_B+1","Strike_B","Strike_B+1","Defend_B","Defend_B","Zap","Dualcast","Rip and Tear","Loop","Leap","Cold Snap+1","Cold Snap+1","Biased Cognition","Stack+1","Sweeping Beam+1","Writhe","Rip and Tear+1","Pain","Defragment+1","Hello World","Sweeping Beam+1","Injury","Self Repair","Buffer","Compile Driver+1","Barrage+1","Go for the Eyes+1"],"relics":["Cracked Core","Girya","Bottled Flame","Whetstone","Molten Egg 2","Golden Idol","Cursed Key","Bottled Tornado","Art of War","Centennial Puzzle","Tiny Chest","Inserter"],"potions_floor_usage":[16,16,29,33,33,33,38],"damage_taken":[{"damage":3,"enemies":"2 Louse","floor":1,"turns":4},{"damage":1,"enemies":"Cultist","floor":4,"turns":3},{"damage":30,"enemies":"3 Sentries","floor":7,"turns":6},{"damage":26,"enemies":"Lagavulin","floor":11,"turns":5},{"damage":0,"enemies":"Small Slimes","floor":12,"turns":2},{"damage":22,"enemies":"The Guardian","floor":16,"turns":10},{"damage":13,"enemies":"3 Byrds","floor":18,"turns":4},{"damage":17,"enemies":"2 Thieves","floor":21,"turns":3},{"damage":22,"enemies":"Snake Plant","floor":24,"turns":3},{"damage":3,"enemies":"Snecko","floor":27,"turns":4},{"damage":21,"enemies":"Centurion and Healer","floor":29,"turns":3},{"damage":8,"enemies":"3 Cultists","floor":31,"turns":3},{"damage":31,"enemies":"Automaton","floor":33,"turns":11},{"damage":39,"enemies":"3 Darklings","floor":35,"turns":6},{"damage":17,"enemies":"Orb Walker","floor":36,"turns":3},{"damage":9,"enemies":"Maw","floor":38,"turns":6},{"damage":24,"enemies":"4 Shapes","floor":39,"turns":1}],"seed_played":"7975967660410837939","potions_obtained":[{"floor":1,"key":"SpeedPotion"},{"floor":7,"key":"LiquidBronze"},{"floor":18,"key":"Energy Potion"},{"floor":27,"key":"LiquidBronze"},{"floor":29,"key":"GamblersBrew"},{"floor":31,"key":"Fire Potion"},{"floor":35,"key":"Explosive Potion"},{"floor":37,"key":"SpeedPotion"},{"floor":37,"key":"PowerPotion"}],"is_trial":false,"path_per_floor":["M","?","$","M","?","R","E","R","T","R","E","M","R","?","R","B",null,"M","$","?","M","?","R","M","R","T","M","$","M","T","M","R","B",null,"M","M","?","M","M"],"character_chosen":"DEFECT","items_purchased":["Bottled Tornado","Hello World"],"campfire_rested":5,"item_purchase_floors":[19,28],"current_hp_per_floor":[51,51,51,50,50,72,42,64,64,64,38,38,38,20,42,20,75,62,62,62,45,45,67,45,45,45,42,42,21,21,13,35,11,75,43,26,26,24,0],"gold":331,"neow_bonus":"ONE_RARE_RELIC","is_prod":false,"is_daily":false,"chose_seed":false,"campfire_upgraded":0,"win_rate":0,"timestamp":1548928709,"path_taken":["M","?","$","?","?","R","E","R","T","R","E","M","R","?","R","BOSS","M","$","?","M","?","R","M","R","T","M","?","M","?","M","R","BOSS","M","M","?","?","?"],"build_version":"2019-01-23","purchased_purges":0,"victory":false,"max_hp_per_floor":[75,75,75,75,75,75,75,75,75,75,75,75,75,75,75,75,75,75,75,75,75,75,75,75,75,75,75,75,75,75,75,75,75,75,75,75,75,75,75],"card_choices":[{"not_picked":["Streamline","Auto Shields"],"picked":"Rip and Tear","floor":1},{"not_picked":["Sweeping Beam","Gash"],"picked":"Loop","floor":4},{"not_picked":["Beam Cell","Undo"],"picked":"Leap","floor":7},{"not_picked":["Meteor Strike","Glacier"],"picked":"Cold Snap","floor":11},{"not_picked":["Stack","Beam Cell+1"],"picked":"Cold Snap+1","floor":12},{"not_picked":["All For One+1","Seek"],"picked":"Biased Cognition","floor":16},{"not_picked":["Storm","Compile Driver+1"],"picked":"Stack+1","floor":18},{"not_picked":["Barrage+1","Force Field"],"picked":"Sweeping Beam+1","floor":21},{"not_picked":["Steam","Barrage+1"],"picked":"Rip and Tear+1","floor":24},{"not_picked":["Doom and Gloom+1","Gash+1"],"picked":"Defragment+1","floor":27},{"not_picked":["Fusion+1","Skim"],"picked":"Sweeping Beam+1","floor":29},{"not_picked":["Cold Snap+1","Compile Driver+1"],"picked":"Self Repair","floor":31},{"not_picked":["Seek","Hyperbeam+1"],"picked":"Buffer","floor":33},{"not_picked":["Capacitor","Cold Snap+1"],"picked":"Compile Driver+1","floor":35},{"not_picked":["Streamline+1","White Noise"],"picked":"Barrage+1","floor":36},{"not_picked":["Rebound+1","Cold Snap+1"],"picked":"Go for the Eyes+1","floor":38}],"player_experience":237827,"relics_obtained":[{"floor":7,"key":"Bottled Flame"},{"floor":9,"key":"Whetstone"},{"floor":11,"key":"Molten Egg 2"},{"floor":26,"key":"Centennial Puzzle"},{"floor":30,"key":"Tiny Chest"}],"event_choices":[{"cards_removed":["Defend_B"],"damage_healed":0,"gold_gain":0,"player_choice":"Purged","damage_taken":0,"max_hp_gain":0,"max_hp_loss":0,"event_name":"Purifier","floor":2,"gold_loss":0},{"cards_removed":["Strike_B"],"damage_healed":0,"gold_gain":0,"player_choice":"Card Removal","damage_taken":0,"max_hp_gain":0,"max_hp_loss":0,"event_name":"The Cleric","floor":5,"gold_loss":50},{"damage_healed":0,"gold_gain":0,"player_choice":"Take Damage","damage_taken":18,"relics_obtained":["Golden Idol"],"max_hp_gain":0,"max_hp_loss":0,"event_name":"Golden Idol","floor":14,"gold_loss":0},{"cards_removed":["Defend_B"],"damage_healed":0,"gold_gain":0,"player_choice":"Elegance","damage_taken":0,"max_hp_gain":0,"max_hp_loss":0,"event_name":"Back to Basics","floor":20,"gold_loss":0},{"damage_healed":0,"gold_gain":0,"player_choice":"Opened","damage_taken":0,"relics_obtained":["Art of War"],"max_hp_gain":0,"max_hp_loss":0,"event_name":"The Mausoleum","floor":22,"gold_loss":0,"cards_obtained":["Writhe"]},{"damage_healed":0,"gold_gain":0,"player_choice":"Bought 2 Potions","damage_taken":0,"max_hp_gain":0,"max_hp_loss":0,"event_name":"The Woman in Blue","floor":37,"gold_loss":0}],"is_beta":false,"boss_relics":[{"not_picked":["FrozenCore","Pandora\u0027s Box"],"picked":"Cursed Key"},{"not_picked":["White Beast Statue","Lizard Tail"],"picked":"Inserter"}],"items_purged_floors":[],"is_endless":false,"potions_floor_spawned":[1,7,18,27,29,31,35],"killed_by":"4 Shapes","ascension_level":4}