{"gold_per_floor":[111,128,178,32,32,32,47,60,60,76,110,125,139,164,164,266,266,285,200,210,210,230,556,570,585,585,585,601,629,629,656,656,761,761,780,46,146,146,158,187,187,217,287,287,91,91,111,111,111,111],"floor_reached":51,"playtime":2859,"items_purged":["Strike_G","Strike_G"],"score":901,"play_id":"ad1a0817-350c-48f6-a216-71aeab0d28f8","local_time":"20181201160804","is_ascension_mode":false,"campfire_choices":[{"data":"Neutralize","floor":6.0,"key":"SMITH"},{"data":"Blade Dance","floor":15.0,"key":"SMITH"},{"floor":27.0,"key":"REST"},{"floor":32.0,"key":"REST"},{"data":"Decay","floor":41.0,"key":"PURGE"},{"data":"Envenom","floor":46,"key":"SMITH"},{"floor":49,"key":"REST"}],"neow_cost":"NONE","seed_source_timestamp":0,"circlet_count":0,"master_deck":["Defend_G","Defend_G","Defend_G+1","Defend_G+1","Defend_G","Strike_G","Strike_G","Survivor","Neutralize+1","Slice","Flying Knee","Blade Dance+1","Slice","Backstab","Finisher+1","Die Die Die+1","Slice+1","Sucker Punch+1","Quick Slash+1","Envenom+1","Backflip+1","Slice+1","Dagger Spray+1","Choke+1","Noxious Fumes+1","Dagger Spray+1","A Thousand Cuts","Infinite Blades+1","Choke+1","Master of Strategy","Escape Plan","Expertise+1","Backstab+1","Blade Dance+1","Riddle With Holes+1","Slice+1"],"special_seed":0,"relics":["Ring of the Snake","Orichalcum","Molten Egg 2","Anchor","Shuriken","Black Star","Ancient Tea Set","Old Coin","FossilizedHelix","Juzu Bracelet","Snake Skull","War Paint","Question Card","Meat on the Bone","Ornamental Fan","Empty Cage","Medical Kit","Lantern","Pen Nib","Peace Pipe","Vajra","Boot","Centennial Puzzle","Dream Catcher","Darkstone Periapt","Spirit Poop"],"potions_floor_usage":[50],"damage_taken":[{"damage":0.0,"enemies":"Cultist","floor":1.0,"turns":4.0},{"damage":1.0,"enemies":"Jaw Worm","floor":2.0,"turns":7.0},{"damage":0.0,"enemies":"2 Louse","floor":7.0,"turns":2.0},{"damage":0.0,"enemies":"Red Slaver","floor":8.0,"turns":4.0},{"damage":1.0,"enemies":"Gremlin Gang","floor":10.0,"turns":4.0},{"damage":0.0,"enemies":"Gremlin Nob","floor":11.0,"turns":2.0},{"damage":0.0,"enemies":"Looter","floor":12.0,"turns":2.0},{"damage":0.0,"enemies":"Red Slaver","floor":13.0,"turns":1.0},{"damage":3.0,"enemies":"3 Sentries","floor":14.0,"turns":3.0},{"damage":5.0,"enemies":"Slime Boss","floor":16.0,"turns":7.0},{"damage":0.0,"enemies":"Chosen","floor":18.0,"turns":3.0},{"damage":11.0,"enemies":"2 Thieves","floor":20.0,"turns":3.0},{"damage":15.0,"enemies":"Snake Plant","floor":22.0,"turns":4.0},{"damage":18.0,"enemies":"Slavers","floor":23.0,"turns":4.0},{"damage":0.0,"enemies":"Chosen and Byrds","floor":24.0,"turns":3.0},{"damage":0.0,"enemies":"Snecko","floor":25.0,"turns":4.0},{"damage":5.0,"enemies":"Snake Plant","floor":28.0,"turns":4.0},{"damage":8.0,"enemies":"Book of Stabbing","floor":29.0,"turns":4.0},{"damage":24.0,"enemies":"Slavers","floor":31.0,"turns":4.0},{"damage":22.0,"enemies":"Champ","floor":33.0,"turns":7.0},{"damage":12.0,"enemies":"3 Darklings","floor":35.0,"turns":4.0},{"damage":13.0,"enemies":"Mind Bloom Boss Battle","floor":37.0,"turns":5.0},{"damage":0.0,"enemies":"3 Shapes","floor":39.0,"turns":2.0},{"damage":9.0,"enemies":"Reptomancer","floor":40.0,"turns":4.0},{"damage":35.0,"enemies":"Nemesis","floor":42.0,"turns":5.0},{"damage":20,"enemies":"Spire Growth","floor":47,"turns":4},{"damage":52,"enemies":"Awakened One","floor":50,"turns":7}],"seed_played":"9210579144710507413","potions_obtained":[{"floor":2.0,"key":"PowerPotion"},{"floor":7.0,"key":"Fire Potion"},{"floor":11.0,"key":"Regen Potion"},{"floor":18.0,"key":"Block Potion"},{"floor":21.0,"key":"Strength Potion"},{"floor":21.0,"key":"EssenceOfSteel"},{"floor":22.0,"key":"FairyPotion"},{"floor":23.0,"key":"Block Potion"},{"floor":28.0,"key":"Strength Potion"},{"floor":29.0,"key":"SkillPotion"},{"floor":37.0,"key":"Ancient Potion"},{"floor":47,"key":"GhostInAJar"}],"is_trial":false,"path_per_floor":["M","M","T","$","?","R","M","M","T","M","E","M","M","E","R","B",null,"M","?","M","?","M","E","M","M","T","R","M","E","?","E","R","B",null,"M","$","?","?","M","E","R","E","T","?","$","R","M","?","R","B",null],"character_chosen":"THE_SILENT","items_purchased":["Blade Dance","Slice","Choke+1","Medical Kit","Lantern","Pen Nib","Master of Strategy","FairyPotion"],"campfire_rested":3,"item_purchase_floors":[4,4,36,36,36,36,36,45],"current_hp_per_floor":[77,76,76,76,76,76,76,76,76,75,75,75,75,72,72,67,77,77,77,66,66,51,33,33,33,33,56,51,43,43,19,42,32,77,65,65,52,52,52,43,43,20,20,45,45,45,37,37,61,21],"gold":111,"neow_bonus":"TEN_PERCENT_HP_BONUS","is_prod":false,"is_daily":false,"chose_seed":false,"campfire_upgraded":3,"win_rate":0.0,"timestamp":1543676884,"path_taken":["M","M","?","$","?","R","M","M","T","M","E","M","?","E","R","BOSS","M","?","M","?","?","E","M","M","T","R","M","E","?","E","R","BOSS","M","$","?","?","M","E","R","E","T","?","$","R","M","?","R","BOSS"],"build_version":"2018-11-15","purchased_purges":2,"victory":true,"max_hp_per_floor":[77,77,77,77,77,77,77,77,77,77,77,77,77,77,77,77,77,77,77,77,77,77,77,77,77,77,77,77,77,77,77,77,77,77,77,77,77,77,77,77,77,77,77,83,83,83,83,83,83,83],"card_choices":[{"not_picked":["Deadly Poison","Prepared"],"picked":"Slice","floor":1.0},{"not_picked":["Slice","Terror"],"picked":"Flying Knee","floor":2.0},{"not_picked":["Dodge and Roll","Deadly Poison","Calculated Gamble"],"picked":"SKIP","floor":7.0},{"not_picked":["Outmaneuver","Blur"],"picked":"Backstab","floor":8.0},{"not_picked":["Deadly Poison","PiercingWail"],"picked":"Finisher+1","floor":10.0},{"not_picked":["All Out Attack+1","Escape Plan"],"picked":"Die Die Die+1","floor":11.0},{"not_picked":["Dash+1","Leg Sweep"],"picked":"Slice+1","floor":12.0},{"not_picked":["Deflect","Choke+1"],"picked":"Sucker Punch+1","floor":13.0},{"not_picked":["Caltrops","Slice+1"],"picked":"Quick Slash+1","floor":14.0},{"not_picked":["Bullet Time","Night Terror"],"picked":"Envenom","floor":16.0},{"not_picked":["Predator+1","Dagger Spray+1"],"picked":"Backflip+1","floor":18.0},{"not_picked":["Quick Slash+1","Deflect"],"picked":"Slice+1","floor":20.0},{"not_picked":["Reflex","Acrobatics"],"picked":"Dagger Spray+1","floor":22.0},{"not_picked":["Outmaneuver","Underhanded Strike+1"],"picked":"Choke+1","floor":23.0},{"not_picked":["Doppelganger","Outmaneuver+1"],"picked":"Noxious Fumes+1","floor":24.0},{"not_picked":["Bouncing Flask","Outmaneuver+1"],"picked":"Dagger Spray+1","floor":25.0},{"not_picked":["Masterful Stab+1","Dodge and Roll+1","PiercingWail"],"picked":"SKIP","floor":28.0},{"not_picked":["Noxious Fumes","Dodge and Roll+1","Quick Slash+1"],"picked":"SKIP","floor":29.0},{"not_picked":["Dash+1","Well Laid Plans","Eviscerate+1","Reflex"],"picked":"SKIP","floor":31.0},{"not_picked":["After Image","Phantasmal Killer","Malaise"],"picked":"A Thousand Cuts","floor":33.0},{"not_picked":["Deadly Poison+1","Bouncing Flask","Backstab+1"],"picked":"Infinite Blades+1","floor":35.0},{"not_picked":["Outmaneuver+1","Deadly Poison+1","Acrobatics"],"picked":"Escape Plan","floor":37.0},{"not_picked":["Leg Sweep+1","Dagger Throw+1","Prepared"],"picked":"Expertise+1","floor":39.0},{"not_picked":["Blur","Tactician+1","Caltrops"],"picked":"Backstab+1","floor":40.0},{"not_picked":["Wraith Form v2","Deflect+1","Well Laid Plans+1"],"picked":"Blade Dance+1","floor":42.0},{"not_picked":["PiercingWail","Deadly Poison+1","Noxious Fumes"],"picked":"Riddle With Holes+1","floor":47},{"not_picked":["Dash+1","Sucker Punch+1","Deflect"],"picked":"Slice+1","floor":49}],"player_experience":1463,"relics_obtained":[{"floor":3.0,"key":"Orichalcum"},{"floor":9.0,"key":"Molten Egg 2"},{"floor":11.0,"key":"Anchor"},{"floor":14.0,"key":"Shuriken"},{"floor":23.0,"key":"Old Coin"},{"floor":23.0,"key":"FossilizedHelix"},{"floor":26.0,"key":"Juzu Bracelet"},{"floor":29.0,"key":"Snake Skull"},{"floor":29.0,"key":"War Paint"},{"floor":31.0,"key":"Meat on the Bone"},{"floor":31.0,"key":"Ornamental Fan"},{"floor":37.0,"key":"Peace Pipe"},{"floor":40.0,"key":"Vajra"},{"floor":40.0,"key":"Boot"},{"floor":42.0,"key":"Centennial Puzzle"},{"floor":42.0,"key":"Dream Catcher"},{"floor":43.0,"key":"Darkstone Periapt"}],"event_choices":[{"damage_healed":0.0,"max_hp_gain":0.0,"max_hp_loss":0.0,"gold_gain":0.0,"event_name":"NoteForYourself","player_choice":"Ignored","floor":5.0,"gold_loss":0.0,"damage_taken":0.0},{"damage_healed":0.0,"max_hp_gain":0.0,"max_hp_loss":0.0,"gold_gain":0.0,"event_name":"Addict","player_choice":"Obtained Relic","floor":19.0,"gold_loss":85.0,"damage_taken":0.0,"relics_obtained":["Ancient Tea Set"]},{"damage_healed":0.0,"max_hp_gain":0.0,"max_hp_loss":0.0,"gold_gain":0.0,"event_name":"Lab","player_choice":"Got Potions","floor":21.0,"gold_loss":0.0,"damage_taken":0.0},{"damage_healed":0.0,"max_hp_gain":0.0,"max_hp_loss":0.0,"gold_gain":0.0,"event_name":"The Mausoleum","player_choice":"Opened","floor":30.0,"gold_loss":0.0,"damage_taken":0.0,"relics_obtained":["Question Card"],"cards_obtained":["Writhe"]},{"damage_healed":0.0,"max_hp_gain":0.0,"max_hp_loss":0.0,"gold_gain":0.0,"event_name":"MindBloom","player_choice":"Fight","floor":37.0,"gold_loss":0.0,"damage_taken":0.0},{"damage_healed":0.0,"max_hp_gain":0.0,"max_hp_loss":0.0,"gold_gain":0.0,"event_name":"Wheel of Change","player_choice":"Cursed","floor":38.0,"gold_loss":0.0,"damage_taken":0.0,"cards_obtained":["Decay"]},{"damage_healed":19.0,"max_hp_gain":0.0,"max_hp_loss":0.0,"gold_gain":0.0,"event_name":"Winding Halls","player_choice":"Writhe","floor":44.0,"gold_loss":0.0,"damage_taken":0.0,"cards_obtained":["Writhe"]},{"cards_removed":["Writhe"],"damage_healed":0,"gold_gain":0,"player_choice":"Offered Curse","damage_taken":0,"relics_obtained":["Spirit Poop"],"max_hp_gain":0,"max_hp_loss":0,"event_name":"Bonfire Elementals","floor":48,"gold_loss":0}],"is_beta":true,"boss_relics":[{"not_picked":["Fusion Hammer","Eternal Feather"],"picked":"Black Star"},{"not_picked":["Astrolabe","White Beast Statue"],"picked":"Empty Cage"}],"items_purged_floors":[4,45],"is_endless":false,"potions_floor_spawned":[2,7,11,12,14,18,22,23,28,29,37,47],"ascension_level":0}