{"gold_per_floor":[113,113,124,140,60,60,73,73,73,73,5,24,24,49,49,147,147,163,181,181,200,220,220,220,220,245,245,274,274,289,324,324,427,427,445,445,445,456,456,467,467,467,548,548,559,559,569,589,589,589],"floor_reached":50,"playtime":1550,"items_purged":[],"score":582,"play_id":"d7ba65fe-2a6f-441d-a035-8214a46e0ae0","local_time":"20190219211737","is_ascension_mode":false,"campfire_choices":[{"data":"Zap","floor":6,"key":"SMITH"},{"data":"Zap","floor":8,"key":"SMITH"},{"data":"Defragment","floor":13,"key":"SMITH"},{"data":"Consume","floor":15,"key":"SMITH"},{"data":"Tempest","floor":23,"key":"SMITH"},{"data":"Fission","floor":25,"key":"SMITH"},{"data":"Dualcast","floor":29,"key":"SMITH"},{"floor":32,"key":"REST"},{"data":"Zap","floor":42,"key":"SMITH"},{"data":"Discovery","floor":44,"key":"SMITH"},{"data":"Secret Weapon","floor":46,"key":"SMITH"},{"floor":49,"key":"REST"}],"neow_cost":"PERCENT_DAMAGE","seed_source_timestamp":12902076936374,"circlet_count":0,"master_deck":["Strike_B","Strike_B","Defend_B","Defend_B","Defend_B","Defend_B","Zap+1","Dualcast+1","Static Discharge","Consume+1","Go for the Eyes","Zap+1","Conserve Battery","BootSequence","Defragment+1","Cold Snap","Capacitor","Tempest+1","Cold Snap","Electrodynamics","Go for the Eyes+1","BootSequence+1","Defragment+1","Fission+1","Coolheaded+1","Capacitor","All For One+1","Secret Weapon+1","Discovery+1","Zap+1","Skim","Mind Blast+1","Static Discharge+1","Conserve Battery"],"relics":["Cracked Core","Lantern","Ornamental Fan","Bottled Lightning","Sozu","Regal Pillow","Molten Egg 2","Bag of Preparation","Busted Crown","Bottled Flame"],"potions_floor_usage":[21,28,31],"damage_taken":[{"damage":0,"enemies":"2 Louse","floor":1,"turns":2},{"damage":4,"enemies":"Cultist","floor":3,"turns":3},{"damage":0,"enemies":"Jaw Worm","floor":4,"turns":3},{"damage":0,"enemies":"Exordium Thugs","floor":7,"turns":4},{"damage":8,"enemies":"Lots of Slimes","floor":12,"turns":3},{"damage":0,"enemies":"Lagavulin","floor":14,"turns":4},{"damage":3,"enemies":"Slime Boss","floor":16,"turns":10},{"damage":0,"enemies":"Chosen","floor":18,"turns":3},{"damage":12,"enemies":"Spheric Guardian","floor":19,"turns":4},{"damage":0,"enemies":"Cultist and Chosen","floor":21,"turns":3},{"damage":7,"enemies":"Chosen and Byrds","floor":22,"turns":4},{"damage":9,"enemies":"Gremlin Leader","floor":28,"turns":6},{"damage":7,"enemies":"Snecko","floor":30,"turns":5},{"damage":0,"enemies":"Book of Stabbing","floor":31,"turns":4},{"damage":0,"enemies":"Champ","floor":33,"turns":10},{"damage":0,"enemies":"Orb Walker","floor":35,"turns":2},{"damage":0,"enemies":"3 Shapes","floor":38,"turns":3},{"damage":0,"enemies":"3 Darklings","floor":40,"turns":2},{"damage":0,"enemies":"Maw","floor":45,"turns":6},{"damage":0,"enemies":"Sphere and 2 Shapes","floor":47,"turns":3},{"damage":14,"enemies":"Writhing Mass","floor":48,"turns":4},{"damage":73,"enemies":"Time Eater","floor":50,"turns":7}],"seed_played":"-4383748171777244667","potions_obtained":[{"floor":3,"key":"Weak Potion"},{"floor":7,"key":"FearPotion"},{"floor":14,"key":"Fire Potion"}],"is_trial":false,"path_per_floor":["M","?","M","M","$","R","M","R","T","?","$","M","R","E","R","B",null,"M","M","?","M","M","R","?","R","T","?","E","R","M","E","R","B",null,"M","?","?","M","?","M","?","R","T","R","M","R","M","M","R","B"],"character_chosen":"DEFECT","items_purchased":["Defragment","Cold Snap","Tempest"],"campfire_rested":2,"item_purchase_floors":[5,5,11],"current_hp_per_floor":[54,54,50,50,50,50,50,50,50,47,47,39,39,39,39,36,75,75,63,56,56,49,49,49,49,49,49,40,40,33,33,70,70,75,75,65,65,65,65,65,65,65,65,65,65,65,65,51,71,0],"gold":589,"neow_bonus":"TRANSFORM_TWO_CARDS","is_prod":false,"is_daily":false,"chose_seed":false,"campfire_upgraded":10,"win_rate":0,"timestamp":1550632657,"path_taken":["M","?","M","?","$","R","M","R","T","?","?","M","R","E","R","BOSS","M","M","?","M","?","R","?","R","T","?","E","R","M","E","R","BOSS","M","?","?","M","?","?","?","R","T","R","M","R","M","M","R","BOSS"],"build_version":"2019-01-23","purchased_purges":0,"victory":false,"max_hp_per_floor":[75,75,75,75,75,75,75,75,75,75,75,75,75,75,75,75,75,75,75,75,75,75,75,75,75,75,75,75,75,75,75,75,75,75,75,75,71,71,71,71,71,71,71,71,71,71,71,71,71,71],"card_choices":[{"not_picked":["Stack","Scrape"],"picked":"Go for the Eyes","floor":1},{"not_picked":["Gash","Stack"],"picked":"BootSequence","floor":3},{"not_picked":["Reprogram","Compile Driver","Streamline"],"picked":"SKIP","floor":4},{"not_picked":["Reinforced Body","Gash"],"picked":"Capacitor","floor":7},{"not_picked":["Stack","Scrape","Barrage"],"picked":"SKIP","floor":12},{"not_picked":["Recycle","Chill"],"picked":"Cold Snap","floor":14},{"not_picked":["Hyperbeam","All For One"],"picked":"Electrodynamics","floor":16},{"not_picked":["Recycle","BootSequence","Beam Cell"],"picked":"SKIP","floor":18},{"not_picked":["Genetic Algorithm","Hologram"],"picked":"Go for the Eyes+1","floor":19},{"not_picked":["Recycle+1","Go for the Eyes+1"],"picked":"BootSequence+1","floor":21},{"not_picked":["Barrage","Steam"],"picked":"Defragment+1","floor":22},{"not_picked":["Hello World","Reprogram"],"picked":"Coolheaded+1","floor":28},{"not_picked":["Conserve Battery+1","Meteor Strike+1"],"picked":"Capacitor","floor":30},{"not_picked":["Undo","Sunder+1","Chaos"],"picked":"SKIP","floor":31},{"not_picked":["Multi-Cast","Echo Form"],"picked":"All For One+1","floor":33},{"not_picked":["Stack"],"picked":"SKIP","floor":35},{"not_picked":[],"picked":"Secret Weapon","floor":36},{"not_picked":[],"picked":"Discovery","floor":36},{"not_picked":["FTL+1"],"picked":"SKIP","floor":38},{"not_picked":["Coolheaded"],"picked":"SKIP","floor":40},{"not_picked":["Static Discharge+1"],"picked":"SKIP","floor":45},{"not_picked":[],"picked":"Static Discharge+1","floor":45},{"not_picked":["FTL+1"],"picked":"SKIP","floor":47},{"not_picked":[],"picked":"Conserve Battery","floor":48}],"player_experience":891350,"relics_obtained":[{"floor":9,"key":"Lantern"},{"floor":14,"key":"Bottled Lightning"},{"floor":26,"key":"Regal Pillow"},{"floor":28,"key":"Molten Egg 2"},{"floor":31,"key":"Bag of Preparation"},{"floor":43,"key":"Bottled Flame"}],"event_choices":[{"damage_healed":0,"gold_gain":0,"player_choice":"2 cards matched","damage_taken":0,"max_hp_gain":0,"max_hp_loss":0,"event_name":"Match and Keep!","floor":2,"gold_loss":0,"cards_obtained":["Zap","Conserve Battery"]},{"damage_healed":0,"gold_gain":0,"player_choice":"Success","damage_taken":3,"relics_obtained":["Ornamental Fan"],"max_hp_gain":0,"max_hp_loss":0,"event_name":"Scrap Ooze","floor":10,"gold_loss":0},{"damage_healed":0,"gold_gain":0,"player_choice":"Damaged","damage_taken":7,"max_hp_gain":0,"max_hp_loss":0,"event_name":"Wheel of Change","floor":20,"gold_loss":0},{"damage_healed":0,"gold_gain":0,"player_choice":"Read","damage_taken":0,"max_hp_gain":0,"max_hp_loss":0,"event_name":"The Library","floor":24,"gold_loss":0,"cards_obtained":["Fission"]},{"damage_healed":0,"gold_gain":0,"player_choice":"Ignored","damage_taken":0,"max_hp_gain":0,"max_hp_loss":0,"event_name":"Ghosts","floor":27,"gold_loss":0},{"damage_healed":0,"gold_gain":0,"player_choice":"Memory 3","damage_taken":10,"max_hp_gain":0,"max_hp_loss":0,"event_name":"SensoryStone","floor":36,"gold_loss":0},{"damage_healed":0,"gold_gain":0,"player_choice":"Max HP","damage_taken":0,"max_hp_gain":0,"max_hp_loss":4,"event_name":"Winding Halls","floor":37,"gold_loss":0},{"damage_healed":0,"gold_gain":0,"player_choice":"3 cards matched","damage_taken":0,"max_hp_gain":0,"max_hp_loss":0,"event_name":"Match and Keep!","floor":39,"gold_loss":0,"cards_obtained":["Zap","Skim","Mind Blast"]},{"damage_healed":0,"gold_gain":0,"player_choice":"Ignored","damage_taken":0,"max_hp_gain":0,"max_hp_loss":0,"event_name":"Tomb of Lord Red Mask","floor":41,"gold_loss":0}],"is_beta":false,"boss_relics":[{"not_picked":["Nuclear Battery","Empty Cage"],"picked":"Sozu"},{"not_picked":["Runic Pyramid","Coffee Dripper"],"picked":"Busted Crown"}],"items_purged_floors":[],"is_endless":false,"potions_floor_spawned":[3,7,14,19,21,30,40,45,47],"killed_by":"Time Eater","ascension_level":0}