{"gold_per_floor":[117,117,133,408,102,102,132,132,212,223,173,184,198,212,212,316,316,330,330,49,49,49,49,0,18,97,97,50,50,69,69,69,174,224,239,83,83],"floor_reached":37,"playtime":3396,"items_purged":["Regret"],"score":440,"play_id":"9d0179d0-1919-4bae-a8b5-8aa53e49c316","local_time":"20190213004305","is_ascension_mode":false,"campfire_choices":[{"data":"Dualcast","floor":6.0,"key":"SMITH"},{"data":"Zap","floor":8.0,"key":"SMITH"},{"data":"White Noise","floor":15.0,"key":"SMITH"},{"floor":27.0,"key":"REST"},{"data":"Chill","floor":29.0,"key":"SMITH"},{"data":"Conserve Battery","floor":32.0,"key":"SMITH"}],"neow_cost":"NONE","seed_source_timestamp":0,"circlet_count":0,"master_deck":["Strike_B","Strike_B","Strike_B","Defend_B+1","Defend_B","Defend_B","Defend_B","Zap+1","Dualcast+1","Double Energy+1","Leap","Melter","Sunder","Chill+1","Streamline","Hologram","White Noise+1","Rainbow","Conserve Battery+1","Decay","Coolheaded","Conserve Battery","Redo+1","All For One","Stack","Genetic Algorithm+1"],"special_seed":0,"relics":["Cracked Core","NeowsBlessing","Juzu Bracelet","Thread and Needle","Bottled Flame","Inserter","Enchiridion","Toy Ornithopter","GremlinMask","MutagenicStrength","Mercury Hourglass","Pantograph","Tiny House","Anchor"],"potions_floor_usage":[37,37,37],"damage_taken":[{"damage":0.0,"enemies":"Cultist","floor":1.0,"turns":1.0},{"damage":0.0,"enemies":"Small Slimes","floor":3.0,"turns":1.0},{"damage":0.0,"enemies":"3 Sentries","floor":7.0,"turns":1.0},{"damage":0.0,"enemies":"2 Louse","floor":10.0,"turns":1.0},{"damage":4.0,"enemies":"Looter","floor":12.0,"turns":3.0},{"damage":0.0,"enemies":"Red Slaver","floor":13.0,"turns":3.0},{"damage":0.0,"enemies":"Blue Slaver","floor":14.0,"turns":3.0},{"damage":51.0,"enemies":"Hexaghost","floor":16.0,"turns":11.0},{"damage":21.0,"enemies":"3 Byrds","floor":18.0,"turns":6.0},{"damage":0.0,"enemies":"Shell Parasite","floor":25.0,"turns":7.0},{"damage":0.0,"enemies":"Centurion and Healer","floor":30.0,"turns":6.0},{"damage":0.0,"enemies":"Champ","floor":33.0,"turns":13.0},{"damage":11,"enemies":"3 Shapes","floor":35,"turns":4},{"damage":86,"enemies":"2 Orb Walkers","floor":37,"turns":6}],"seed_played":"2341102898688829084","potions_obtained":[{"floor":1.0,"key":"Explosive Potion"},{"floor":10.0,"key":"Ancient Potion"},{"floor":12.0,"key":"Ancient Potion"},{"floor":16.0,"key":"Weak Potion"},{"floor":18.0,"key":"Swift Potion"},{"floor":25.0,"key":"EssenceOfSteel"},{"floor":34,"key":"Weak Potion"}],"is_trial":false,"path_per_floor":["M","?","M","?","$","R","E","R","T","M","?","M","M","M","R","B",null,"M","?","$","?","?","?","?","M","T","R","$","R","M","T","R","B",null,"M","$","?"],"character_chosen":"DEFECT","items_purchased":["Juzu Bracelet","Melter","Fire Potion","Toy Ornithopter","Ancient Potion","Conserve Battery","Anchor"],"campfire_rested":1,"item_purchase_floors":[5,5,5,20,20,28,36],"current_hp_per_floor":[75,75,75,75,75,75,75,75,75,75,75,71,71,71,71,20,75,54,38,38,38,38,38,38,43,43,65,65,65,65,65,65,75,80,69,69,0],"gold":83,"neow_bonus":"THREE_ENEMY_KILL","is_prod":false,"is_daily":false,"chose_seed":false,"campfire_upgraded":5,"win_rate":0,"timestamp":1550036585,"path_taken":["M","?","?","?","?","R","E","R","T","M","?","M","M","M","R","BOSS","M","?","$","?","?","?","?","M","T","R","?","R","M","?","R","BOSS","M","$","?"],"build_version":"2019-01-23","purchased_purges":1,"victory":false,"max_hp_per_floor":[75,75,75,75,75,75,75,75,75,75,75,75,75,75,75,75,75,75,75,75,75,75,75,75,75,75,75,75,75,75,75,75,75,80,80,80,80],"card_choices":[{"not_picked":["Gash","Cold Snap"],"picked":"Double Energy","floor":1.0},{"not_picked":["Aggregate","Steam Power"],"picked":"Leap","floor":3.0},{"not_picked":["Echo Form","Barrage"],"picked":"Sunder","floor":7.0},{"not_picked":["Rebound","Barrage"],"picked":"Chill","floor":10.0},{"not_picked":["Redo","Echo Form"],"picked":"Streamline","floor":12.0},{"not_picked":["Cold Snap","Turbo"],"picked":"Hologram","floor":13.0},{"not_picked":["Storm","Beam Cell"],"picked":"White Noise","floor":14.0},{"not_picked":["All For One","Amplify"],"picked":"Rainbow","floor":16.0},{"not_picked":["Gash+1","Consume"],"picked":"Conserve Battery","floor":18.0},{"not_picked":["Force Field","Redo"],"picked":"Coolheaded","floor":25.0},{"not_picked":["Sweeping Beam+1","Go for the Eyes"],"picked":"Redo+1","floor":30.0},{"not_picked":["Creative AI","Hyperbeam"],"picked":"All For One","floor":33.0},{"not_picked":["Cold Snap","Skim"],"picked":"Stack","floor":34},{"not_picked":["Chaos","Aggregate"],"picked":"Genetic Algorithm+1","floor":35}],"player_experience":69440,"relics_obtained":[{"floor":7.0,"key":"Thread and Needle"},{"floor":9.0,"key":"Bottled Flame"},{"floor":19.0,"key":"Enchiridion"},{"floor":26.0,"key":"Mercury Hourglass"},{"floor":31.0,"key":"Pantograph"}],"event_choices":[{"damage_healed":0.0,"max_hp_gain":0.0,"max_hp_loss":0.0,"gold_gain":0.0,"event_name":"Upgrade Shrine","player_choice":"Upgraded","floor":2.0,"gold_loss":0.0,"damage_taken":0.0,"cards_upgraded":["Double Energy"]},{"damage_healed":0.0,"max_hp_gain":0.0,"max_hp_loss":0.0,"gold_gain":275.0,"event_name":"Golden Shrine","player_choice":"Desecrate","floor":4.0,"gold_loss":0.0,"damage_taken":0.0,"cards_obtained":["Regret"]},{"cards_removed":["Strike_B"],"damage_healed":0.0,"max_hp_gain":0.0,"max_hp_loss":0.0,"gold_gain":0.0,"event_name":"The Cleric","player_choice":"Card Removal","floor":11.0,"gold_loss":50.0,"damage_taken":0.0},{"damage_healed":0.0,"max_hp_gain":0.0,"max_hp_loss":0.0,"gold_gain":0.0,"event_name":"Cursed Tome","player_choice":"Obtained Book","floor":19.0,"gold_loss":0.0,"damage_taken":16.0},{"damage_healed":0.0,"max_hp_gain":0.0,"max_hp_loss":0.0,"gold_gain":0.0,"event_name":"FaceTrader","player_choice":"Trade","floor":21.0,"gold_loss":0.0,"damage_taken":0.0,"relics_obtained":["GremlinMask"]},{"damage_healed":0.0,"max_hp_gain":0.0,"max_hp_loss":0.0,"gold_gain":0.0,"event_name":"Forgotten Altar","player_choice":"Smashed Altar","floor":22.0,"gold_loss":0.0,"damage_taken":0.0,"cards_obtained":["Decay"]},{"damage_healed":0.0,"max_hp_gain":0.0,"max_hp_loss":0.0,"gold_gain":0.0,"event_name":"Drug Dealer","player_choice":"Inject Mutagens","floor":23.0,"gold_loss":0.0,"damage_taken":0.0,"relics_obtained":["MutagenicStrength"]},{"damage_healed":0.0,"max_hp_gain":0.0,"max_hp_loss":0.0,"gold_gain":0.0,"event_name":"Masked Bandits","player_choice":"Paid Fearfully","floor":24.0,"gold_loss":49.0,"damage_taken":0.0},{"damage_healed":0,"gold_gain":0,"player_choice":"Fight","damage_taken":0,"max_hp_gain":0,"max_hp_loss":0,"event_name":"Mysterious Sphere","floor":37,"gold_loss":0}],"is_beta":false,"boss_relics":[{"not_picked":["Runic Dome","Orrery"],"picked":"Inserter"},{"not_picked":["Philosopher\u0027s Stone","White Beast Statue"],"picked":"Tiny House"}],"items_purged_floors":[5],"is_endless":false,"potions_floor_spawned":[1,10,12,16,18,25],"killed_by":"2 Orb Walkers","ascension_level":0}