{"gold_per_floor":[210,61,75,250,250,250,278,278,332,353,353,379,392,409,409,505,505,520,520,520,610,357,357,346,380,426,440,440,472,417,432,432,432],"floor_reached":33,"playtime":2316,"items_purged":[],"score":418,"play_id":"b0a8d7e9-537d-47fb-810a-94d43d82773b","local_time":"20190211022612","is_ascension_mode":true,"campfire_choices":[{"data":"Bash","floor":6,"key":"SMITH"},{"floor":11,"key":"REST"},{"floor":15,"key":"REST"},{"floor":23,"key":"REST"},{"floor":28,"key":"REST"},{"floor":32,"key":"REST"}],"neow_cost":"NONE","seed_source_timestamp":2555180602091774,"circlet_count":0,"master_deck":["Strike_R","Strike_R","Strike_R","Strike_R","Strike_R","Defend_R","Defend_R","Defend_R","Defend_R","Bash+1","Iron Wave","Flex","Doubt","Inflame","Battle Trance","Spot Weakness","Warcry","Clothesline+1","Ghostly","Ghostly","Ghostly","Ghostly","Ghostly","Iron Wave","Sword Boomerang+1","Shrug It Off+1","Headbutt+1"],"relics":["Black Blood","PreservedInsect","Paper Frog","Kunai","Happy Flower","Odd Mushroom","Pocketwatch","Turnip","Dodecahedron","Strawberry","Ancient Tea Set","Dream Catcher","Tiny Chest"],"potions_floor_usage":[7,12,16,27,31,33],"damage_taken":[{"damage":1,"enemies":"Cultist","floor":1,"turns":4},{"damage":1,"enemies":"Small Slimes","floor":3,"turns":4},{"damage":26,"enemies":"Gremlin Nob","floor":7,"turns":4},{"damage":45,"enemies":"The Mushroom Lair","floor":10,"turns":7},{"damage":10,"enemies":"Lagavulin","floor":12,"turns":3},{"damage":11,"enemies":"2 Louse","floor":13,"turns":2},{"damage":14,"enemies":"Large Slime","floor":14,"turns":6},{"damage":58,"enemies":"Hexaghost","floor":16,"turns":11},{"damage":29,"enemies":"3 Byrds","floor":18,"turns":7},{"damage":0,"enemies":"2 Thieves","floor":24,"turns":4},{"damage":15,"enemies":"Slavers","floor":25,"turns":8},{"damage":35,"enemies":"Sentry and Sphere","floor":27,"turns":9},{"damage":3,"enemies":"Book of Stabbing","floor":29,"turns":7},{"damage":26,"enemies":"Centurion and Healer","floor":31,"turns":9},{"damage":6,"enemies":"Automaton","floor":33,"turns":6}],"seed_played":"6142220764348269420","potions_obtained":[{"floor":3,"key":"Swift Potion"},{"floor":7,"key":"FearPotion"},{"floor":12,"key":"Swift Potion"},{"floor":18,"key":"Weak Potion"},{"floor":24,"key":"BloodPotion"},{"floor":31,"key":"Explosive Potion"}],"is_trial":false,"path_per_floor":["M","$","M","?","?","R","E","?","T","?","R","E","M","M","R","B",null,"M","?","?","?","$","R","M","E","T","M","R","E","?","M","R","B"],"character_chosen":"IRONCLAD","items_purchased":["PreservedInsect","Dodecahedron"],"campfire_rested":5,"item_purchase_floors":[2,22],"current_hp_per_floor":[77,77,80,80,85,85,65,65,65,26,51,47,42,34,59,7,66,47,42,42,30,30,42,42,44,44,23,37,44,44,28,42,36],"gold":432,"neow_bonus":"HUNDRED_GOLD","is_prod":false,"is_daily":false,"chose_seed":false,"campfire_upgraded":1,"win_rate":0,"timestamp":1549880772,"path_taken":["M","?","?","?","?","R","E","?","T","?","R","E","M","M","R","BOSS","M","?","?","?","$","R","?","E","T","M","R","E","?","M","R","BOSS"],"build_version":"2019-01-23","purchased_purges":0,"victory":false,"max_hp_per_floor":[80,80,80,80,85,85,85,85,85,85,85,85,85,85,85,85,85,85,42,42,42,42,42,42,49,49,49,49,49,49,49,49,49],"card_choices":[{"not_picked":["Searing Blow","Rupture"],"picked":"Iron Wave","floor":1},{"not_picked":["Twin Strike","Power Through"],"picked":"Flex","floor":3},{"not_picked":["Wild Strike","Clash","Perfected Strike"],"picked":"SKIP","floor":7},{"not_picked":["Sword Boomerang","Shrug It Off"],"picked":"Inflame","floor":10},{"not_picked":["Headbutt","Clothesline"],"picked":"Battle Trance","floor":12},{"not_picked":["Flex","Body Slam"],"picked":"Spot Weakness","floor":13},{"not_picked":["Ghostly Armor","Sever Soul"],"picked":"Warcry","floor":14},{"not_picked":["Evolve","Twin Strike"],"picked":"Clothesline+1","floor":18},{"not_picked":["Clash","Intimidate"],"picked":"Iron Wave","floor":24},{"not_picked":["Ghostly Armor","Anger"],"picked":"Sword Boomerang+1","floor":25},{"not_picked":["Entrench","Dropkick"],"picked":"Shrug It Off+1","floor":27},{"not_picked":["Clothesline","Sever Soul","Double Tap"],"picked":"SKIP","floor":29},{"not_picked":["Power Through","Cleave"],"picked":"Headbutt+1","floor":31}],"player_experience":356681,"relics_obtained":[{"floor":7,"key":"Paper Frog"},{"floor":9,"key":"Happy Flower"},{"floor":10,"key":"Odd Mushroom"},{"floor":12,"key":"Pocketwatch"},{"floor":25,"key":"Strawberry"},{"floor":26,"key":"Ancient Tea Set"},{"floor":29,"key":"Dream Catcher"}],"event_choices":[{"damage_healed":0,"gold_gain":175,"player_choice":"AGREE","damage_taken":0,"max_hp_gain":0,"max_hp_loss":0,"event_name":"Liars Game","floor":4,"gold_loss":0,"cards_obtained":["Doubt"]},{"damage_healed":0,"gold_gain":0,"player_choice":"Donut","damage_taken":0,"max_hp_gain":5,"max_hp_loss":0,"event_name":"Big Fish","floor":5,"gold_loss":0},{"damage_healed":0,"gold_gain":0,"player_choice":"Searched \u00272\u0027 times","damage_taken":0,"relics_obtained":["Kunai"],"max_hp_gain":0,"max_hp_loss":0,"event_name":"Dead Adventurer","floor":8,"gold_loss":0},{"damage_healed":0,"gold_gain":0,"player_choice":"Fought Mushrooms","damage_taken":0,"max_hp_gain":0,"max_hp_loss":0,"event_name":"Mushrooms","floor":10,"gold_loss":0},{"damage_healed":0,"gold_gain":0,"player_choice":"Became a Ghost","damage_taken":0,"max_hp_gain":0,"max_hp_loss":43,"event_name":"Ghosts","floor":19,"gold_loss":0,"cards_obtained":["Ghostly","Ghostly","Ghostly","Ghostly","Ghostly"]},{"damage_healed":0,"gold_gain":0,"player_choice":"Opened","damage_taken":0,"relics_obtained":["Turnip"],"max_hp_gain":0,"max_hp_loss":0,"event_name":"The Mausoleum","floor":20,"gold_loss":0},{"damage_healed":0,"gold_gain":90,"player_choice":"GOLD ","damage_taken":12,"max_hp_gain":0,"max_hp_loss":0,"event_name":"Knowing Skull","floor":21,"potions_obtained":[],"gold_loss":0,"cards_obtained":[]},{"damage_healed":0,"gold_gain":0,"player_choice":"Obtained Relic","damage_taken":0,"relics_obtained":["Tiny Chest"],"max_hp_gain":0,"max_hp_loss":0,"event_name":"Addict","floor":30,"gold_loss":85}],"is_beta":false,"boss_relics":[{"not_picked":["Velvet Choker","Runic Pyramid"],"picked":"Black Blood"}],"items_purged_floors":[],"is_endless":false,"potions_floor_spawned":[3,7,12,18,24,31],"killed_by":"Automaton","ascension_level":7}