{"gold_per_floor":[364,380,380,399,419,445,445,470,496,496,596,629,36,69,69,173,173,191,201,44,44,44,44,74,174,200,234,333,352,144,156,156,252,252,263,485,501,186,238,238,267,267,267,283,293,320,320,351,351,351],"floor_reached":51,"playtime":3275,"items_purged":["Defend_R","Strike_R","Strike_R"],"score":1218,"play_id":"7a04586f-d388-4c6d-9921-ca9379603122","local_time":"20190217215336","is_ascension_mode":true,"campfire_choices":[{"floor":7,"key":"REST"},{"floor":10,"key":"REST"},{"floor":15,"key":"REST"},{"data":"Apotheosis","floor":23,"key":"SMITH"},{"floor":32,"key":"REST"},{"data":"Armaments","floor":40,"key":"SMITH"},{"floor":42,"key":"REST"},{"floor":49,"key":"REST"}],"neow_cost":"PERCENT_DAMAGE","seed_source_timestamp":182233170477029,"circlet_count":0,"master_deck":["Strike_R","Strike_R","Defend_R","Defend_R","Defend_R","Bash+1","Perfected Strike+1","Infernal Blade","Spot Weakness","Armaments+1","Shrug It Off","Spot Weakness","Armaments","Apotheosis+1","Pummel","Feed","Sever Soul+1","Warcry","Heavy Blade+1","Rage+1","Demon Form+1","Berserk+1","Flex","Shrug It Off"],"relics":["Burning Blood","Meat on the Bone","Bag of Preparation","Centennial Puzzle","PreservedInsect","Membership Card","Bronze Scales","Mummified Hand","Dead Branch","Sozu","Shuriken","MutagenicStrength","Ancient Tea Set","Champion Belt","Frozen Egg 2","Omamori","Red Mask","Pen Nib","Busted Crown","Charon\u0027s Ashes","Sling","Unceasing Top","Dream Catcher","Oddly Smooth Stone","Whetstone","Blue Candle"],"potions_floor_usage":[2,8,12,33],"damage_taken":[{"damage":3,"enemies":"2 Louse","floor":1,"turns":4},{"damage":3,"enemies":"Cultist","floor":2,"turns":5},{"damage":13,"enemies":"Small Slimes","floor":4,"turns":4},{"damage":1,"enemies":"Exordium Thugs","floor":5,"turns":3},{"damage":36,"enemies":"Gremlin Nob","floor":6,"turns":5},{"damage":30,"enemies":"Lagavulin","floor":8,"turns":5},{"damage":15,"enemies":"3 Sentries","floor":12,"turns":5},{"damage":8,"enemies":"Gremlin Nob","floor":14,"turns":3},{"damage":41,"enemies":"The Guardian","floor":16,"turns":8},{"damage":4,"enemies":"Shell Parasite","floor":18,"turns":3},{"damage":19,"enemies":"Spheric Guardian","floor":19,"turns":4},{"damage":30,"enemies":"Gremlin Leader","floor":24,"turns":3},{"damage":8,"enemies":"Colosseum Slavers","floor":25,"turns":2},{"damage":7,"enemies":"Colosseum Nobs","floor":25,"turns":3},{"damage":7,"enemies":"Masked Bandits","floor":27,"turns":3},{"damage":2,"enemies":"Centurion and Healer","floor":29,"turns":3},{"damage":0,"enemies":"Chosen and Byrds","floor":31,"turns":3},{"damage":78,"enemies":"Champ","floor":33,"turns":7},{"damage":0,"enemies":"3 Shapes","floor":35,"turns":3},{"damage":0,"enemies":"Orb Walker","floor":37,"turns":1},{"damage":11,"enemies":"2 Orb Walkers","floor":39,"turns":2},{"damage":12,"enemies":"Reptomancer","floor":41,"turns":2},{"damage":6,"enemies":"Jaw Worm Horde","floor":44,"turns":2},{"damage":6,"enemies":"Spire Growth","floor":45,"turns":2},{"damage":14,"enemies":"Nemesis","floor":46,"turns":3},{"damage":7,"enemies":"Reptomancer","floor":48,"turns":2},{"damage":57,"enemies":"Time Eater","floor":50,"turns":6}],"seed_played":"-7921229972626359179","potions_obtained":[{"floor":1,"key":"Block Potion"},{"floor":6,"key":"Strength Potion"},{"floor":8,"key":"Explosive Potion"},{"floor":16,"key":"Swift Potion"}],"is_trial":false,"path_per_floor":["M","M","?","M","M","E","R","E","T","R","?","E","$","E","R","B",null,"M","M","$","?","?","R","E","?","T","?","?","M","$","M","R","B",null,"M","?","M","$","?","R","E","R","T","M","M","E","?","E","R","B",null],"character_chosen":"IRONCLAD","items_purchased":["Apotheosis","Membership Card","Bronze Scales","Mummified Hand","Shuriken","Pen Nib","Demon Form+1","Charon\u0027s Ashes","Sling"],"campfire_rested":6,"item_purchase_floors":[13,13,13,13,20,30,30,38,38],"current_hp_per_floor":[54,57,57,50,55,25,49,37,37,61,61,52,52,50,74,51,73,75,65,65,65,83,83,59,60,60,63,63,67,67,73,91,35,80,86,86,92,92,87,87,81,95,95,95,99,95,95,94,103,64],"gold":351,"neow_bonus":"TWO_FIFTY_GOLD","is_prod":false,"is_daily":false,"chose_seed":false,"campfire_upgraded":2,"win_rate":0,"timestamp":1550469216,"path_taken":["M","M","?","?","M","E","R","E","T","R","?","E","$","E","R","BOSS","M","M","$","?","?","R","E","?","T","?","?","M","$","M","R","BOSS","M","?","M","$","?","R","E","R","T","?","M","E","?","E","R","BOSS"],"build_version":"2019-01-23","purchased_purges":3,"victory":true,"max_hp_per_floor":[80,80,80,80,80,80,80,80,80,80,80,80,80,80,80,80,80,80,83,83,83,83,83,83,87,87,91,91,91,91,91,91,95,95,95,95,95,95,95,95,95,95,95,95,99,103,103,103,103,103],"card_choices":[{"not_picked":["Shockwave","Headbutt"],"picked":"Perfected Strike","floor":1},{"not_picked":["Corruption","True Grit"],"picked":"Infernal Blade","floor":2},{"not_picked":["Second Wind","Perfected Strike"],"picked":"Spot Weakness","floor":4},{"not_picked":["Twin Strike","Rupture"],"picked":"Armaments","floor":5},{"not_picked":["Blood for Blood","Body Slam"],"picked":"Shrug It Off","floor":6},{"not_picked":["Entrench","Sentinel"],"picked":"Spot Weakness","floor":8},{"not_picked":["Dark Embrace","Pummel"],"picked":"Armaments","floor":12},{"not_picked":["Blood for Blood","Power Through"],"picked":"Pummel","floor":14},{"not_picked":["Fiend Fire","Exhume"],"picked":"Feed","floor":16},{"not_picked":["Iron Wave","Blood for Blood","Wild Strike"],"picked":"SKIP","floor":18},{"not_picked":["Iron Wave","Headbutt"],"picked":"Sever Soul+1","floor":19},{"not_picked":["Sword Boomerang","Clothesline"],"picked":"Warcry","floor":24},{"not_picked":["Dropkick","Wild Strike+1"],"picked":"Heavy Blade+1","floor":27},{"not_picked":["Dropkick","Blood for Blood"],"picked":"Rage+1","floor":29},{"not_picked":["Barricade+1","Bloodletting","Rupture+1"],"picked":"SKIP","floor":31},{"not_picked":["Dark Embrace+1","Double Tap"],"picked":"Berserk+1","floor":33},{"not_picked":[],"picked":"Flex","floor":35},{"not_picked":[],"picked":"Inflame+1","floor":37},{"not_picked":["Thunderclap"],"picked":"SKIP","floor":41},{"not_picked":[],"picked":"Shrug It Off","floor":44},{"not_picked":["Armaments"],"picked":"SKIP","floor":45},{"not_picked":["Bloodletting"],"picked":"SKIP","floor":46},{"not_picked":["Bloodletting"],"picked":"SKIP","floor":46},{"not_picked":["Clothesline+1"],"picked":"SKIP","floor":48}],"player_experience":434915,"relics_obtained":[{"floor":6,"key":"Meat on the Bone"},{"floor":8,"key":"Bag of Preparation"},{"floor":9,"key":"Centennial Puzzle"},{"floor":12,"key":"PreservedInsect"},{"floor":14,"key":"Dead Branch"},{"floor":24,"key":"Ancient Tea Set"},{"floor":25,"key":"Champion Belt"},{"floor":25,"key":"Frozen Egg 2"},{"floor":26,"key":"Omamori"},{"floor":27,"key":"Red Mask"},{"floor":39,"key":"Unceasing Top"},{"floor":41,"key":"Dream Catcher"},{"floor":43,"key":"Oddly Smooth Stone"},{"floor":46,"key":"Whetstone"},{"floor":48,"key":"Blue Candle"}],"event_choices":[{"cards_removed":["Strike_R"],"damage_healed":0,"gold_gain":0,"player_choice":"Purged","damage_taken":0,"max_hp_gain":0,"max_hp_loss":0,"event_name":"Purifier","floor":3,"gold_loss":0},{"damage_healed":0,"gold_gain":100,"player_choice":"Pray","damage_taken":0,"max_hp_gain":0,"max_hp_loss":0,"event_name":"Golden Shrine","floor":11,"gold_loss":0},{"damage_healed":0,"gold_gain":0,"player_choice":"Inject Mutagens","damage_taken":0,"relics_obtained":["MutagenicStrength"],"max_hp_gain":0,"max_hp_loss":0,"event_name":"Drug Dealer","floor":21,"gold_loss":0},{"damage_healed":27,"gold_gain":0,"player_choice":"Heal","damage_taken":0,"max_hp_gain":0,"max_hp_loss":0,"event_name":"The Library","floor":22,"gold_loss":0},{"damage_healed":0,"gold_gain":0,"player_choice":"Fight","damage_taken":0,"max_hp_gain":0,"max_hp_loss":0,"event_name":"Colosseum","floor":25,"gold_loss":0},{"damage_healed":0,"gold_gain":0,"player_choice":"Fought Nobs","damage_taken":0,"max_hp_gain":0,"max_hp_loss":0,"event_name":"Colosseum","floor":25,"gold_loss":0},{"damage_healed":0,"gold_gain":0,"player_choice":"Fought Bandits","damage_taken":0,"max_hp_gain":0,"max_hp_loss":0,"event_name":"Masked Bandits","floor":27,"gold_loss":0},{"damage_healed":0,"gold_gain":99,"player_choice":"Stole From Cult","damage_taken":0,"max_hp_gain":0,"max_hp_loss":0,"event_name":"Nest","floor":28,"gold_loss":0},{"damage_healed":0,"gold_gain":222,"player_choice":"Wore Mask","damage_taken":0,"max_hp_gain":0,"max_hp_loss":0,"event_name":"Tomb of Lord Red Mask","floor":36,"gold_loss":0},{"damage_healed":0,"gold_gain":0,"player_choice":"Fight","damage_taken":0,"max_hp_gain":0,"max_hp_loss":0,"event_name":"Mysterious Sphere","floor":39,"gold_loss":0},{"cards_removed":["Inflame"],"damage_healed":0,"gold_gain":0,"player_choice":"Removed Power","damage_taken":0,"max_hp_gain":0,"max_hp_loss":0,"event_name":"Falling","floor":47,"gold_loss":0}],"is_beta":false,"boss_relics":[{"not_picked":["Mark of Pain","Lizard Tail"],"picked":"Sozu"},{"not_picked":["Snecko Eye","Black Blood"],"picked":"Busted Crown"}],"items_purged_floors":[20,30,38],"is_endless":false,"potions_floor_spawned":[1,6,8,16,18,24,25,33,41,44,45,46],"ascension_level":9}