{"gold_per_floor":[109,120,120,295,309,339,351,351,399,399,415,430,447,460,460,460],"floor_reached":16,"playtime":1591,"items_purged":[],"score":106,"play_id":"158610ee-892d-41db-af68-b32a5c3b961d","local_time":"20190217213835","is_ascension_mode":false,"campfire_choices":[{"floor":10,"key":"REST"},{"floor":15,"key":"REST"}],"neow_cost":"NONE","seed_source_timestamp":2261486032531746,"circlet_count":0,"master_deck":["Strike_B","Strike_B","Defend_B","Defend_B","Defend_B","Defend_B","Zap","Dualcast","Hologram","Gash","Doubt","Coolheaded","Conserve Battery","Fusion","Rebound","Rebound","Conserve Battery"],"relics":["Cracked Core","Kunai","Strawberry"],"potions_floor_usage":[11,13,16],"damage_taken":[{"damage":2,"enemies":"2 Louse","floor":1,"turns":3},{"damage":5,"enemies":"Small Slimes","floor":2,"turns":4},{"damage":6,"enemies":"Jaw Worm","floor":5,"turns":4},{"damage":54,"enemies":"3 Sentries","floor":6,"turns":13},{"damage":5,"enemies":"Blue Slaver","floor":7,"turns":4},{"damage":6,"enemies":"Large Slime","floor":11,"turns":9},{"damage":20,"enemies":"Exordium Wildlife","floor":12,"turns":7},{"damage":5,"enemies":"Looter","floor":13,"turns":3},{"damage":0,"enemies":"2 Fungi Beasts","floor":14,"turns":4},{"damage":34,"enemies":"Slime Boss","floor":16,"turns":10}],"seed_played":"-5571994482347434868","potions_obtained":[{"floor":1,"key":"Ancient Potion"},{"floor":7,"key":"FocusPotion"},{"floor":12,"key":"SteroidPotion"},{"floor":13,"key":"SpeedPotion"}],"is_trial":false,"path_per_floor":["M","M","?","?","M","E","M","?","T","R","M","M","M","M","R","B"],"character_chosen":"DEFECT","items_purchased":[],"campfire_rested":2,"item_purchase_floors":[],"current_hp_per_floor":[80,75,68,68,62,8,3,3,10,36,30,10,5,5,31,0],"gold":460,"neow_bonus":"TEN_PERCENT_HP_BONUS","is_prod":false,"is_daily":false,"chose_seed":false,"campfire_upgraded":0,"win_rate":0,"timestamp":1550457515,"path_taken":["M","M","?","?","M","E","M","?","T","R","M","M","M","M","R","BOSS"],"build_version":"2019-01-23","purchased_purges":0,"victory":false,"max_hp_per_floor":[82,82,82,82,82,82,82,82,89,89,89,89,89,89,89,89],"card_choices":[{"not_picked":["Defragment","Self Repair"],"picked":"Hologram","floor":1},{"not_picked":["Consume","Conserve Battery"],"picked":"Gash","floor":2},{"not_picked":["Go for the Eyes","Barrage"],"picked":"Coolheaded","floor":5},{"not_picked":["Compile Driver","Heatsinks","Undo"],"picked":"SKIP","floor":6},{"not_picked":["Ball Lightning","Compile Driver"],"picked":"Conserve Battery","floor":7},{"not_picked":["Steam","Sweeping Beam"],"picked":"Rebound","floor":11},{"not_picked":["Sweeping Beam","Capacitor"],"picked":"Rebound","floor":12},{"not_picked":["Stack","Blizzard","Creative AI"],"picked":"SKIP","floor":13},{"not_picked":["Darkness","Reprogram"],"picked":"Conserve Battery","floor":14}],"player_experience":137237,"relics_obtained":[{"floor":6,"key":"Kunai"},{"floor":9,"key":"Strawberry"}],"event_choices":[{"cards_removed":["Strike_B"],"damage_healed":0,"gold_gain":0,"player_choice":"Card Removal","damage_taken":7,"max_hp_gain":0,"max_hp_loss":0,"event_name":"Golden Wing","floor":3,"gold_loss":0},{"damage_healed":0,"gold_gain":175,"player_choice":"AGREE","damage_taken":0,"max_hp_gain":0,"max_hp_loss":0,"event_name":"Liars Game","floor":4,"gold_loss":0,"cards_obtained":["Doubt"]},{"damage_healed":0,"gold_gain":0,"cards_transformed":["Strike_B"],"player_choice":"Change","damage_taken":0,"max_hp_gain":0,"max_hp_loss":0,"event_name":"Living Wall","floor":8,"gold_loss":0,"cards_obtained":["Fusion"]}],"is_beta":false,"boss_relics":[],"items_purged_floors":[],"is_endless":false,"potions_floor_spawned":[1,7,12,13],"killed_by":"Slime Boss","ascension_level":0}