{"gold_per_floor":[115,135,135,60,73,107,37,37,63,63,13,13,13,34,34,162,162,181,181,106,124,74,74,74],"floor_reached":24,"playtime":605,"items_purged":["Pain","Strike_R","Strike_R"],"score":298,"play_id":"68c6f35f-f2c5-4e4a-93c0-bf5d47680aba","local_time":"20190224235102","is_ascension_mode":true,"campfire_choices":[{"data":"Barricade","floor":8.0,"key":"SMITH"},{"floor":15.0,"key":"REST"},{"floor":23,"key":"REST"}],"neow_cost":"CURSE","seed_source_timestamp":38878116269901,"circlet_count":0,"master_deck":["AscendersBane","Strike_R","Strike_R","Strike_R","Defend_R","Defend_R","Defend_R","Defend_R","Bash+1","Barricade+1","Flex","Spot Weakness","Anger","Corruption+1","Sentinel","Shockwave","Reaper","Wild Strike+1","Twin Strike+1"],"special_seed":0,"relics":["Burning Blood","Juzu Bracelet","Smiling Mask","Golden Idol","Girya","Mark of Pain","Potion Belt"],"potions_floor_usage":[21,24],"damage_taken":[{"damage":12.0,"enemies":"Jaw Worm","floor":1.0,"turns":4.0},{"damage":2.0,"enemies":"Small Slimes","floor":2.0,"turns":5.0},{"damage":6.0,"enemies":"Cultist","floor":5.0,"turns":3.0},{"damage":45.0,"enemies":"3 Sentries","floor":6.0,"turns":7.0},{"damage":13.0,"enemies":"Red Slaver","floor":14.0,"turns":3.0},{"damage":39,"enemies":"Slime Boss","floor":16,"turns":10},{"damage":36,"enemies":"2 Thieves","floor":18,"turns":5},{"damage":28,"enemies":"Spheric Guardian","floor":21,"turns":5},{"damage":77,"enemies":"Slavers","floor":24,"turns":4}],"seed_played":"-8211827925659918128","potions_obtained":[{"floor":5.0,"key":"Energy Potion"},{"floor":6.0,"key":"Fire Potion"},{"floor":16,"key":"EssenceOfSteel"},{"floor":18,"key":"Fire Potion"}],"is_trial":false,"path_per_floor":["M","M","?","$","M","E","$","R","T","?","$","?","?","M","R","B",null,"M","?","?","M","$","R","E"],"character_chosen":"IRONCLAD","items_purchased":["Sentinel"],"campfire_rested":2,"item_purchase_floors":[7],"current_hp_per_floor":[66,70,70,70,70,31,31,31,31,31,31,31,31,24,46,13,59,55,55,55,33,33,55,0],"gold":74,"neow_bonus":"THREE_RARE_CARDS","is_prod":false,"is_daily":false,"chose_seed":false,"campfire_upgraded":1,"win_rate":0,"timestamp":1551045062,"path_taken":["M","M","?","$","M","E","?","R","T","?","$","?","?","M","R","BOSS","M","?","?","M","?","R","E"],"build_version":"2019-01-23","purchased_purges":3,"victory":false,"max_hp_per_floor":[80,80,80,80,80,80,80,80,80,74,74,74,74,74,74,74,74,74,74,74,74,74,74,74],"card_choices":[{"not_picked":["Offering","Limit Break"],"picked":"Barricade","floor":0.0},{"not_picked":["Perfected Strike","Havoc"],"picked":"Flex","floor":1.0},{"not_picked":["Dual Wield","Second Wind"],"picked":"Spot Weakness","floor":2.0},{"not_picked":["Warcry","Perfected Strike"],"picked":"Anger","floor":5.0},{"not_picked":["Rage","Seeing Red"],"picked":"Corruption","floor":6.0},{"not_picked":["Burning Pact","Havoc"],"picked":"Shockwave","floor":14.0},{"not_picked":["Barricade","Limit Break"],"picked":"Reaper","floor":16},{"not_picked":["Perfected Strike","Heavy Blade"],"picked":"Wild Strike+1","floor":18},{"not_picked":["Seeing Red","Havoc"],"picked":"Twin Strike+1","floor":21}],"player_experience":219668,"relics_obtained":[{"floor":6.0,"key":"Juzu Bracelet"},{"floor":9.0,"key":"Smiling Mask"}],"event_choices":[{"damage_healed":0.0,"max_hp_gain":0.0,"max_hp_loss":0.0,"gold_gain":0.0,"event_name":"Living Wall","player_choice":"Grow","floor":3.0,"gold_loss":0.0,"damage_taken":0.0,"cards_upgraded":["Bash"]},{"damage_healed":0.0,"max_hp_gain":0.0,"max_hp_loss":6.0,"gold_gain":0.0,"event_name":"Golden Idol","player_choice":"Lose Max HP","floor":10.0,"gold_loss":0.0,"damage_taken":0.0,"relics_obtained":["Golden Idol"]},{"damage_healed":0.0,"max_hp_gain":0.0,"max_hp_loss":0.0,"gold_gain":0.0,"event_name":"WeMeetAgain","player_choice":"Gave Potion","floor":12.0,"gold_loss":0.0,"damage_taken":0.0,"relics_obtained":["Girya"]},{"damage_healed":0.0,"max_hp_gain":0.0,"max_hp_loss":0.0,"gold_gain":0.0,"event_name":"Upgrade Shrine","player_choice":"Upgraded","floor":13.0,"gold_loss":0.0,"damage_taken":0.0,"cards_upgraded":["Corruption"]},{"damage_healed":0,"gold_gain":0,"player_choice":"Opened","damage_taken":0,"relics_obtained":["Potion Belt"],"max_hp_gain":0,"max_hp_loss":0,"event_name":"The Mausoleum","floor":19,"gold_loss":0,"cards_obtained":["Writhe"]},{"cards_removed":["Writhe"],"damage_healed":0,"gold_gain":0,"player_choice":"Gave Gold","damage_taken":0,"max_hp_gain":0,"max_hp_loss":0,"event_name":"Beggar","floor":20,"gold_loss":75}],"is_beta":false,"boss_relics":[{"not_picked":["White Beast Statue","Snecko Eye"],"picked":"Mark of Pain"}],"items_purged_floors":[4,11,22],"is_endless":false,"potions_floor_spawned":[5,6,16,18],"killed_by":"Slavers","ascension_level":11}