{"gold_per_floor":[364,364,46,59,77,408,33,45,126,143,158,158,173,173,173,275,275,287,262,0,11,11,11,22,33,60,72,84,109,147,175,187,300,312,334,79,79,0,15,15,15,48,48,62,62,62,62,112,112,112,112,112,45,77,77],"floor_reached":55,"playtime":4916,"items_purged":["Strike_G","Strike_G","Defend_G"],"score":744,"play_id":"2f420c11-0ca2-42d3-bf50-05f0c7f06ce5","local_time":"20190214043628","is_ascension_mode":false,"campfire_choices":[{"floor":12,"key":"REST"},{"floor":15,"key":"RECALL"},{"data":"A Thousand Cuts","floor":23,"key":"SMITH"},{"data":"Envenom","floor":28,"key":"SMITH"},{"data":"Well Laid Plans","floor":32,"key":"SMITH"},{"data":"Burst","floor":40,"key":"SMITH"},{"data":"Envenom","floor":45,"key":"SMITH"},{"data":"Secret Technique","floor":49,"key":"SMITH"},{"data":"Footwork","floor":52,"key":"SMITH"}],"neow_cost":"PERCENT_DAMAGE","seed_source_timestamp":746742263705891,"circlet_count":0,"master_deck":["Defend_G","Defend_G","Defend_G","Defend_G","Survivor","Neutralize","Blade Dance","Footwork+1","Dodge and Roll","Dagger Throw","Flechettes","Well Laid Plans+1","Backflip","Backflip","Envenom+1","Backflip+1","PiercingWail+1","Escape Plan+1","Prepared","Accuracy","A Thousand Cuts+1","Noxious Fumes+1","Footwork","Cloak And Dagger+1","Crippling Poison","Endless Agony","Leg Sweep+1","Burst+1","Envenom+1","PiercingWail+1","Secret Technique+1","Acrobatics+1","Pain","Injury","Clumsy","Caltrops+1","Flechettes+1"],"relics":["Ring of the Snake","Gremlin Horn","OrangePellets","Old Coin","Bird Faced Urn","Shuriken","Astrolabe","MawBank","Juzu Bracelet","Cursed Key","Red Mask","Gambling Chip","Molten Egg 2","Frozen Egg 2","Strawberry","Boot"],"potions_floor_usage":[6,30,33,42,50,54,55],"damage_taken":[{"damage":0,"enemies":"Cultist","floor":1,"turns":4},{"damage":0,"enemies":"2 Louse","floor":4,"turns":4},{"damage":0,"enemies":"Small Slimes","floor":5,"turns":3},{"damage":24,"enemies":"Gremlin Nob","floor":6,"turns":4},{"damage":5,"enemies":"2 Fungi Beasts","floor":8,"turns":4},{"damage":4,"enemies":"Looter","floor":10,"turns":3},{"damage":0,"enemies":"3 Louse","floor":11,"turns":3},{"damage":0,"enemies":"Red Slaver","floor":13,"turns":3},{"damage":23,"enemies":"Slime Boss","floor":16,"turns":12},{"damage":0,"enemies":"Shell Parasite","floor":18,"turns":7},{"damage":9,"enemies":"2 Thieves","floor":19,"turns":5},{"damage":13,"enemies":"Centurion and Healer","floor":21,"turns":10},{"damage":8,"enemies":"Snake Plant","floor":24,"turns":6},{"damage":20,"enemies":"Sentry and Sphere","floor":25,"turns":10},{"damage":17,"enemies":"Snecko","floor":29,"turns":8},{"damage":6,"enemies":"Gremlin Leader","floor":30,"turns":5},{"damage":6,"enemies":"Centurion and Healer","floor":31,"turns":8},{"damage":40,"enemies":"Champ","floor":33,"turns":12},{"damage":8,"enemies":"Orb Walker","floor":35,"turns":6},{"damage":18,"enemies":"3 Darklings","floor":39,"turns":4},{"damage":0,"enemies":"Reptomancer","floor":42,"turns":6},{"damage":5,"enemies":"Sphere and 2 Shapes","floor":44,"turns":6},{"damage":69,"enemies":"Time Eater","floor":50,"turns":13},{"damage":43,"enemies":"Shield and Spear","floor":54,"turns":8},{"damage":50,"enemies":"The Heart","floor":55,"turns":6}],"seed_played":"3667427100086002985","potions_obtained":[{"floor":4,"key":"Swift Potion"},{"floor":5,"key":"Fire Potion"},{"floor":10,"key":"GhostInAJar"},{"floor":16,"key":"Explosive Potion"},{"floor":19,"key":"PowerPotion"},{"floor":35,"key":"Swift Potion"},{"floor":39,"key":"Block Potion"},{"floor":44,"key":"Block Potion"}],"is_trial":false,"path_per_floor":["M","T","$","M","M","E","$","M","T","M","M","R","M","T","R","B",null,"M","M","$","M","?","R","M","M","T","?","R","M","E","M","R","B",null,"M","$","?","?","M","R","?","E","T","M","R","T","?","T","R","B",null,"R","$","E","B"],"character_chosen":"THE_SILENT","items_purchased":["OrangePellets","Footwork","Bird Faced Urn","Well Laid Plans","A Thousand Cuts","Envenom","Caltrops+1"],"campfire_rested":1,"item_purchase_floors":[3,3,7,7,20,36,53],"current_hp_per_floor":[49,49,49,49,49,25,25,24,24,24,28,49,53,53,53,34,70,70,62,62,59,59,59,63,57,57,57,57,52,60,64,64,40,70,70,70,66,66,55,55,55,66,66,66,66,66,66,73,73,12,73,73,73,37,0],"gold":77,"neow_bonus":"TWO_FIFTY_GOLD","is_prod":false,"is_daily":false,"chose_seed":false,"campfire_upgraded":7,"win_rate":0,"timestamp":1550136988,"path_taken":["M","?","$","M","M","E","$","M","T","M","M","R","?","?","R","BOSS","M","M","$","M","?","R","M","M","T","?","R","M","E","M","R","BOSS","M","$","?","?","M","R","?","E","T","M","R","?","?","?","R","BOSS","R","$","E","BOSS"],"build_version":"2019-01-23","purchased_purges":3,"victory":false,"max_hp_per_floor":[70,70,70,70,70,70,70,70,70,70,70,70,70,70,70,70,70,70,70,70,70,70,70,70,70,70,70,70,70,70,70,70,70,70,70,70,66,66,66,66,66,66,66,66,66,66,66,73,73,73,73,73,73,73,73],"card_choices":[{"not_picked":["Poisoned Stab","Flying Knee"],"picked":"Blade Dance","floor":1},{"not_picked":["Calculated Gamble","Blade Dance"],"picked":"Dodge and Roll","floor":4},{"not_picked":["Slice","Poisoned Stab"],"picked":"Dagger Throw","floor":5},{"not_picked":["Dodge and Roll","Reflex"],"picked":"Flechettes","floor":6},{"not_picked":["Dagger Spray","Choke","Expertise"],"picked":"SKIP","floor":8},{"not_picked":["Predator","Concentrate"],"picked":"Backflip","floor":10},{"not_picked":["Dodge and Roll","Heel Hook","Sucker Punch"],"picked":"SKIP","floor":11},{"not_picked":["Setup","Endless Agony"],"picked":"Backflip","floor":13},{"not_picked":["Malaise","Bullet Time"],"picked":"Envenom","floor":16},{"not_picked":["Underhanded Strike","PiercingWail"],"picked":"Prepared","floor":18},{"not_picked":["Outmaneuver","Flying Knee"],"picked":"Accuracy","floor":19},{"not_picked":["Terror","Prepared"],"picked":"Noxious Fumes+1","floor":21},{"not_picked":["Backflip","Underhanded Strike"],"picked":"Footwork","floor":24},{"not_picked":["Unload","Bane"],"picked":"Cloak And Dagger+1","floor":25},{"not_picked":["Flying Knee","Expertise"],"picked":"Endless Agony","floor":29},{"not_picked":["Dagger Spray","Dash"],"picked":"PiercingWail+1","floor":30},{"not_picked":["Dagger Throw","Blade Dance"],"picked":"Leg Sweep+1","floor":31},{"not_picked":["Venomology","Night Terror"],"picked":"Burst","floor":33},{"not_picked":["Deadly Poison+1","Poisoned Stab+1","PiercingWail"],"picked":"SKIP","floor":35},{"not_picked":["Flechettes","Escape Plan+1"],"picked":"PiercingWail+1","floor":39},{"not_picked":["PanicButton","Trip"],"picked":"Secret Technique","floor":41},{"not_picked":["PiercingWail+1","Flying Knee+1"],"picked":"Acrobatics+1","floor":42},{"not_picked":["Prepared","PiercingWail+1","Blade Dance"],"picked":"SKIP","floor":44},{"not_picked":["Flying Knee+1","Eviscerate+1"],"picked":"Flechettes+1","floor":54}],"player_experience":151233,"relics_obtained":[{"floor":2,"key":"Gremlin Horn"},{"floor":6,"key":"Old Coin"},{"floor":9,"key":"Shuriken"},{"floor":26,"key":"MawBank"},{"floor":30,"key":"Juzu Bracelet"},{"floor":42,"key":"Gambling Chip"},{"floor":43,"key":"Molten Egg 2"},{"floor":46,"key":"Frozen Egg 2"},{"floor":48,"key":"Strawberry"},{"floor":54,"key":"Boot"}],"event_choices":[{"damage_healed":0,"gold_gain":0,"player_choice":"Ignored","damage_taken":0,"max_hp_gain":0,"max_hp_loss":0,"event_name":"Vampires","floor":22,"gold_loss":0},{"damage_healed":0,"gold_gain":0,"player_choice":"Read","damage_taken":0,"max_hp_gain":0,"max_hp_loss":0,"event_name":"The Library","floor":27,"gold_loss":0,"cards_obtained":["Crippling Poison"]},{"damage_healed":0,"gold_gain":0,"player_choice":"Max HP","damage_taken":0,"max_hp_gain":0,"max_hp_loss":4,"event_name":"Winding Halls","floor":37,"gold_loss":0},{"damage_healed":0,"gold_gain":0,"player_choice":"Paid","damage_taken":0,"relics_obtained":["Red Mask"],"max_hp_gain":0,"max_hp_loss":0,"event_name":"Tomb of Lord Red Mask","floor":38,"gold_loss":79},{"damage_healed":0,"gold_gain":0,"player_choice":"Memory 1","damage_taken":0,"max_hp_gain":0,"max_hp_loss":0,"event_name":"SensoryStone","floor":41,"gold_loss":0},{"cards_removed":["PiercingWail"],"damage_healed":0,"gold_gain":0,"player_choice":"Removed Skill","damage_taken":0,"max_hp_gain":0,"max_hp_loss":0,"event_name":"Falling","floor":47,"gold_loss":0}],"is_beta":false,"boss_relics":[{"not_picked":["Coffee Dripper","Tiny House"],"picked":"Astrolabe"},{"not_picked":["White Beast Statue","Runic Pyramid"],"picked":"Cursed Key"}],"items_purged_floors":[3,20,36],"is_endless":false,"potions_floor_spawned":[4,5,10,16,18,19,21,29,35,39,44],"killed_by":"The Heart","ascension_level":0}