{"gold_per_floor":[116,136,136,136,86,86,19,46,46,56,71,81,93,106,106,209,209,228,228,19,19,36,36,36],"floor_reached":24,"playtime":1503,"items_purged":[],"score":218,"play_id":"297e9dd6-dc69-4e58-baed-08524d5fce79","local_time":"20180919160037","is_ascension_mode":true,"campfire_choices":[{"data":"Dualcast","floor":6,"key":"SMITH"},{"data":"Static Discharge","floor":15,"key":"SMITH"}],"neow_cost":"NONE","seed_source_timestamp":598458236551492,"circlet_count":0,"master_deck":["Defend_B","Defend_B","Defend_B","Defend_B","Zap","Dualcast+1","Static Discharge+1","Coolheaded","Doom and Gloom","Redo","PanicButton","Capacitor","Electrodynamics","Ball Lightning+1","Hologram","Auto Shields","Rainbow","Genetic Algorithm","Rainbow","Consume","Lockon+1","Writhe","Lockon+1"],"relics":["Cracked Core","Molten Egg 2","Pear","Empty Cage","Runic Capacitor","Pen Nib"],"potions_floor_usage":[14,16],"damage_taken":[{"damage":0,"enemies":"Small Slimes","floor":1,"turns":3},{"damage":0,"enemies":"Cultist","floor":2,"turns":4},{"damage":24,"enemies":"Gremlin Nob","floor":8,"turns":5},{"damage":0,"enemies":"2 Louse","floor":10,"turns":2},{"damage":7,"enemies":"2 Fungi Beasts","floor":11,"turns":3},{"damage":0,"enemies":"Large Slime","floor":12,"turns":3},{"damage":11,"enemies":"Exordium Wildlife","floor":13,"turns":3},{"damage":0,"enemies":"2 Fungi Beasts","floor":14,"turns":3},{"damage":16,"enemies":"Hexaghost","floor":16,"turns":8},{"damage":21,"enemies":"3 Byrds","floor":18,"turns":3},{"damage":16,"enemies":"Chosen","floor":22,"turns":5},{"damage":35,"enemies":"Colosseum Slavers","floor":23,"turns":2},{"damage":17,"enemies":"Gremlin Leader","floor":24,"turns":2}],"seed_played":"6703599765321851070","potions_obtained":[{"floor":10,"key":"SpeedPotion"},{"floor":13,"key":"Block Potion"},{"floor":14,"key":"Explosive Potion"},{"floor":22,"key":"Explosive Potion"}],"is_trial":false,"path_per_floor":["M","M","?","?","?","R","$","E","T","M","M","M","M","M","R","B",null,"M","?","$","?","M","?"],"character_chosen":"DEFECT","items_purchased":["Capacitor","Runic Capacitor"],"campfire_rested":0,"item_purchase_floors":[7,20],"current_hp_per_floor":[75,75,68,68,68,68,68,44,54,54,47,47,36,36,36,20,85,64,64,64,64,48,13,0],"gold":36,"neow_bonus":"TRANSFORM_CARD","is_prod":false,"is_daily":false,"chose_seed":false,"campfire_upgraded":2,"win_rate":0,"timestamp":1537369237,"path_taken":["M","M","?","?","?","R","$","E","T","M","M","M","?","M","R","BOSS","M","?","$","?","M","?","E"],"build_version":"2018-09-06","purchased_purges":0,"victory":false,"max_hp_per_floor":[75,75,75,75,75,75,75,75,85,85,85,85,85,85,85,85,85,85,85,85,85,85,85,85],"card_choices":[{"not_picked":["Turbo","Barrage"],"picked":"Coolheaded","floor":1},{"not_picked":["Rebound","Cold Snap"],"picked":"Doom and Gloom","floor":2},{"not_picked":["Turbo","Tempest"],"picked":"Electrodynamics","floor":8},{"not_picked":["Go for the Eyes+1","Gash+1"],"picked":"Ball Lightning+1","floor":10},{"not_picked":["Hello World","Go for the Eyes+1"],"picked":"Hologram","floor":11},{"not_picked":["Gash+1","Beam Cell+1"],"picked":"Auto Shields","floor":12},{"not_picked":["Stack","Coolheaded"],"picked":"Rainbow","floor":13},{"not_picked":["Reprogram","FTL+1"],"picked":"Genetic Algorithm","floor":14},{"not_picked":["Meteor Strike+1","Core Surge+1"],"picked":"Rainbow","floor":16},{"not_picked":["Barrage+1","Turbo"],"picked":"Consume","floor":18},{"not_picked":["Turbo+1","Ball Lightning+1"],"picked":"Lockon+1","floor":22}],"player_experience":70181,"relics_obtained":[{"floor":8,"key":"Molten Egg 2"},{"floor":9,"key":"Pear"}],"event_choices":[{"event_name":"Wheel of Change","player_choice":"Damage","floor":3,"damage_taken":0},{"event_name":"Match and Keep!","player_choice":"2 cards matched","floor":4,"damage_taken":0},{"event_name":"The Cleric","player_choice":"Card Removal","floor":5,"damage_taken":0},{"event_name":"The Library","player_choice":"Read","floor":19,"damage_taken":0},{"event_name":"The Mausoleum","player_choice":"Yes","floor":21,"damage_taken":0},{"event_name":"Colosseum","player_choice":"Fight","floor":23,"damage_taken":0},{"event_name":"Colosseum","player_choice":"Fled From Nobs","floor":23,"damage_taken":0}],"is_beta":false,"boss_relics":[{"not_picked":["Runic Pyramid","Orrery"],"picked":"Empty Cage"}],"items_purged_floors":[],"is_endless":false,"potions_floor_spawned":[10,13,14,22],"killed_by":"Gremlin Leader","ascension_level":2}