{"gold_per_floor":[116,133,99,117,128,128,161,161,188,214,230,230,230,247,247,345,345,365,376,475,493,493,493,507,523,595,206,225,251,251],"floor_reached":30,"playtime":1663,"items_purged":["Strike_R"],"score":305,"play_id":"e50abef1-b42b-419d-a5d7-8ca2f0d88022","local_time":"20181229161111","is_ascension_mode":true,"campfire_choices":[{"floor":6.0,"key":"REST"},{"floor":8.0,"key":"REST"},{"data":"Demon Form","floor":15.0,"key":"SMITH"},{"floor":23.0,"key":"REST"}],"neow_cost":"NONE","seed_source_timestamp":680306389832687,"circlet_count":0,"master_deck":["Strike_R","Strike_R","Strike_R+1","Defend_R","Defend_R","Defend_R","Defend_R","Bash","Demon Form+1","Iron Wave","Battle Trance","Anger","Demon Form","Armaments","Power Through","Shrug It Off","Ghostly Armor","Iron Wave","Cleave+1"],"special_seed":0,"relics":["Black Blood","Blood Vial","Happy Flower","Pen Nib","MutagenicStrength","Darkstone Periapt","Oddly Smooth Stone","Whetstone"],"potions_floor_usage":[28,28],"damage_taken":[{"damage":14.0,"enemies":"Jaw Worm","floor":1.0,"turns":5.0},{"damage":7.0,"enemies":"2 Louse","floor":2.0,"turns":3.0},{"damage":11.0,"enemies":"Small Slimes","floor":4.0,"turns":5.0},{"damage":23.0,"enemies":"Red Slaver","floor":5.0,"turns":6.0},{"damage":30.0,"enemies":"Lagavulin","floor":7.0,"turns":6.0},{"damage":22.0,"enemies":"Gremlin Nob","floor":10.0,"turns":4.0},{"damage":11.0,"enemies":"Blue Slaver","floor":11.0,"turns":3.0},{"damage":11.0,"enemies":"Exordium Thugs","floor":14.0,"turns":5.0},{"damage":12.0,"enemies":"The Guardian","floor":16.0,"turns":10.0},{"damage":34.0,"enemies":"3 Byrds","floor":18.0,"turns":5.0},{"damage":18.0,"enemies":"Shell Parasite","floor":19.0,"turns":5.0},{"damage":30.0,"enemies":"Centurion and Healer","floor":21.0,"turns":7.0},{"damage":10.0,"enemies":"Snecko","floor":24.0,"turns":5.0},{"damage":60.0,"enemies":"3 Cultists","floor":25.0,"turns":7.0},{"damage":14,"enemies":"Shelled Parasite and Fungi","floor":28,"turns":16},{"damage":21,"enemies":"Snecko","floor":30,"turns":3}],"seed_played":"4652851484956224143","potions_obtained":[{"floor":1.0,"key":"Weak Potion"},{"floor":5.0,"key":"SpeedPotion"},{"floor":7.0,"key":"EssenceOfSteel"},{"floor":14.0,"key":"AttackPotion"},{"floor":16.0,"key":"Energy Potion"},{"floor":18.0,"key":"Swift Potion"},{"floor":19.0,"key":"AttackPotion"},{"floor":21.0,"key":"Energy Potion"},{"floor":25.0,"key":"Swift Potion"}],"is_trial":false,"path_per_floor":["M","M","?","M","M","R","E","R","T","E","M","?","?","M","R","B",null,"M","M","?","M","?","R","M","M","T","$","M","T","M"],"character_chosen":"IRONCLAD","items_purchased":["Ghostly Armor","Iron Wave","Oddly Smooth Stone","SpeedPotion"],"campfire_rested":3,"item_purchase_floors":[27,27,27,27],"current_hp_per_floor":[80,79,79,74,57,83,59,85,85,71,68,68,68,65,65,61,81,59,53,53,35,35,61,63,15,15,15,13,13,0],"gold":251,"neow_bonus":"TEN_PERCENT_HP_BONUS","is_prod":false,"is_daily":false,"chose_seed":false,"campfire_upgraded":1,"win_rate":0,"timestamp":1546117871,"path_taken":["M","M","?","M","M","R","E","R","T","E","M","?","?","M","R","BOSS","M","M","?","M","?","R","M","M","T","$","M","?","?"],"build_version":"2018-12-20","purchased_purges":1,"victory":false,"max_hp_per_floor":[88,88,88,88,88,88,88,88,88,88,88,88,88,88,88,88,88,88,88,88,88,88,88,88,88,88,88,88,88,88],"card_choices":[{"not_picked":["Rupture","Headbutt","Body Slam"],"picked":"SKIP","floor":1.0},{"not_picked":["Rampage","Whirlwind","Havoc"],"picked":"SKIP","floor":2.0},{"not_picked":["Sword Boomerang","Sever Soul","Second Wind"],"picked":"SKIP","floor":4.0},{"not_picked":["Whirlwind","Body Slam"],"picked":"Demon Form","floor":5.0},{"not_picked":["Armaments","Cleave"],"picked":"Iron Wave","floor":7.0},{"not_picked":["Pummel","Perfected Strike","True Grit"],"picked":"SKIP","floor":10.0},{"not_picked":["Flex","Havoc"],"picked":"Battle Trance","floor":11.0},{"not_picked":["Twin Strike","Warcry"],"picked":"Anger","floor":14.0},{"not_picked":["Juggernaut","Brutality"],"picked":"Demon Form","floor":16.0},{"not_picked":["Inflame","Searing Blow","Uppercut"],"picked":"SKIP","floor":18.0},{"not_picked":["Pummel","Carnage"],"picked":"Armaments","floor":19.0},{"not_picked":["Anger","Headbutt","Hemokinesis+1"],"picked":"SKIP","floor":21.0},{"not_picked":["Pommel Strike","Clash"],"picked":"Power Through","floor":24.0},{"not_picked":["Fire Breathing+1","Anger"],"picked":"Shrug It Off","floor":25.0},{"not_picked":["Flex","Havoc"],"picked":"Cleave","floor":28}],"player_experience":321662,"relics_obtained":[{"floor":7.0,"key":"Blood Vial"},{"floor":9.0,"key":"Happy Flower"},{"floor":10.0,"key":"Pen Nib"},{"floor":26.0,"key":"Darkstone Periapt"},{"floor":29,"key":"Whetstone"}],"event_choices":[{"damage_healed":0.0,"max_hp_gain":0.0,"max_hp_loss":0.0,"gold_gain":0.0,"event_name":"World of Goop","player_choice":"Left Gold","floor":3.0,"gold_loss":34.0,"damage_taken":0.0},{"damage_healed":0.0,"max_hp_gain":0.0,"max_hp_loss":0.0,"gold_gain":0.0,"event_name":"Liars Game","player_choice":"Ignored","floor":12.0,"gold_loss":0.0,"damage_taken":0.0},{"cards_removed":["Strike_R"],"damage_healed":0.0,"max_hp_gain":0.0,"max_hp_loss":0.0,"gold_gain":0.0,"event_name":"Wheel of Change","player_choice":"Card Removal","floor":13.0,"gold_loss":0.0,"damage_taken":0.0},{"damage_healed":0.0,"max_hp_gain":0.0,"max_hp_loss":0.0,"gold_gain":99.0,"event_name":"Nest","player_choice":"Stole From Cult","floor":20.0,"gold_loss":0.0,"damage_taken":0.0},{"damage_healed":0.0,"max_hp_gain":0.0,"max_hp_loss":0.0,"gold_gain":0.0,"event_name":"Drug Dealer","player_choice":"Inject Mutagens","floor":22.0,"gold_loss":0.0,"damage_taken":0.0,"relics_obtained":["MutagenicStrength"]}],"is_beta":false,"boss_relics":[{"not_picked":["White Beast Statue","Runic Cube"],"picked":"Black Blood"}],"items_purged_floors":[27],"is_endless":false,"potions_floor_spawned":[1,5,7,10,14,16,18,19,21,25],"killed_by":"Snecko","ascension_level":5}