{"gold_per_floor":[110,124,124,140,87,87,262,272,272,302,321,3,3,23,23,124,124,124,124,124,124,124,124,124,87,87,87,87,87,87,87,87,87,87,87,87,87,87,87,87,87,87,87,87,87,87,87,87,87,87],"floor_reached":51,"playtime":3148,"items_purged":["Doubt"],"score":636,"play_id":"1ac4c096-0056-4406-ad9d-8106fa60df31","local_time":"20181223204801","is_ascension_mode":false,"campfire_choices":[{"data":"Go for the Eyes","floor":6,"key":"SMITH"},{"data":"Streamline","floor":13,"key":"SMITH"},{"data":"Go for the Eyes","floor":15,"key":"SMITH"},{"data":"Hologram","floor":23,"key":"SMITH"},{"floor":32,"key":"REST"},{"data":"Beam Cell","floor":41,"key":"SMITH"},{"floor":44,"key":"REST"},{"floor":49,"key":"REST"}],"neow_cost":"NONE","seed_source_timestamp":191465622894305,"circlet_count":0,"master_deck":["Strike_B+1","Strike_B+1","Strike_B+1","Defend_B+1","Defend_B+1","Defend_B+1","Defend_B+1","Zap+1","Dualcast+1","Self Repair","Streamline+1","Go for the Eyes+1","Ball Lightning","Go for the Eyes+1","Amplify","Rainbow","Steam","Glacier+1","Leap","Hologram+1","Rip and Tear","Biased Cognition","All For One","Ball Lightning+1","Beam Cell+1","Electrodynamics","Glacier+1","Conserve Battery+1","Hologram+1","Streamline+1","Hologram+1","Madness+1","Madness+1","Redo+1"],"relics":["Cracked Core","NeowsBlessing","Shuriken","Letter Opener","Ectoplasm","Mercury Hourglass","War Paint","Darkstone Periapt","Sozu","Toxic Egg 2","Incense Burner","Bag of Marbles"],"potions_floor_usage":[16,16,31,33,50,50],"damage_taken":[{"damage":0,"enemies":"Cultist","floor":1,"turns":1},{"damage":0,"enemies":"Small Slimes","floor":2,"turns":1},{"damage":0,"enemies":"Jaw Worm","floor":4,"turns":1},{"damage":0,"enemies":"2 Fungi Beasts","floor":8,"turns":2},{"damage":12,"enemies":"Blue Slaver","floor":11,"turns":2},{"damage":6,"enemies":"Red Slaver","floor":14,"turns":3},{"damage":30,"enemies":"Hexaghost","floor":16,"turns":9},{"damage":1,"enemies":"Chosen","floor":18,"turns":3},{"damage":3,"enemies":"Shell Parasite","floor":19,"turns":5},{"damage":8,"enemies":"Snake Plant","floor":21,"turns":5},{"damage":0,"enemies":"Sentry and Sphere","floor":22,"turns":4},{"damage":0,"enemies":"Shelled Parasite and Fungi","floor":27,"turns":5},{"damage":28,"enemies":"Gremlin Leader","floor":28,"turns":7},{"damage":10,"enemies":"Centurion and Healer","floor":30,"turns":5},{"damage":1,"enemies":"Snecko","floor":31,"turns":3},{"damage":25,"enemies":"Automaton","floor":33,"turns":10},{"damage":0,"enemies":"3 Darklings","floor":35,"turns":2},{"damage":26,"enemies":"2 Orb Walkers","floor":39,"turns":6},{"damage":5,"enemies":"3 Shapes","floor":42,"turns":3},{"damage":10,"enemies":"Transient","floor":45,"turns":5},{"damage":2,"enemies":"Maw","floor":46,"turns":6},{"damage":0,"enemies":"Spire Growth","floor":48,"turns":4},{"damage":38,"enemies":"Awakened One","floor":50,"turns":14}],"seed_played":"-966971321277763570","potions_obtained":[{"floor":2,"key":"SteroidPotion"},{"floor":11,"key":"Regen Potion"},{"floor":18,"key":"LiquidBronze"},{"floor":28,"key":"Block Potion"},{"floor":30,"key":"SpeedPotion"},{"floor":31,"key":"Fire Potion"}],"is_trial":false,"path_per_floor":["M","M","?","M","$","R","?","M","T","?","M","$","R","M","R","B",null,"M","M","?","M","M","R","?","$","T","M","E","?","M","M","R","B",null,"M","?","$","T","?","?","R","M","T","R","M","M","?","M","R","B",null],"character_chosen":"DEFECT","items_purchased":["Go for the Eyes","Letter Opener","Rip and Tear"],"campfire_rested":3,"item_purchase_floors":[5,12,25],"current_hp_per_floor":[75,75,60,67,67,67,67,67,67,67,62,62,62,63,63,62,75,75,75,75,74,74,74,74,74,74,75,54,54,44,43,65,54,75,75,75,75,75,56,56,56,51,51,73,70,75,66,66,75,37],"gold":87,"neow_bonus":"THREE_ENEMY_KILL","is_prod":false,"is_daily":false,"chose_seed":false,"campfire_upgraded":5,"win_rate":0.0,"timestamp":1545590881,"path_taken":["M","?","?","M","$","R","?","M","T","?","M","$","R","M","R","BOSS","M","M","?","M","M","R","?","$","T","M","E","?","?","M","R","BOSS","M","?","$","?","?","?","R","M","T","R","?","M","?","M","R","BOSS"],"build_version":"2018-12-20","purchased_purges":1,"victory":true,"max_hp_per_floor":[75,75,75,75,75,75,75,75,75,75,75,75,75,75,75,75,75,75,75,75,75,75,75,75,75,75,75,75,75,75,75,75,75,75,75,75,75,75,75,75,75,75,75,75,75,75,75,75,75,75],"card_choices":[{"not_picked":["Steam","Streamline"],"picked":"Self Repair","floor":1},{"not_picked":["Gash","BootSequence"],"picked":"Streamline","floor":2},{"not_picked":["Compile Driver","Barrage"],"picked":"Cold Snap","floor":4},{"not_picked":["Scrape","Coolheaded"],"picked":"Ball Lightning","floor":8},{"not_picked":["Blizzard","Melter"],"picked":"Go for the Eyes","floor":11},{"not_picked":["Sweeping Beam","Hologram"],"picked":"Amplify","floor":14},{"not_picked":["Reboot","Multi-Cast"],"picked":"Rainbow","floor":16},{"not_picked":["Streamline","Storm"],"picked":"Steam","floor":18},{"not_picked":["Melter","Scrape"],"picked":"Glacier","floor":19},{"not_picked":["Barrage+1","Glacier"],"picked":"Leap","floor":21},{"not_picked":["Cold Snap","Leap"],"picked":"Hologram","floor":22},{"not_picked":["Stack","Compile Driver"],"picked":"Biased Cognition","floor":27},{"not_picked":["Consume","Loop"],"picked":"All For One","floor":28},{"not_picked":["Reinforced Body","Self Repair"],"picked":"Ball Lightning+1","floor":30},{"not_picked":["Gash","Coolheaded"],"picked":"Beam Cell","floor":31},{"not_picked":["Amplify","Reboot"],"picked":"Electrodynamics","floor":33},{"not_picked":["Heatsinks+1","Coolheaded"],"picked":"Glacier+1","floor":35},{"not_picked":["Stack+1","Beam Cell+1"],"picked":"Conserve Battery+1","floor":39},{"not_picked":["Beam Cell+1","Streamline"],"picked":"Hologram+1","floor":42},{"not_picked":["Steam+1","Beam Cell"],"picked":"Streamline+1","floor":45},{"not_picked":["Steam+1","Coolheaded+1"],"picked":"Hologram+1","floor":46},{"not_picked":["Leap+1","Consume+1"],"picked":"Redo+1","floor":48}],"player_experience":8147,"relics_obtained":[{"floor":9,"key":"Shuriken"},{"floor":26,"key":"War Paint"},{"floor":28,"key":"Darkstone Periapt"},{"floor":38,"key":"Toxic Egg 2"},{"floor":39,"key":"Incense Burner"},{"floor":43,"key":"Bag of Marbles"}],"event_choices":[{"damage_healed":0,"gold_gain":0,"player_choice":"Entered Light","damage_taken":15,"max_hp_gain":0,"max_hp_loss":0,"event_name":"Shining Light","floor":3,"gold_loss":0,"cards_upgraded":["Zap","Strike_B"]},{"damage_healed":0,"gold_gain":175,"player_choice":"AGREE","damage_taken":0,"max_hp_gain":0,"max_hp_loss":0,"event_name":"Liars Game","floor":7,"gold_loss":0,"cards_obtained":["Doubt"]},{"damage_healed":0,"gold_gain":30,"player_choice":"Searched \u00271\u0027 times","damage_taken":0,"max_hp_gain":0,"max_hp_loss":0,"event_name":"Dead Adventurer","floor":10,"gold_loss":0},{"damage_healed":0,"gold_gain":0,"player_choice":"Simplicity","damage_taken":0,"max_hp_gain":0,"max_hp_loss":0,"event_name":"Back to Basics","floor":20,"gold_loss":0,"cards_upgraded":["Strike_B","Strike_B","Strike_B","Defend_B","Defend_B","Defend_B","Defend_B"]},{"damage_healed":0,"gold_gain":0,"player_choice":"Opened","damage_taken":0,"relics_obtained":["Mercury Hourglass"],"max_hp_gain":0,"max_hp_loss":0,"event_name":"The Mausoleum","floor":24,"gold_loss":0},{"damage_healed":0,"gold_gain":0,"cards_transformed":["Cold Snap"],"player_choice":"Transformed","damage_taken":0,"max_hp_gain":0,"max_hp_loss":0,"event_name":"Transmorgrifier","floor":29,"gold_loss":0,"cards_obtained":["Fusion"]},{"cards_removed":["Strike_B"],"damage_healed":0,"gold_gain":0,"player_choice":"Offered Basic","damage_taken":0,"max_hp_gain":0,"max_hp_loss":0,"event_name":"Bonfire Elementals","floor":36,"gold_loss":0},{"damage_healed":0,"gold_gain":0,"player_choice":"Fight","damage_taken":0,"max_hp_gain":0,"max_hp_loss":0,"event_name":"Mysterious Sphere","floor":39,"gold_loss":0},{"cards_removed":["Fusion"],"damage_healed":0,"gold_gain":0,"player_choice":"Removed Skill","damage_taken":0,"max_hp_gain":0,"max_hp_loss":0,"event_name":"Falling","floor":40,"gold_loss":0},{"damage_healed":0,"gold_gain":0,"player_choice":"Embrace Madness","damage_taken":9,"max_hp_gain":0,"max_hp_loss":0,"event_name":"Winding Halls","floor":47,"gold_loss":0,"cards_obtained":["Madness","Madness"]}],"is_beta":false,"boss_relics":[{"not_picked":["FrozenCore","Philosopher\u0027s Stone"],"picked":"Ectoplasm"},{"not_picked":["Busted Crown","Nuclear Battery"],"picked":"Sozu"}],"items_purged_floors":[12],"is_endless":false,"potions_floor_spawned":[2,11,18,28,30,31,42,45],"ascension_level":0}