{"gold_per_floor":[114,129,144,159,159,189,189,204,229,229,259,59,59,89,89,189,189,204,219,234,249,249],"floor_reached":22,"playtime":2777,"items_purged":[],"score":208,"play_id":"3c94c390-a7eb-4437-9fa2-eebfc0531715","local_time":"20190203222229","daily_mods":["Allstar","Green Cards","Lethality"],"is_ascension_mode":false,"campfire_choices":[{"data":"Noxious Fumes","floor":7,"key":"SMITH"},{"floor":13,"key":"REST"},{"floor":15,"key":"REST"}],"neow_cost":"","seed_source_timestamp":429174735247100,"circlet_count":0,"master_deck":["Strike_B","Strike_B","Strike_B","Defend_B","Defend_B","Defend_B","Defend_B","Zap","Dualcast","Metamorphosis","Bandage Up","PanicButton","Deep Breath","Enlightenment","Coolheaded","Noxious Fumes+1","Cold Snap","Melter","Barrage","Hologram","PiercingWail","Deadly Poison","Clumsy","Deflect","Stack","Dodge and Roll+1","Noxious Fumes+1"],"special_seed":17930,"relics":["Cracked Core","DataDisk","Omamori","Bag of Marbles","TheAbacus","Mercury Hourglass","Calling Bell","Smiling Mask","Frozen Egg 2","Mango"],"potions_floor_usage":[21],"damage_taken":[{"damage":0,"enemies":"2 Louse","floor":1,"turns":2},{"damage":12,"enemies":"Cultist","floor":2,"turns":4},{"damage":0,"enemies":"Jaw Worm","floor":3,"turns":3},{"damage":9,"enemies":"Looter","floor":4,"turns":3},{"damage":23,"enemies":"Lagavulin","floor":6,"turns":6},{"damage":12,"enemies":"Gremlin Gang","floor":8,"turns":4},{"damage":23,"enemies":"3 Sentries","floor":11,"turns":5},{"damage":14,"enemies":"Gremlin Nob","floor":14,"turns":4},{"damage":24,"enemies":"The Guardian","floor":16,"turns":8},{"damage":11,"enemies":"Chosen","floor":18,"turns":4},{"damage":57,"enemies":"3 Byrds","floor":19,"turns":4},{"damage":25,"enemies":"Snake Plant","floor":20,"turns":4},{"damage":15,"enemies":"Cultist and Chosen","floor":21,"turns":7},{"damage":15,"enemies":"Centurion and Healer","floor":22,"turns":1}],"seed_played":"8747077811986150983","potions_obtained":[{"floor":1,"key":"Poison Potion"},{"floor":4,"key":"Explosive Potion"},{"floor":8,"key":"FearPotion"},{"floor":19,"key":"Energy Potion"},{"floor":20,"key":"Regen Potion"},{"floor":21,"key":"SteroidPotion"}],"is_trial":false,"path_per_floor":["M","M","M","M","?","E","R","M","T","?","E","$","R","E","R","B",null,"M","M","M","M","M"],"character_chosen":"DEFECT","items_purchased":["TheAbacus"],"campfire_rested":2,"item_purchase_floors":[12],"current_hp_per_floor":[75,63,67,58,58,39,39,31,31,31,12,12,34,20,42,22,89,82,29,4,8,0],"gold":249,"neow_bonus":"","is_prod":false,"is_daily":true,"chose_seed":false,"campfire_upgraded":1,"win_rate":0.0,"timestamp":1549228949,"path_taken":["M","M","M","M","?","E","R","?","T","?","E","?","R","E","R","BOSS","M","M","M","M","M"],"build_version":"2019-01-23","purchased_purges":0,"victory":false,"max_hp_per_floor":[75,75,75,75,75,75,75,75,75,75,75,75,75,75,75,75,89,89,89,89,89,89],"card_choices":[{"not_picked":["All Out Attack","Steam"],"picked":"Coolheaded","floor":1},{"not_picked":["Infinite Blades","Slice"],"picked":"Noxious Fumes","floor":2},{"not_picked":["Outmaneuver","Genetic Algorithm"],"picked":"Cold Snap","floor":3},{"not_picked":["Poisoned Stab","Hologram"],"picked":"Melter","floor":4},{"not_picked":["Undo","Flechettes"],"picked":"Barrage","floor":6},{"not_picked":["Reflex","Hologram","Blade Dance"],"picked":"SKIP","floor":8},{"not_picked":["Reinforced Body","Concentrate"],"picked":"PiercingWail","floor":11},{"not_picked":["Choke","Dagger Throw"],"picked":"Deadly Poison","floor":14},{"not_picked":["Outmaneuver","Flechettes"],"picked":"Deflect","floor":18},{"not_picked":["Tactician","Blur"],"picked":"Stack","floor":19},{"not_picked":["Riddle With Holes","Sweeping Beam"],"picked":"Dodge and Roll+1","floor":20},{"not_picked":["Quick Slash","Sucker Punch"],"picked":"Noxious Fumes+1","floor":21}],"player_experience":17077,"relics_obtained":[{"floor":6,"key":"DataDisk"},{"floor":9,"key":"Omamori"},{"floor":11,"key":"Bag of Marbles"},{"floor":14,"key":"Mercury Hourglass"},{"floor":17,"key":"Smiling Mask"},{"floor":17,"key":"Frozen Egg 2"},{"floor":17,"key":"Mango"}],"event_choices":[{"damage_healed":0,"gold_gain":0,"player_choice":"Bought 0 Potions","damage_taken":0,"max_hp_gain":0,"max_hp_loss":0,"event_name":"The Woman in Blue","floor":5,"gold_loss":0},{"damage_healed":0,"gold_gain":0,"cards_transformed":["Strike_B"],"player_choice":"Change","damage_taken":0,"max_hp_gain":0,"max_hp_loss":0,"event_name":"Living Wall","floor":10,"gold_loss":0,"cards_obtained":["Hologram"]}],"is_beta":false,"boss_relics":[{"not_picked":["Orrery","Pandora\u0027s Box"],"picked":"Calling Bell"}],"items_purged_floors":[],"is_endless":false,"potions_floor_spawned":[1,4,8,14,19,20,21],"killed_by":"Centurion and Healer","ascension_level":0}