{"gold_per_floor":[160,178,178,198,209,209,209,209,209,229,248,306,326,52,52,148,148,123,53,53,70,82,82,82,93,393,393,393,410,442,459,459,557,557,571,571,273,293,293,293,14,33,56,68,80,126,138,70,70,70],"floor_reached":51,"playtime":3945,"items_purged":[],"score":1002,"play_id":"b4e9a433-a96a-47e3-a92f-d3cccc65621e","local_time":"20181229043803","is_ascension_mode":true,"campfire_choices":[{"data":"Footwork","floor":6.0,"key":"SMITH"},{"data":"Dash","floor":8.0,"key":"SMITH"},{"floor":15.0,"key":"REST"},{"floor":24,"key":"REST"},{"data":"Well Laid Plans","floor":28,"key":"SMITH"},{"floor":32,"key":"REST"},{"data":"Footwork","floor":40,"key":"SMITH"},{"floor":45,"key":"REST"},{"floor":47,"key":"REST"},{"data":"Footwork","floor":49,"key":"SMITH"}],"neow_cost":"NONE","seed_source_timestamp":636735152170411,"circlet_count":0,"master_deck":["Defend_G+1","Defend_G+1","Defend_G+1","Defend_G+1","Defend_G+1","Strike_G+1","Strike_G+1","Strike_G+1","Strike_G+1","Survivor","Neutralize","Quick Slash","Footwork+1","Die Die Die","Blur","Blade Dance","Dash+1","Quick Slash","Dagger Throw","Malaise","Footwork+1","Burst","Well Laid Plans+1","Backflip","Backstab","Terror","After Image","Acrobatics+1","Unload","Prepared+1","Footwork+1","Dagger Throw","PiercingWail+1","Acrobatics","Well Laid Plans","Footwork","Writhe","Footwork","Prepared","Master of Strategy","Footwork"],"special_seed":0,"relics":["Tiny House","Tough Bandages","Bottled Tornado","Sozu","Enchiridion","Old Coin","Tingsha","Orrery","Bottled Lightning","Bag of Preparation","MawBank","Ancient Tea Set"],"potions_floor_usage":[31,33],"damage_taken":[{"damage":2.0,"enemies":"Jaw Worm","floor":1.0,"turns":4.0},{"damage":4.0,"enemies":"2 Louse","floor":2.0,"turns":4.0},{"damage":0.0,"enemies":"Small Slimes","floor":4.0,"turns":3.0},{"damage":7.0,"enemies":"3 Louse","floor":5.0,"turns":5.0},{"damage":0.0,"enemies":"2 Fungi Beasts","floor":10.0,"turns":4.0},{"damage":10.0,"enemies":"Lots of Slimes","floor":11.0,"turns":2.0},{"damage":7.0,"enemies":"3 Sentries","floor":12.0,"turns":8.0},{"damage":0.0,"enemies":"Large Slime","floor":13.0,"turns":8.0},{"damage":28.0,"enemies":"Hexaghost","floor":16.0,"turns":19.0},{"damage":3,"enemies":"2 Thieves","floor":18,"turns":5},{"damage":4,"enemies":"Chosen","floor":21,"turns":6},{"damage":0,"enemies":"Snecko","floor":22,"turns":10},{"damage":9,"enemies":"Centurion and Healer","floor":25,"turns":7},{"damage":2,"enemies":"Snake Plant","floor":29,"turns":7},{"damage":0,"enemies":"Gremlin Leader","floor":30,"turns":10},{"damage":8,"enemies":"Sentry and Sphere","floor":31,"turns":8},{"damage":22,"enemies":"Collector","floor":33,"turns":12},{"damage":0,"enemies":"3 Shapes","floor":35,"turns":4},{"damage":37,"enemies":"3 Darklings","floor":38,"turns":7},{"damage":10,"enemies":"Jaw Worm Horde","floor":42,"turns":7},{"damage":20,"enemies":"Giant Head","floor":46,"turns":14},{"damage":61,"enemies":"Time Eater","floor":50,"turns":27}],"seed_played":"-2796006394456858215","potions_obtained":[{"floor":0.0,"key":"EssenceOfSteel"},{"floor":2.0,"key":"Explosive Potion"},{"floor":12.0,"key":"Swift Potion"},{"floor":16.0,"key":"Regen Potion"}],"is_trial":false,"path_per_floor":["M","M","?","M","M","R","?","R","T","M","M","?","M","$","R","B",null,"M","$","?","M","M","?","R","M","T","?","R","M","E","M","R","B",null,"M","?","$","M","?","R","$","M","T","?","R","E","R","$","R","B",null],"character_chosen":"THE_SILENT","items_purchased":["Malaise","Footwork","Block Potion","Well Laid Plans","Well Laid Plans","Bottled Lightning","Bag of Preparation","Footwork","Prepared","Footwork"],"campfire_rested":5,"item_purchase_floors":[14,14,14,19,37,37,41,41,41,48],"current_hp_per_floor":[66,62,62,62,55,55,55,55,55,55,45,38,38,38,60,32,64,61,61,61,57,57,41,63,54,54,54,54,52,52,44,66,59,71,71,71,71,34,53,53,53,43,43,43,65,45,67,67,67,6],"gold":70,"neow_bonus":"BOSS_RELIC","is_prod":false,"is_daily":false,"chose_seed":false,"campfire_upgraded":5,"win_rate":0,"timestamp":1546076283,"path_taken":["M","M","?","M","M","R","?","R","T","M","M","?","M","?","R","BOSS","M","$","?","M","M","?","R","M","T","?","R","M","E","M","R","BOSS","M","?","$","?","?","R","$","M","T","?","R","E","R","?","R","BOSS"],"build_version":"2018-12-20","purchased_purges":0,"victory":true,"max_hp_per_floor":[75,75,75,75,75,75,75,75,75,75,75,75,75,75,75,75,75,75,75,75,75,75,75,75,75,75,75,75,75,75,75,75,75,75,75,75,75,75,75,75,75,75,75,75,75,75,75,75,75,75],"card_choices":[{"not_picked":["Outmaneuver","Dagger Spray"],"picked":"Quick Slash","floor":0.0},{"not_picked":["Escape Plan","Acrobatics"],"picked":"Footwork","floor":1.0},{"not_picked":["Blade Dance","Flying Knee"],"picked":"Die Die Die","floor":2.0},{"not_picked":["Outmaneuver","Cloak And Dagger"],"picked":"Blur","floor":4.0},{"not_picked":["Underhanded Strike","Distraction"],"picked":"Blade Dance","floor":5.0},{"not_picked":["Bane","Slice"],"picked":"Quick Slash","floor":10.0},{"not_picked":["Bouncing Flask","Bane","Sucker Punch"],"picked":"SKIP","floor":11.0},{"not_picked":["Backstab","Deflect"],"picked":"Dagger Throw","floor":13.0},{"not_picked":["Storm of Steel","Die Die Die"],"picked":"Burst","floor":16.0},{"not_picked":["Accuracy","Bouncing Flask+1","Deflect"],"picked":"SKIP","floor":18},{"not_picked":["Crippling Poison","Terror+1"],"picked":"Backflip","floor":21},{"not_picked":["Catalyst","Sucker Punch+1"],"picked":"Backstab","floor":22},{"not_picked":["Outmaneuver","Dagger Spray","Blade Dance"],"picked":"SKIP","floor":25},{"not_picked":["Sucker Punch","Poisoned Stab"],"picked":"Terror","floor":29},{"not_picked":["Underhanded Strike+1","PiercingWail"],"picked":"After Image","floor":30},{"not_picked":["Blade Dance","Flying Knee"],"picked":"Acrobatics+1","floor":31},{"not_picked":["Envenom","Phantasmal Killer"],"picked":"Unload","floor":33},{"not_picked":["All Out Attack+1","Setup+1"],"picked":"Prepared+1","floor":34},{"not_picked":["Dodge and Roll+1","Dagger Spray"],"picked":"Footwork","floor":34},{"not_picked":["PiercingWail","Distraction+1"],"picked":"Dagger Throw","floor":34},{"not_picked":["Finisher","Terror"],"picked":"PiercingWail+1","floor":34},{"not_picked":["Caltrops","Choke"],"picked":"Acrobatics","floor":34},{"not_picked":["Poisoned Stab+1","Flying Knee+1","Dagger Spray"],"picked":"SKIP","floor":35},{"not_picked":["Poisoned Stab+1","Calculated Gamble"],"picked":"Footwork","floor":38},{"not_picked":["PiercingWail+1","Escape Plan","Dagger Spray+1"],"picked":"SKIP","floor":42},{"not_picked":["Forethought","Impatience"],"picked":"Master of Strategy","floor":44},{"not_picked":["Acrobatics","Escape Plan+1","Deflect+1"],"picked":"SKIP","floor":46}],"player_experience":317717,"relics_obtained":[{"floor":9.0,"key":"Tough Bandages"},{"floor":12.0,"key":"Bottled Tornado"},{"floor":23,"key":"Enchiridion"},{"floor":26,"key":"Old Coin"},{"floor":30,"key":"Tingsha"},{"floor":43,"key":"MawBank"},{"floor":46,"key":"Ancient Tea Set"}],"event_choices":[{"damage_healed":0.0,"max_hp_gain":0.0,"max_hp_loss":0.0,"gold_gain":0.0,"event_name":"The Cleric","player_choice":"Leave","floor":3.0,"gold_loss":0.0,"damage_taken":0.0},{"damage_healed":0.0,"max_hp_gain":0.0,"max_hp_loss":0.0,"gold_gain":0.0,"cards_transformed":["Strike_G"],"event_name":"Living Wall","player_choice":"Change","floor":7.0,"gold_loss":0.0,"damage_taken":0.0,"cards_obtained":["Dash"]},{"damage_healed":0.0,"max_hp_gain":0.0,"max_hp_loss":0.0,"gold_gain":30.0,"event_name":"Dead Adventurer","player_choice":"Searched \u00273\u0027 times","floor":12.0,"gold_loss":0.0,"damage_taken":0.0},{"damage_healed":0,"gold_gain":0,"player_choice":"Simplicity","damage_taken":0,"max_hp_gain":0,"max_hp_loss":0,"event_name":"Back to Basics","floor":20,"gold_loss":0,"cards_upgraded":["Defend_G","Defend_G","Defend_G","Defend_G","Defend_G","Strike_G","Strike_G","Strike_G"]},{"damage_healed":0,"gold_gain":0,"player_choice":"Obtained Book","damage_taken":16,"max_hp_gain":0,"max_hp_loss":0,"event_name":"Cursed Tome","floor":23,"gold_loss":0},{"damage_healed":0,"gold_gain":0,"player_choice":"Ignored","damage_taken":0,"max_hp_gain":0,"max_hp_loss":0,"event_name":"Vampires","floor":27,"gold_loss":0},{"damage_healed":0,"gold_gain":0,"player_choice":"Ignored","damage_taken":0,"max_hp_gain":0,"max_hp_loss":0,"event_name":"SecretPortal","floor":36,"gold_loss":0},{"damage_healed":19,"gold_gain":0,"player_choice":"Writhe","damage_taken":0,"max_hp_gain":0,"max_hp_loss":0,"event_name":"Winding Halls","floor":39,"gold_loss":0,"cards_obtained":["Writhe"]},{"damage_healed":0,"gold_gain":0,"player_choice":"Memory 1","damage_taken":0,"max_hp_gain":0,"max_hp_loss":0,"event_name":"SensoryStone","floor":44,"gold_loss":0}],"is_beta":false,"boss_relics":[{"not_picked":["Coffee Dripper","Calling Bell"],"picked":"Sozu"},{"not_picked":["Black Star","Runic Pyramid"],"picked":"Orrery"}],"items_purged_floors":[],"is_endless":false,"potions_floor_spawned":[2,12,13,16,22,25,30,31,38,46],"ascension_level":8}