{"gold_per_floor":[113,131,131,142,162,162,174,174,174,174,184,213,226,243,243,347,347,359,53,73,90,90],"floor_reached":22,"playtime":973,"items_purged":[],"score":240,"play_id":"ac615842-6842-4ccc-b18c-48fd7cfc5cce","local_time":"20181211001531","is_ascension_mode":true,"campfire_choices":[{"data":"Deadly Poison","floor":6.0,"key":"SMITH"},{"data":"Terror","floor":8.0,"key":"SMITH"},{"data":"Survivor","floor":10.0,"key":"SMITH"},{"floor":15.0,"key":"REST"}],"neow_cost":"NONE","seed_source_timestamp":205336649398520,"circlet_count":0,"master_deck":["Defend_G","Defend_G","Defend_G","Defend_G","Defend_G","Strike_G","Strike_G","Strike_G","Strike_G","Survivor+1","Neutralize+1","Deadly Poison+1","Deadly Poison","Terror+1","Poisoned Stab","Envenom","Footwork","Bullet Time","Bane","Bane"],"special_seed":0,"relics":["Eternal Feather","Shuriken","Art of War","Empty Cage","Orichalcum"],"potions_floor_usage":[22],"damage_taken":[{"damage":1.0,"enemies":"Small Slimes","floor":1.0,"turns":4.0},{"damage":0.0,"enemies":"Cultist","floor":2.0,"turns":4.0},{"damage":0.0,"enemies":"2 Louse","floor":4.0,"turns":3.0},{"damage":9.0,"enemies":"Blue Slaver","floor":5.0,"turns":4.0},{"damage":2.0,"enemies":"Large Slime","floor":7.0,"turns":5.0},{"damage":9.0,"enemies":"Red Slaver","floor":11.0,"turns":3.0},{"damage":22.0,"enemies":"3 Sentries","floor":12.0,"turns":8.0},{"damage":2.0,"enemies":"2 Fungi Beasts","floor":13.0,"turns":3.0},{"damage":11.0,"enemies":"Exordium Wildlife","floor":14.0,"turns":4.0},{"damage":12.0,"enemies":"Slime Boss","floor":16.0,"turns":9.0},{"damage":10.0,"enemies":"Shell Parasite","floor":18.0,"turns":4.0},{"damage":5.0,"enemies":"Spheric Guardian","floor":20.0,"turns":3.0},{"damage":28.0,"enemies":"Shelled Parasite and Fungi","floor":21.0,"turns":6.0},{"damage":35,"enemies":"Snake Plant","floor":22,"turns":4}],"seed_played":"1839306247781895494","potions_obtained":[{"floor":2.0,"key":"Fire Potion"},{"floor":5.0,"key":"Fire Potion"},{"floor":12.0,"key":"Ancient Potion"},{"floor":13.0,"key":"Swift Potion"},{"floor":16.0,"key":"FairyPotion"},{"floor":21.0,"key":"FearPotion"}],"is_trial":false,"path_per_floor":["M","M","?","M","M","R","M","R","T","R","M","E","M","M","R","B",null,"M","$","M","M","M"],"character_chosen":"THE_SILENT","items_purchased":["Orichalcum","Bullet Time"],"campfire_rested":1,"item_purchase_floors":[19,19],"current_hp_per_floor":[69,69,69,69,60,69,67,70,70,70,61,39,37,26,56,44,64,54,54,49,21,0],"gold":90,"neow_bonus":"BOSS_RELIC","is_prod":false,"is_daily":false,"chose_seed":false,"campfire_upgraded":3,"win_rate":0,"timestamp":1544505331,"path_taken":["M","M","?","M","M","R","?","R","T","R","M","E","M","M","R","BOSS","M","$","M","M","M"],"build_version":"2018-12-06","purchased_purges":0,"victory":false,"max_hp_per_floor":[70,70,70,70,70,70,70,70,70,70,70,70,70,70,70,70,70,70,70,70,70,70],"card_choices":[{"not_picked":["Riddle With Holes","Tactician"],"picked":"Blade Dance","floor":1.0},{"not_picked":["Sucker Punch","Slice"],"picked":"Deadly Poison","floor":2.0},{"not_picked":["Expertise","Slice","Dagger Spray"],"picked":"SKIP","floor":4.0},{"not_picked":["Poisoned Stab","Cloak And Dagger"],"picked":"Deadly Poison","floor":5.0},{"not_picked":["Quick Slash","Blade Dance"],"picked":"Terror","floor":7.0},{"not_picked":["Expertise","Infinite Blades","Masterful Stab"],"picked":"SKIP","floor":11.0},{"not_picked":["Cloak And Dagger","Distraction","Masterful Stab"],"picked":"SKIP","floor":12.0},{"not_picked":["Prepared","Outmaneuver"],"picked":"Poisoned Stab","floor":13.0},{"not_picked":["Blade Dance","Skewer","Quick Slash"],"picked":"SKIP","floor":14.0},{"not_picked":["Doppelganger","Grand Finale"],"picked":"Envenom","floor":16.0},{"not_picked":["Backflip","Prepared"],"picked":"Footwork","floor":18.0},{"not_picked":["All Out Attack","Backflip+1"],"picked":"Bane","floor":20.0},{"not_picked":["Dodge and Roll","Poisoned Stab"],"picked":"Bane","floor":21.0}],"player_experience":254261,"relics_obtained":[{"floor":9.0,"key":"Shuriken"},{"floor":12.0,"key":"Art of War"}],"event_choices":[{"damage_healed":0.0,"max_hp_gain":0.0,"max_hp_loss":0.0,"gold_gain":0.0,"event_name":"Accursed Blacksmith","player_choice":"Forge","floor":3.0,"gold_loss":0.0,"damage_taken":0.0,"cards_upgraded":["Neutralize"]}],"is_beta":false,"boss_relics":[{"not_picked":["HoveringKite","Velvet Choker"],"picked":"Empty Cage"}],"items_purged_floors":[],"is_endless":false,"potions_floor_spawned":[2,5,12,13,16,21],"killed_by":"Snake Plant","ascension_level":5}