{"gold_per_floor":[116,131,30,30,45,45,18,18,18,18,18,36,36,63,63,164,164,174,194,139,159,159,159,487,513,513,513,543,59,77,95,95,196,196,214,214,70,90,90,90,125,142,192,208,308,308,308,324,324,324],"floor_reached":51,"playtime":5420,"items_purged":["Pain"],"score":910,"play_id":"96bf0289-d960-432a-a21c-a61c64bbd7c4","local_time":"20190226195855","is_ascension_mode":true,"campfire_choices":[{"floor":6,"key":"REST"},{"data":"Dagger Spray","floor":8,"key":"SMITH"},{"data":"Terror","floor":13,"key":"SMITH"},{"data":"Leg Sweep","floor":15,"key":"SMITH"},{"floor":23,"key":"REST"},{"floor":27,"key":"REST"},{"data":"A Thousand Cuts","floor":32,"key":"SMITH"},{"data":"Blade Dance","floor":40,"key":"SMITH"},{"floor":47,"key":"REST"},{"floor":49,"key":"REST"}],"neow_cost":"CURSE","seed_source_timestamp":787163577940930,"circlet_count":0,"master_deck":["Defend_G","Defend_G","Defend_G","Defend_G","Defend_G","Strike_G","Strike_G","Strike_G","Strike_G","Strike_G","Survivor","Neutralize","Terror+1","Leg Sweep+1","Slice","Skewer","Dagger Spray+1","Backflip","Blur","A Thousand Cuts+1","Dagger Spray+1","Predator+1","Blade Dance+1","Dodge and Roll","Corpse Explosion","Footwork","PiercingWail+1","Burst","Caltrops","Burst","Deflect","Deadly Poison","Infinite Blades","Crippling Poison","Deadly Poison+1","Caltrops+1"],"relics":["Ring of the Snake","StoneCalendar","Juzu Bracelet","Ninja Scroll","Blood Vial","WristBlade","Tiny Chest","MutagenicStrength","Old Coin","Pen Nib","Prayer Wheel","Anchor","TwistedFunnel","Ornamental Fan","Busted Crown","MawBank","Gambling Chip","Boot","The Specimen"],"potions_floor_usage":[12,16,21,33,33,33,41,50,50,50],"damage_taken":[{"damage":7,"enemies":"2 Louse","floor":1,"turns":4},{"damage":2,"enemies":"Small Slimes","floor":2,"turns":3},{"damage":0,"enemies":"Cultist","floor":5,"turns":3},{"damage":0,"enemies":"Gremlin Gang","floor":12,"turns":1},{"damage":7,"enemies":"Lagavulin","floor":14,"turns":5},{"damage":14,"enemies":"Hexaghost","floor":16,"turns":9},{"damage":6,"enemies":"Spheric Guardian","floor":18,"turns":3},{"damage":5,"enemies":"Shell Parasite","floor":19,"turns":4},{"damage":30,"enemies":"Snake Plant","floor":21,"turns":4},{"damage":10,"enemies":"Slavers","floor":24,"turns":3},{"damage":26,"enemies":"Book of Stabbing","floor":28,"turns":4},{"damage":0,"enemies":"Snecko","floor":30,"turns":1},{"damage":0,"enemies":"Chosen and Byrds","floor":31,"turns":4},{"damage":48,"enemies":"Champ","floor":33,"turns":11},{"damage":0,"enemies":"Orb Walker","floor":35,"turns":1},{"damage":0,"enemies":"3 Shapes","floor":38,"turns":1},{"damage":35,"enemies":"Reptomancer","floor":41,"turns":5},{"damage":8,"enemies":"Spire Growth","floor":42,"turns":5},{"damage":13,"enemies":"Writhing Mass","floor":44,"turns":4},{"damage":6,"enemies":"Mind Bloom Boss Battle","floor":45,"turns":4},{"damage":0,"enemies":"Jaw Worm Horde","floor":48,"turns":1},{"damage":44,"enemies":"Donu and Deca","floor":50,"turns":7}],"seed_played":"-4938151126061371404","potions_obtained":[{"floor":2,"key":"GhostInAJar"},{"floor":5,"key":"Explosive Potion"},{"floor":12,"key":"Energy Potion"},{"floor":16,"key":"Poison Potion"},{"floor":18,"key":"Regen Potion"},{"floor":30,"key":"EssenceOfSteel"},{"floor":33,"key":"Poison Potion"},{"floor":44,"key":"Dexterity Potion"},{"floor":45,"key":"PowerPotion"},{"floor":48,"key":"SneckoOil"}],"is_trial":false,"path_per_floor":["M","M","$","?","M","R","$","R","T","?","?","M","R","E","R","B",null,"M","M","?","M","?","R","E","T","T","R","E","$","M","M","R","B",null,"M","T","$","M","?","R","E","M","T","M","?","?","R","M","R","B",null],"character_chosen":"THE_SILENT","items_purchased":["Slice","Dagger Spray","TwistedFunnel","Ornamental Fan","Footwork","Infinite Blades","Crippling Poison"],"campfire_rested":5,"item_purchase_floors":[3,7,29,29,29,37,37],"current_hp_per_floor":[63,61,61,28,28,49,49,49,49,49,49,49,49,42,42,30,60,56,53,53,25,25,46,38,38,38,59,35,35,37,39,39,8,55,57,57,57,59,59,59,26,20,20,9,5,5,26,28,49,7],"gold":324,"neow_bonus":"ONE_RARE_RELIC","is_prod":false,"is_daily":false,"chose_seed":false,"campfire_upgraded":5,"win_rate":0,"timestamp":1551229135,"path_taken":["M","M","$","?","M","R","$","R","T","?","?","M","R","E","R","BOSS","M","M","?","M","?","R","E","?","T","R","E","$","M","M","R","BOSS","M","?","$","M","?","R","E","M","T","M","?","?","R","M","R","BOSS"],"build_version":"2019-01-23","purchased_purges":1,"victory":true,"max_hp_per_floor":[70,70,70,70,70,70,70,70,70,70,70,70,70,70,70,70,70,70,70,70,70,70,70,70,70,70,70,70,70,70,70,70,70,70,70,70,70,70,70,70,70,70,70,70,70,70,70,70,70,70],"card_choices":[{"not_picked":["All Out Attack","Escape Plan"],"picked":"Terror","floor":1},{"not_picked":["Dodge and Roll","Deflect"],"picked":"Leg Sweep","floor":2},{"not_picked":["Dash","Infinite Blades"],"picked":"Skewer","floor":5},{"not_picked":["Skewer","Masterful Stab"],"picked":"Backflip","floor":12},{"not_picked":["Grand Finale","Accuracy"],"picked":"Blur","floor":14},{"not_picked":["Tools of the Trade","Doppelganger"],"picked":"A Thousand Cuts","floor":16},{"not_picked":["Acrobatics","Sucker Punch"],"picked":"Dagger Spray+1","floor":18},{"not_picked":["Quick Slash","Outmaneuver"],"picked":"Predator+1","floor":19},{"not_picked":["Poisoned Stab","Deadly Poison"],"picked":"Blade Dance","floor":21},{"not_picked":["Backflip","Caltrops"],"picked":"Dodge and Roll","floor":24},{"not_picked":["All Out Attack","Dagger Spray"],"picked":"Corpse Explosion","floor":28},{"not_picked":["Slice","Acrobatics+1"],"picked":"Poisoned Stab","floor":30},{"not_picked":["Flying Knee","Deflect+1"],"picked":"PiercingWail+1","floor":30},{"not_picked":["Accuracy","Poisoned Stab+1"],"picked":"Burst","floor":31},{"not_picked":["Riddle With Holes","Outmaneuver"],"picked":"Caltrops","floor":31},{"not_picked":["Corpse Explosion","Venomology"],"picked":"Burst","floor":33},{"not_picked":[],"picked":"Deflect","floor":35},{"not_picked":[],"picked":"Deadly Poison","floor":35},{"not_picked":[],"picked":"Deadly Poison+1","floor":38},{"not_picked":["Accuracy"],"picked":"SKIP","floor":38},{"not_picked":["Skewer"],"picked":"SKIP","floor":41},{"not_picked":["Bane+1"],"picked":"SKIP","floor":42},{"not_picked":["Accuracy"],"picked":"SKIP","floor":42},{"not_picked":[],"picked":"Caltrops+1","floor":44},{"not_picked":["Flying Knee+1"],"picked":"SKIP","floor":44},{"not_picked":["Acrobatics+1"],"picked":"SKIP","floor":48},{"not_picked":["Tactician"],"picked":"SKIP","floor":48}],"player_experience":326731,"relics_obtained":[{"floor":9,"key":"Ninja Scroll"},{"floor":14,"key":"Blood Vial"},{"floor":24,"key":"Old Coin"},{"floor":25,"key":"Pen Nib"},{"floor":26,"key":"Prayer Wheel"},{"floor":28,"key":"Anchor"},{"floor":36,"key":"MawBank"},{"floor":41,"key":"Gambling Chip"},{"floor":43,"key":"Boot"},{"floor":45,"key":"The Specimen"}],"event_choices":[{"damage_healed":0,"gold_gain":0,"player_choice":"Success","damage_taken":33,"relics_obtained":["Juzu Bracelet"],"max_hp_gain":0,"max_hp_loss":0,"event_name":"Scrap Ooze","floor":4,"gold_loss":0},{"damage_healed":0,"gold_gain":0,"player_choice":"Ignored","damage_taken":0,"max_hp_gain":0,"max_hp_loss":0,"event_name":"Liars Game","floor":10,"gold_loss":0},{"damage_healed":0,"gold_gain":0,"player_choice":"Leave","damage_taken":0,"max_hp_gain":0,"max_hp_loss":0,"event_name":"The Cleric","floor":11,"gold_loss":0},{"damage_healed":0,"gold_gain":0,"player_choice":"Obtained Relic","damage_taken":0,"relics_obtained":["Tiny Chest"],"max_hp_gain":0,"max_hp_loss":0,"event_name":"Addict","floor":20,"gold_loss":85},{"damage_healed":0,"gold_gain":0,"player_choice":"Inject Mutagens","damage_taken":0,"relics_obtained":["MutagenicStrength"],"max_hp_gain":0,"max_hp_loss":0,"event_name":"Drug Dealer","floor":22,"gold_loss":0},{"cards_removed":["Poisoned Stab"],"damage_healed":0,"gold_gain":0,"player_choice":"Removed Attack","damage_taken":0,"max_hp_gain":0,"max_hp_loss":0,"event_name":"Falling","floor":39,"gold_loss":0},{"damage_healed":0,"gold_gain":0,"player_choice":"Fight","damage_taken":0,"max_hp_gain":0,"max_hp_loss":0,"event_name":"MindBloom","floor":45,"gold_loss":0},{"damage_healed":0,"gold_gain":0,"player_choice":"Ignored","damage_taken":0,"max_hp_gain":0,"max_hp_loss":0,"event_name":"Mysterious Sphere","floor":46,"gold_loss":0}],"is_beta":false,"boss_relics":[{"not_picked":["Orrery","Black Star"],"picked":"WristBlade"},{"not_picked":["Velvet Choker","Fusion Hammer"],"picked":"Busted Crown"}],"items_purged_floors":[3],"is_endless":false,"potions_floor_spawned":[2,5,12,16,18,30,33,44,45,48],"ascension_level":5}