{"gold_per_floor":[116,136,136,5,29,29,43,43,125,138,138,153,187,187,187,307,307,323,323,346,9,9,9,32,68,68,80,17,50,62,89,101,113],"floor_reached":33,"playtime":2395,"items_purged":[],"score":280,"play_id":"50d75dc9-34dc-44fd-985b-4ff338d51707","local_time":"20181021022845","is_ascension_mode":true,"campfire_choices":[{"data":"Consume","floor":6.0,"key":"SMITH"},{"floor":8.0,"key":"REST"},{"data":"Streamline","floor":15,"key":"SMITH"},{"floor":23,"key":"REST"},{"floor":27,"key":"REST"},{"data":"Zap","floor":30,"key":"SMITH"},{"floor":32,"key":"REST"}],"neow_cost":"NONE","seed_source_timestamp":180016309077493,"circlet_count":0,"master_deck":["Strike_B","Strike_B","Strike_B","Strike_B","Defend_B","Defend_B","Defend_B","Defend_B","Zap+1","Dualcast","Streamline+1","Hologram","Consume+1","Conserve Battery","Sweeping Beam","Stack","BootSequence","Go for the Eyes","FTL","Parasite","Reboot","Hologram+1","Gash","Loop","Leap","Loop+1","Glacier","Cold Snap","Leap"],"special_seed":0,"relics":["Cracked Core","Golden Idol","Meat on the Bone","Ancient Tea Set","Mummified Hand","Cursed Key","Letter Opener","Dodecahedron","MawBank"],"potions_floor_usage":[16,19,25,25,29],"damage_taken":[{"damage":6.0,"enemies":"Jaw Worm","floor":1.0,"turns":3.0},{"damage":0.0,"enemies":"Small Slimes","floor":2.0,"turns":3.0},{"damage":0.0,"enemies":"Cultist","floor":5.0,"turns":3.0},{"damage":0.0,"enemies":"2 Fungi Beasts","floor":7.0,"turns":4.0},{"damage":0.0,"enemies":"Large Slime","floor":10.0,"turns":5.0},{"damage":1,"enemies":"Blue Slaver","floor":12,"turns":3},{"damage":30,"enemies":"Gremlin Nob","floor":13,"turns":5},{"damage":8,"enemies":"Slime Boss","floor":16,"turns":8},{"damage":11,"enemies":"3 Byrds","floor":18,"turns":4},{"damage":26,"enemies":"Colosseum Slavers","floor":19,"turns":5},{"damage":9,"enemies":"2 Thieves","floor":20,"turns":4},{"damage":24,"enemies":"Shelled Parasite and Fungi","floor":24,"turns":6},{"damage":28,"enemies":"Slavers","floor":25,"turns":5},{"damage":25,"enemies":"Snake Plant","floor":29,"turns":5},{"damage":0,"enemies":"Sentry and Sphere","floor":31,"turns":5},{"damage":74,"enemies":"Automaton","floor":33,"turns":18}],"seed_played":"-2395747224200833586","potions_obtained":[{"floor":2.0,"key":"Poison Potion"},{"floor":7.0,"key":"Swift Potion"},{"floor":10.0,"key":"EssenceOfSteel"},{"floor":12,"key":"Energy Potion"},{"floor":20,"key":"EssenceOfSteel"},{"floor":24,"key":"Swift Potion"}],"is_trial":false,"path_per_floor":["M","M","?","$","M","R","M","R","T","M","?","M","E","?","R","B",null,"M","?","M","$","?","R","M","E","T","R","?","M","R","M","R"],"character_chosen":"DEFECT","items_purchased":["Consume","Conserve Battery","Loop","Leap","Letter Opener"],"campfire_rested":4,"item_purchase_floors":[4,4,21,21,21],"current_hp_per_floor":[76,76,56,56,56,56,56,80,80,80,77,76,46,66,66,58,82,71,45,48,48,48,72,48,32,32,56,56,43,43,43,67,0],"gold":113,"neow_bonus":"TEN_PERCENT_HP_BONUS","is_prod":false,"is_daily":false,"chose_seed":false,"campfire_upgraded":3,"win_rate":0,"timestamp":1540103325,"path_taken":["M","M","?","$","M","R","M","R","T","M","?","M","E","?","R","BOSS","M","?","M","$","?","R","M","E","T","R","?","M","R","M","R","BOSS"],"build_version":"2018-10-18","purchased_purges":0,"victory":false,"max_hp_per_floor":[82,82,82,82,82,82,82,82,82,82,82,82,82,82,82,82,82,82,82,82,82,82,82,82,82,82,82,82,82,82,82,82,82],"card_choices":[{"not_picked":["Rebound","Blizzard"],"picked":"Streamline","floor":1.0},{"not_picked":["Undo","Scrape"],"picked":"Hologram","floor":2.0},{"not_picked":["Gash","Rebound"],"picked":"Sweeping Beam","floor":5.0},{"not_picked":["Lockon","Chaos"],"picked":"Stack","floor":7.0},{"not_picked":["Rebound","Blizzard"],"picked":"BootSequence","floor":10.0},{"not_picked":["Glacier","Sweeping Beam"],"picked":"Go for the Eyes","floor":12},{"not_picked":["Gash","Aggregate"],"picked":"FTL","floor":13},{"not_picked":["Rainbow","Biased Cognition"],"picked":"Reboot","floor":16},{"not_picked":["Lockon+1","Go for the Eyes+1"],"picked":"Hologram+1","floor":18},{"not_picked":["Stack","Rebound"],"picked":"Gash","floor":20},{"not_picked":["Barrage","Rebound+1"],"picked":"Loop+1","floor":24},{"not_picked":["Amplify","Rebound+1"],"picked":"Glacier","floor":25},{"not_picked":["Stack","Barrage"],"picked":"Cold Snap","floor":29},{"not_picked":["Hologram","Beam Cell"],"picked":"Leap","floor":31}],"player_experience":68331,"relics_obtained":[{"floor":9.0,"key":"Meat on the Bone"},{"floor":13,"key":"Mummified Hand"},{"floor":25,"key":"Dodecahedron"},{"floor":26,"key":"MawBank"}],"event_choices":[{"damage_healed":0.0,"max_hp_gain":0.0,"max_hp_loss":0.0,"gold_gain":0.0,"event_name":"Golden Idol","player_choice":"Take Damage","floor":3.0,"gold_loss":0.0,"damage_taken":20.0,"relics_obtained":["Golden Idol"]},{"damage_healed":0.0,"max_hp_gain":0.0,"max_hp_loss":0.0,"gold_gain":0.0,"event_name":"Scrap Ooze","player_choice":"Success","floor":11.0,"gold_loss":0.0,"damage_taken":3.0,"relics_obtained":["Ancient Tea Set"]},{"damage_healed":20,"gold_gain":0,"player_choice":"Healed and dodged fight","damage_taken":0,"max_hp_gain":0,"max_hp_loss":0,"event_name":"Mushrooms","floor":14,"gold_loss":0,"cards_obtained":["Parasite"]},{"damage_healed":0,"gold_gain":0,"player_choice":"Fight","damage_taken":0,"max_hp_gain":0,"max_hp_loss":0,"event_name":"Colosseum","floor":19,"gold_loss":0},{"damage_healed":0,"gold_gain":0,"player_choice":"Fled From Nobs","damage_taken":0,"max_hp_gain":0,"max_hp_loss":0,"event_name":"Colosseum","floor":19,"gold_loss":0},{"damage_healed":0,"gold_gain":0,"player_choice":"Ignored","damage_taken":0,"max_hp_gain":0,"max_hp_loss":0,"event_name":"Ghosts","floor":22,"gold_loss":0},{"cards_removed":["Injury"],"damage_healed":0,"gold_gain":0,"player_choice":"Gave Gold","damage_taken":0,"max_hp_gain":0,"max_hp_loss":0,"event_name":"Beggar","floor":28,"gold_loss":75}],"is_beta":false,"boss_relics":[{"not_picked":["Ectoplasm","Velvet Choker"],"picked":"Cursed Key"}],"items_purged_floors":[],"is_endless":false,"potions_floor_spawned":[2,7,10,12,19,20,24],"killed_by":"Automaton","ascension_level":1}