{"gold_per_floor":[113,188,188,202,216,250,250,266,266,266,313,313,344,29,29,125,125,138,158,158,158,168,168,194,194,194,194,208,208,1,11,11,115,115,134,134,150,60,60,120,120,134,212,245,245,279,69,84,84,84],"floor_reached":51,"playtime":5182,"items_purged":["Defend_B"],"score":779,"play_id":"ef1d0c2a-fa30-47e7-a504-132674fe9e4e","local_time":"20190115005218","is_ascension_mode":true,"campfire_choices":[{"floor":7,"key":"REST"},{"floor":12,"key":"REST"},{"floor":15,"key":"REST"},{"data":"Apotheosis","floor":23,"key":"SMITH"},{"floor":27,"key":"REST"},{"floor":32,"key":"REST"},{"floor":41,"key":"REST"},{"floor":45,"key":"REST"},{"floor":49,"key":"REST"}],"neow_cost":"TEN_PERCENT_HP_LOSS","seed_source_timestamp":213855195609072,"circlet_count":0,"master_deck":["Strike_B","Strike_B","Defend_B","Defend_B+1","Zap","Dualcast","Jack Of All Trades","Apotheosis+1","Cold Snap","Ball Lightning","BootSequence","Conserve Battery+1","Sweeping Beam","Cold Snap","Reprogram","Echo Form","Sweeping Beam+1","Rip and Tear+1","Lockon+1","Gash+1","Stack+1","Leap","Ball Lightning+1","Defragment+1"],"relics":["Cracked Core","Incense Burner","Gremlin Horn","Odd Mushroom","Blue Candle","Molten Egg 2","Busted Crown","War Paint","Question Card","Torii","MutagenicStrength","Runic Capacitor","Lizard Tail","Dream Catcher","Tiny Chest","Kunai","Shuriken","Toolbox"],"potions_floor_usage":[6,16,19,22,33,39,44,50,50],"damage_taken":[{"damage":4,"enemies":"Jaw Worm","floor":1,"turns":3},{"damage":0,"enemies":"Cultist","floor":4,"turns":3},{"damage":9,"enemies":"2 Louse","floor":5,"turns":2},{"damage":26,"enemies":"Gremlin Nob","floor":6,"turns":4},{"damage":1,"enemies":"Blue Slaver","floor":8,"turns":4},{"damage":1,"enemies":"The Mushroom Lair","floor":11,"turns":3},{"damage":17,"enemies":"3 Sentries","floor":13,"turns":5},{"damage":22,"enemies":"Hexaghost","floor":16,"turns":10},{"damage":5,"enemies":"2 Thieves","floor":18,"turns":3},{"damage":0,"enemies":"Spheric Guardian","floor":19,"turns":3},{"damage":6,"enemies":"Snake Plant","floor":22,"turns":3},{"damage":18,"enemies":"Gremlin Leader","floor":24,"turns":5},{"damage":16,"enemies":"Snecko","floor":28,"turns":4},{"damage":9,"enemies":"3 Cultists","floor":31,"turns":4},{"damage":42,"enemies":"Automaton","floor":33,"turns":10},{"damage":17,"enemies":"Orb Walker","floor":35,"turns":3},{"damage":2,"enemies":"3 Shapes","floor":37,"turns":5},{"damage":1,"enemies":"Jaw Worm Horde","floor":39,"turns":3},{"damage":40,"enemies":"Nemesis","floor":40,"turns":9},{"damage":0,"enemies":"Maw","floor":42,"turns":8},{"damage":2,"enemies":"Reptomancer","floor":44,"turns":6},{"damage":12,"enemies":"Sphere and 2 Shapes","floor":46,"turns":4},{"damage":0,"enemies":"4 Shapes","floor":48,"turns":2},{"damage":18,"enemies":"Awakened One","floor":50,"turns":10}],"seed_played":"-3323544029418359130","potions_obtained":[{"floor":3,"key":"SneckoOil"},{"floor":3,"key":"SmokeBomb"},{"floor":3,"key":"Fire Potion"},{"floor":8,"key":"FearPotion"},{"floor":13,"key":"Weak Potion"},{"floor":16,"key":"Weak Potion"},{"floor":18,"key":"AttackPotion"},{"floor":19,"key":"FocusPotion"},{"floor":24,"key":"EntropicBrew"},{"floor":37,"key":"EssenceOfSteel"},{"floor":44,"key":"GamblersBrew"},{"floor":46,"key":"EssenceOfSteel"},{"floor":48,"key":"EssenceOfSteel"}],"is_trial":false,"path_per_floor":["M","?","?","M","M","E","R","M","T","?","?","R","E","$","R","B",null,"M","M","?","?","M","R","E","T","T","R","M","?","$","M","R","B",null,"M","?","M","?","M","E","R","M","T","E","R","M","$","M","R","B",null],"character_chosen":"DEFECT","items_purchased":["Molten Egg 2","Runic Capacitor","Toolbox"],"campfire_rested":8,"item_purchase_floors":[14,30,47],"current_hp_per_floor":[64,53,53,53,44,18,38,37,37,30,29,49,32,32,52,30,68,63,63,63,63,57,57,39,39,39,59,43,43,43,34,54,12,68,51,51,49,49,48,8,28,28,28,26,46,34,34,34,54,36],"gold":84,"neow_bonus":"RANDOM_COLORLESS_2","is_prod":false,"is_daily":false,"chose_seed":false,"campfire_upgraded":1,"win_rate":0,"timestamp":1547542338,"path_taken":["M","?","?","?","M","E","R","M","T","?","?","R","E","?","R","BOSS","M","M","?","?","M","R","E","?","T","R","?","?","?","M","R","BOSS","M","?","?","?","M","E","R","M","T","E","R","M","$","?","R","BOSS"],"build_version":"2019-01-10","purchased_purges":1,"victory":true,"max_hp_per_floor":[68,68,68,68,68,68,68,68,68,68,68,68,68,68,68,68,68,68,68,68,68,68,68,68,68,68,68,68,68,68,68,68,68,68,68,68,68,68,68,68,68,68,68,68,68,68,68,68,68,68],"card_choices":[{"not_picked":["Gash","Rebound"],"picked":"Cold Snap","floor":1},{"not_picked":["Chill","Coolheaded"],"picked":"Ball Lightning","floor":4},{"not_picked":["Darkness","Storm"],"picked":"BootSequence","floor":5},{"not_picked":["Thunder Strike","Multi-Cast"],"picked":"Conserve Battery","floor":6},{"not_picked":["Rebound","Sunder"],"picked":"Sweeping Beam","floor":8},{"not_picked":["Reinforced Body","Barrage"],"picked":"Cold Snap","floor":11},{"not_picked":["Scrape","Steam Power"],"picked":"Reprogram","floor":13},{"not_picked":["Amplify","Meteor Strike+1"],"picked":"Echo Form","floor":16},{"not_picked":[],"picked":"Sweeping Beam+1","floor":18},{"not_picked":[],"picked":"Rip and Tear+1","floor":19},{"not_picked":["Aggregate"],"picked":"SKIP","floor":22},{"not_picked":["Barrage+1"],"picked":"SKIP","floor":24},{"not_picked":["Chaos"],"picked":"Gash+1","floor":28},{"not_picked":["Blizzard+1"],"picked":"Stack","floor":31},{"not_picked":["Redo"],"picked":"Leap","floor":35},{"not_picked":["Steam Power","Skim+1"],"picked":"SKIP","floor":37},{"not_picked":["BootSequence+1","Tempest"],"picked":"SKIP","floor":40},{"not_picked":["FTL+1","Steam"],"picked":"SKIP","floor":42},{"not_picked":["Aggregate+1","Scrape+1"],"picked":"SKIP","floor":44},{"not_picked":["Go for the Eyes+1"],"picked":"Ball Lightning+1","floor":46},{"not_picked":["Buffer","Hologram"],"picked":"SKIP","floor":48},{"not_picked":["Turbo+1"],"picked":"Defragment+1","floor":49}],"player_experience":156033,"relics_obtained":[{"floor":6,"key":"Incense Burner"},{"floor":9,"key":"Gremlin Horn"},{"floor":11,"key":"Odd Mushroom"},{"floor":13,"key":"Blue Candle"},{"floor":24,"key":"War Paint"},{"floor":25,"key":"Question Card"},{"floor":26,"key":"Torii"},{"floor":40,"key":"Tiny Chest"},{"floor":43,"key":"Kunai"},{"floor":44,"key":"Shuriken"}],"event_choices":[{"damage_healed":0,"gold_gain":75,"player_choice":"Gather Gold","damage_taken":11,"max_hp_gain":0,"max_hp_loss":0,"event_name":"World of Goop","floor":2,"gold_loss":0},{"damage_healed":0,"gold_gain":0,"player_choice":"Got Potions","damage_taken":0,"max_hp_gain":0,"max_hp_loss":0,"event_name":"Lab","floor":3,"gold_loss":0},{"cards_removed":["Strike_B"],"damage_healed":0,"gold_gain":0,"player_choice":"Card Removal","damage_taken":7,"max_hp_gain":0,"max_hp_loss":0,"event_name":"Golden Wing","floor":10,"gold_loss":0},{"damage_healed":0,"gold_gain":0,"player_choice":"Fought Mushrooms","damage_taken":0,"max_hp_gain":0,"max_hp_loss":0,"event_name":"Mushrooms","floor":11,"gold_loss":0},{"damage_healed":0,"gold_gain":0,"player_choice":"Read","damage_taken":0,"max_hp_gain":0,"max_hp_loss":0,"event_name":"The Library","floor":20,"gold_loss":0,"cards_obtained":["Lockon"]},{"cards_removed":["Strike_B"],"damage_healed":0,"gold_gain":0,"player_choice":"Elegance","damage_taken":0,"max_hp_gain":0,"max_hp_loss":0,"event_name":"Back to Basics","floor":21,"gold_loss":0},{"damage_healed":0,"gold_gain":0,"player_choice":"Inject Mutagens","damage_taken":0,"relics_obtained":["MutagenicStrength"],"max_hp_gain":0,"max_hp_loss":0,"event_name":"Drug Dealer","floor":29,"gold_loss":0},{"damage_healed":0,"gold_gain":0,"player_choice":"Gave Potion","damage_taken":0,"relics_obtained":["Dream Catcher"],"max_hp_gain":0,"max_hp_loss":0,"event_name":"WeMeetAgain","floor":36,"gold_loss":0},{"cards_removed":["Defend_B"],"damage_healed":0,"gold_gain":0,"player_choice":"Upgrade and Remove","damage_taken":0,"max_hp_gain":0,"max_hp_loss":0,"event_name":"Designer","floor":38,"gold_loss":90,"cards_upgraded":["Stack"]}],"is_beta":false,"boss_relics":[{"not_picked":["Ectoplasm","Runic Pyramid"],"picked":"Busted Crown"},{"not_picked":["Cursed Key","Snecko Eye"],"picked":"Lizard Tail"}],"items_purged_floors":[14],"is_endless":false,"potions_floor_spawned":[8,13,16,18,19,24,28,37,39,44,46,48],"ascension_level":2}