{"gold_per_floor":[109,122,142,160,174,174,187,187,187,187,187,187,187,62,62,165,165,178,178,195,56,76,76,76,76,76,86,86,104,124,143,143,239,239,257,132,151,170,51,51,63,63,63,79,79,79,95,95,95,95],"floor_reached":51,"playtime":2955,"items_purged":["Parasite","Strike_B","Strike_B"],"score":718,"play_id":"908cd5db-c3fa-4fd6-b865-4e916d0bf013","local_time":"20190103030354","is_ascension_mode":false,"campfire_choices":[{"data":"Zap","floor":6.0,"key":"SMITH"},{"data":"Hologram","floor":8.0,"key":"SMITH"},{"data":"Beam Cell","floor":10.0,"key":"SMITH"},{"floor":15.0,"key":"REST"},{"data":"Capacitor","floor":23.0,"key":"SMITH"},{"data":"Consume","floor":25.0,"key":"SMITH"},{"data":"Chill","floor":28.0,"key":"SMITH"},{"data":"Undo","floor":32.0,"key":"SMITH"},{"data":"Echo Form","floor":40.0,"key":"SMITH"},{"floor":46.0,"key":"REST"},{"data":"Coolheaded","floor":49,"key":"SMITH"}],"neow_cost":"NONE","seed_source_timestamp":32127674313435,"circlet_count":0,"master_deck":["Defend_B","Defend_B+1","Defend_B","Zap+1","Dualcast+1","Loop+1","Genetic Algorithm+1","Compile Driver+1","Auto Shields","Conserve Battery","Consume+1","Self Repair","Beam Cell+1","Hologram+1","Coolheaded+1","Amplify","Capacitor+1","Chill+1","Sweeping Beam+1","Ball Lightning","Undo+1","Echo Form+1","Parasite","Chaos","Redo+1"],"special_seed":0,"relics":["Astrolabe"],"potions_floor_usage":[50,50,50],"damage_taken":[{"damage":7.0,"enemies":"Small Slimes","floor":1.0,"turns":3.0},{"damage":1.0,"enemies":"2 Louse","floor":2.0,"turns":2.0},{"damage":0.0,"enemies":"Jaw Worm","floor":3.0,"turns":4.0},{"damage":15.0,"enemies":"Exordium Thugs","floor":4.0,"turns":6.0},{"damage":19.0,"enemies":"Gremlin Gang","floor":5.0,"turns":7.0},{"damage":13.0,"enemies":"Red Slaver","floor":7.0,"turns":4.0},{"damage":7.0,"enemies":"Slime Boss","floor":16.0,"turns":13.0},{"damage":12.0,"enemies":"Chosen","floor":18.0,"turns":6.0},{"damage":8.0,"enemies":"Spheric Guardian","floor":20.0,"turns":6.0},{"damage":17.0,"enemies":"Snake Plant","floor":22.0,"turns":6.0},{"damage":13.0,"enemies":"Centurion and Healer","floor":27.0,"turns":9.0},{"damage":18.0,"enemies":"Snecko","floor":29.0,"turns":6.0},{"damage":7.0,"enemies":"Shelled Parasite and Fungi","floor":30.0,"turns":7.0},{"damage":1.0,"enemies":"Cultist and Chosen","floor":31.0,"turns":7.0},{"damage":17.0,"enemies":"Collector","floor":33.0,"turns":14.0},{"damage":28.0,"enemies":"Orb Walker","floor":35.0,"turns":6.0},{"damage":14.0,"enemies":"3 Shapes","floor":37.0,"turns":8.0},{"damage":0.0,"enemies":"Sphere and 2 Shapes","floor":38.0,"turns":10.0},{"damage":33.0,"enemies":"Maw","floor":41.0,"turns":12.0},{"damage":13.0,"enemies":"Writhing Mass","floor":44.0,"turns":7.0},{"damage":49,"enemies":"Transient","floor":47,"turns":5},{"damage":64,"enemies":"Donu and Deca","floor":50,"turns":13}],"seed_played":"7714574851500648353","potions_obtained":[{"floor":3.0,"key":"Poison Potion"},{"floor":5.0,"key":"FocusPotion"},{"floor":16.0,"key":"Energy Potion"},{"floor":18.0,"key":"Regen Potion"},{"floor":27.0,"key":"AttackPotion"},{"floor":37.0,"key":"AttackPotion"},{"floor":38.0,"key":"Energy Potion"},{"floor":44.0,"key":"EssenceOfSteel"}],"is_trial":false,"path_per_floor":["M","M","M","M","M","R","M","R","T","R","?","?","?","$","R","B",null,"M","?","M","$","M","R","?","R","T","M","R","M","M","M","R","B",null,"M","$","M","M","$","R","M","?","T","M","?","R","M","?","R","B",null],"character_chosen":"DEFECT","items_purchased":["Coolheaded","Heatsinks","LiquidBronze","AttackPotion"],"campfire_rested":2,"item_purchase_floors":[14,21,39,39],"current_hp_per_floor":[68,67,67,52,40,40,34,34,34,34,19,37,42,42,65,65,77,65,65,64,64,68,68,68,68,68,62,62,51,44,50,50,40,77,56,56,56,63,63,63,44,44,44,45,45,68,26,67,67,3],"gold":95,"neow_bonus":"BOSS_RELIC","is_prod":false,"is_daily":false,"chose_seed":false,"campfire_upgraded":9,"win_rate":0,"timestamp":1546477434,"path_taken":["M","M","M","M","M","R","M","R","T","R","?","?","?","$","R","BOSS","M","?","M","$","M","R","?","R","T","?","R","M","M","?","R","BOSS","M","?","M","M","$","R","M","?","T","M","?","R","?","?","R","BOSS"],"build_version":"2018-12-20","purchased_purges":3,"victory":true,"max_hp_per_floor":[75,75,75,75,75,75,75,75,75,75,75,75,80,77,77,77,77,77,77,77,77,77,77,77,77,77,77,77,77,77,77,77,77,77,77,77,77,77,77,77,77,77,77,77,77,77,77,67,67,67],"card_choices":[{"not_picked":["Conserve Battery","Cold Snap"],"picked":"Auto Shields","floor":1.0},{"not_picked":["Fusion","Redo"],"picked":"Conserve Battery","floor":2.0},{"not_picked":["Redo","Steam"],"picked":"Consume","floor":3.0},{"not_picked":["Turbo","Loop"],"picked":"Self Repair","floor":4.0},{"not_picked":["Rebound","Chaos"],"picked":"Beam Cell","floor":5.0},{"not_picked":["Darkness","Recycle"],"picked":"Hologram","floor":7.0},{"not_picked":["Meteor Strike","Hyperbeam"],"picked":"Amplify","floor":16.0},{"not_picked":["BootSequence","Heatsinks","Consume"],"picked":"SKIP","floor":18.0},{"not_picked":["Rebound","Doom and Gloom"],"picked":"Capacitor","floor":20.0},{"not_picked":["Genetic Algorithm","Hologram","Compile Driver+1"],"picked":"SKIP","floor":22.0},{"not_picked":["Rebound","Melter"],"picked":"Chill","floor":27.0},{"not_picked":["Recycle","Stack"],"picked":"Sweeping Beam+1","floor":29.0},{"not_picked":["Stack+1","Sunder"],"picked":"Ball Lightning","floor":30.0},{"not_picked":["Redo","Aggregate"],"picked":"Undo","floor":31.0},{"not_picked":["Fission","Multi-Cast"],"picked":"Echo Form","floor":33.0},{"not_picked":["Steam Power","Ball Lightning","Hologram"],"picked":"SKIP","floor":35.0},{"not_picked":["Compile Driver","Coolheaded","Rebound+1"],"picked":"SKIP","floor":37.0},{"not_picked":["Streamline","Self Repair","Rebound"],"picked":"SKIP","floor":38.0},{"not_picked":["Redo+1","Tempest+1","Recycle+1"],"picked":"SKIP","floor":41.0},{"not_picked":["Sweeping Beam","Aggregate","Rebound+1"],"picked":"SKIP","floor":44.0},{"not_picked":["Barrage","Leap"],"picked":"Redo+1","floor":47}],"player_experience":75508,"relics_obtained":[],"event_choices":[{"damage_healed":0.0,"max_hp_gain":0.0,"max_hp_loss":0.0,"gold_gain":0.0,"event_name":"Shining Light","player_choice":"Entered Light","floor":11.0,"gold_loss":0.0,"damage_taken":15.0,"cards_upgraded":["Defend_B","Dualcast"]},{"damage_healed":18.0,"max_hp_gain":0.0,"max_hp_loss":0.0,"gold_gain":0.0,"event_name":"Mushrooms","player_choice":"Healed and dodged fight","floor":12.0,"gold_loss":0.0,"damage_taken":0.0,"cards_obtained":["Parasite"]},{"damage_healed":0.0,"max_hp_gain":5.0,"max_hp_loss":0.0,"gold_gain":0.0,"event_name":"Big Fish","player_choice":"Donut","floor":13.0,"gold_loss":0.0,"damage_taken":0.0},{"damage_healed":0.0,"max_hp_gain":0.0,"max_hp_loss":0.0,"gold_gain":0.0,"event_name":"Ghosts","player_choice":"Ignored","floor":19.0,"gold_loss":0.0,"damage_taken":0.0},{"damage_healed":0.0,"max_hp_gain":0.0,"max_hp_loss":0.0,"gold_gain":0.0,"event_name":"Wheel of Change","player_choice":"Relic","floor":24.0,"gold_loss":0.0,"damage_taken":0.0},{"cards_removed":["Heatsinks"],"damage_healed":0.0,"max_hp_gain":0.0,"max_hp_loss":0.0,"gold_gain":0.0,"event_name":"Falling","player_choice":"Removed Power","floor":42.0,"gold_loss":0.0,"damage_taken":0.0},{"damage_healed":0.0,"max_hp_gain":0.0,"max_hp_loss":0.0,"gold_gain":0.0,"event_name":"Match and Keep!","player_choice":"1 cards matched","floor":45.0,"gold_loss":0.0,"damage_taken":0.0,"cards_obtained":["Chaos"]},{"damage_healed":67,"gold_gain":0,"player_choice":"Heal","damage_taken":0,"max_hp_gain":0,"max_hp_loss":10,"event_name":"The Moai Head","floor":48,"gold_loss":0}],"is_beta":false,"boss_relics":[{"not_picked":["Black Star","Lizard Tail","Sozu"]},{"not_picked":["Empty Cage","Snecko Eye","Runic Dome"]}],"items_purged_floors":[14,21,36],"is_endless":false,"potions_floor_spawned":[3,5,16,18,20,27,31,37,38,41,44],"ascension_level":0}