{"gold_per_floor":[111,111,127,145,220,256,280,280,360,360,124,124,143,167,167,286,286,306,306,321,331,165,165],"floor_reached":23,"playtime":930,"items_purged":["Strike_B"],"score":277,"play_id":"9b89224c-c06b-4b0d-b3d6-c73d823f402f","local_time":"20190128221537","is_ascension_mode":true,"campfire_choices":[{"floor":8.0,"key":"REST"},{"data":"Dualcast","floor":10.0,"key":"SMITH"},{"floor":15.0,"key":"REST"}],"neow_cost":"NONE","seed_source_timestamp":641008384290051,"circlet_count":0,"master_deck":["Strike_B","Strike_B","Strike_B","Defend_B","Defend_B","Defend_B","Defend_B","Zap","Dualcast+1","Sweeping Beam","Streamline","Conserve Battery","Go for the Eyes","Glacier","Conserve Battery","Core Surge","Defragment","Rip and Tear","Leap","Creative AI","Consume","Enlightenment"],"special_seed":0,"relics":["Cracked Core","Bloody Idol","Darkstone Periapt","Tiny Chest","Dream Catcher","Runic Pyramid"],"potions_floor_usage":[23],"damage_taken":[{"damage":4.0,"enemies":"2 Louse","floor":1.0,"turns":2.0},{"damage":0.0,"enemies":"Small Slimes","floor":3.0,"turns":2.0},{"damage":2.0,"enemies":"Jaw Worm","floor":4.0,"turns":3.0},{"damage":31.0,"enemies":"Gremlin Nob","floor":6.0,"turns":4.0},{"damage":11.0,"enemies":"2 Fungi Beasts","floor":7.0,"turns":4.0},{"damage":4.0,"enemies":"Blue Slaver","floor":13.0,"turns":3.0},{"damage":4.0,"enemies":"The Guardian","floor":16.0,"turns":13.0},{"damage":1.0,"enemies":"Chosen","floor":18.0,"turns":7.0},{"damage":21.0,"enemies":"3 Byrds","floor":20.0,"turns":7.0},{"damage":34.0,"enemies":"Shelled Parasite and Fungi","floor":21.0,"turns":13.0},{"damage":22,"enemies":"Book of Stabbing","floor":23,"turns":6}],"seed_played":"-1974683057100068132","potions_obtained":[{"floor":3.0,"key":"GamblersBrew"},{"floor":4.0,"key":"Strength Potion"},{"floor":21.0,"key":"Dexterity Potion"}],"is_trial":false,"path_per_floor":["M","?","M","M","?","E","M","R","T","R","$","?","M","T","R","B",null,"M","?","M","M","$","E"],"character_chosen":"DEFECT","items_purchased":["Core Surge","Defragment","Enlightenment"],"campfire_rested":2,"item_purchase_floors":[11,11,22],"current_hp_per_floor":[64,64,64,62,51,20,9,29,29,29,29,29,25,25,45,41,62,61,61,45,16,16,0],"gold":165,"neow_bonus":"THREE_CARDS","is_prod":false,"is_daily":false,"chose_seed":false,"campfire_upgraded":1,"win_rate":0,"timestamp":1548706537,"path_taken":["M","?","M","M","?","E","M","R","T","R","?","?","?","?","R","BOSS","M","?","M","M","$","E"],"build_version":"2019-01-23","purchased_purges":1,"victory":false,"max_hp_per_floor":[75,69,69,69,69,69,69,69,69,69,69,69,69,69,69,69,69,69,69,69,69,69,69],"card_choices":[{"not_picked":["Hologram","Redo"],"picked":"Sweeping Beam","floor":0.0},{"not_picked":["Go for the Eyes","Sweeping Beam"],"picked":"Streamline","floor":1.0},{"not_picked":["FTL","Fusion"],"picked":"Conserve Battery","floor":3.0},{"not_picked":["Redo","Barrage"],"picked":"Go for the Eyes","floor":4.0},{"not_picked":["Rebound","Compile Driver"],"picked":"Glacier","floor":6.0},{"not_picked":["Static Discharge","Melter"],"picked":"Conserve Battery","floor":7.0},{"not_picked":["Steam","Coolheaded"],"picked":"Rip and Tear","floor":13.0},{"not_picked":["Conserve Battery","Streamline"],"picked":"Leap","floor":15.0},{"not_picked":["Fission","Hyperbeam"],"picked":"Creative AI","floor":16.0},{"not_picked":["Stack","Turbo","Consume"],"picked":"SKIP","floor":18.0},{"not_picked":["Stack","Turbo"],"picked":"Consume","floor":18.0},{"not_picked":["White Noise","Reinforced Body","Tempest+1"],"picked":"SKIP","floor":20.0},{"not_picked":["Consume","Cold Snap","Gash"],"picked":"SKIP","floor":21.0}],"player_experience":135113,"relics_obtained":[{"floor":6.0,"key":"Darkstone Periapt"},{"floor":9.0,"key":"Tiny Chest"},{"floor":14.0,"key":"Dream Catcher"}],"event_choices":[{"damage_healed":0.0,"max_hp_gain":0.0,"max_hp_loss":6.0,"gold_gain":0.0,"event_name":"Golden Idol","player_choice":"Lose Max HP","floor":2.0,"gold_loss":0.0,"damage_taken":0.0,"relics_obtained":["Golden Idol"]},{"damage_healed":0.0,"max_hp_gain":0.0,"max_hp_loss":0.0,"gold_gain":75.0,"event_name":"World of Goop","player_choice":"Gather Gold","floor":5.0,"gold_loss":0.0,"damage_taken":11.0},{"damage_healed":0.0,"max_hp_gain":0.0,"max_hp_loss":0.0,"gold_gain":0.0,"event_name":"Dead Adventurer","player_choice":"Searched \u00271\u0027 times","floor":12.0,"gold_loss":0.0,"damage_taken":0.0},{"damage_healed":0.0,"max_hp_gain":0.0,"max_hp_loss":0.0,"gold_gain":0.0,"event_name":"Forgotten Altar","player_choice":"Gave Idol","floor":19.0,"relics_lost":["Golden Idol"],"gold_loss":0.0,"damage_taken":0.0,"relics_obtained":["Bloody Idol"]}],"is_beta":false,"boss_relics":[{"not_picked":["Coffee Dripper","Pandora\u0027s Box"],"picked":"Runic Pyramid"}],"items_purged_floors":[22],"is_endless":false,"potions_floor_spawned":[3,4,21],"killed_by":"Book of Stabbing","ascension_level":9}