{"gold_per_floor":[112,112,37,54,69,69,88,101,127,159,176,30,64,78,78,173,173,192,292,312,55,55,55,65,0,23,39,138,53,53,53,53,148,198,210,170,186,196,207,207,134,145,145,0,10,10,30,56,56,56],"floor_reached":51,"playtime":7981,"items_purged":["Writhe"],"score":691,"play_id":"79544a73-1740-4243-bfb9-e69551cc90f6","local_time":"20190216015826","is_ascension_mode":false,"campfire_choices":[{"data":"Dualcast","floor":6,"key":"SMITH"},{"data":"White Noise","floor":15,"key":"SMITH"},{"data":"Beam Cell","floor":23,"key":"SMITH"},{"floor":32,"key":"REST"},{"data":"All For One","floor":40,"key":"SMITH"},{"floor":46,"key":"REST"},{"data":"Gash","floor":49,"key":"SMITH"}],"neow_cost":"CURSE","seed_source_timestamp":2097868942895812,"circlet_count":0,"master_deck":["Strike_B","Strike_B","Strike_B","Strike_B","Defend_B","Defend_B","Defend_B","Defend_B","Zap+1","Dualcast+1","Gash","Beam Cell+1","Ball Lightning+1","Ball Lightning","FTL","Genetic Algorithm","Gash","White Noise+1","Echo Form","Gash","All For One+1","Leap+1","Gash+1","Gash+1","White Noise+1","Hologram","Hologram","Hologram","Gash","Beam Cell+1","Beam Cell+1","Scrape","Gash","Rebound+1"],"relics":["Cracked Core","Prayer Wheel","Bronze Scales","Orichalcum","Lantern","Bag of Preparation","Philosopher\u0027s Stone","Bird Faced Urn","Bottled Tornado","Pear","Centennial Puzzle","Mercury Hourglass","Tiny House","Toxic Egg 2","Red Mask","Oddly Smooth Stone"],"potions_floor_usage":[8,10,16,16,18,20,33,35,42,42,45,50],"damage_taken":[{"damage":0,"enemies":"Small Slimes","floor":1,"turns":3},{"damage":0,"enemies":"Cultist","floor":4,"turns":3},{"damage":11,"enemies":"Jaw Worm","floor":5,"turns":2},{"damage":2,"enemies":"Blue Slaver","floor":7,"turns":2},{"damage":0,"enemies":"Red Slaver","floor":8,"turns":3},{"damage":13,"enemies":"Gremlin Nob","floor":10,"turns":3},{"damage":0,"enemies":"Looter","floor":11,"turns":1},{"damage":13,"enemies":"Lagavulin","floor":13,"turns":4},{"damage":0,"enemies":"2 Fungi Beasts","floor":14,"turns":2},{"damage":24,"enemies":"The Guardian","floor":16,"turns":6},{"damage":1,"enemies":"Spheric Guardian","floor":18,"turns":3},{"damage":28,"enemies":"Colosseum Slavers","floor":19,"turns":4},{"damage":20,"enemies":"Colosseum Nobs","floor":19,"turns":4},{"damage":3,"enemies":"2 Thieves","floor":20,"turns":4},{"damage":5,"enemies":"Sentry and Sphere","floor":24,"turns":3},{"damage":0,"enemies":"Cultist and Chosen","floor":27,"turns":3},{"damage":13,"enemies":"Collector","floor":33,"turns":6},{"damage":11,"enemies":"3 Darklings","floor":35,"turns":4},{"damage":3,"enemies":"Orb Walker","floor":37,"turns":2},{"damage":3,"enemies":"Sphere and 2 Shapes","floor":38,"turns":3},{"damage":19,"enemies":"4 Shapes","floor":39,"turns":3},{"damage":17,"enemies":"3 Darklings","floor":42,"turns":3},{"damage":21,"enemies":"Spire Growth","floor":45,"turns":4},{"damage":3,"enemies":"Jaw Worm Horde","floor":47,"turns":3},{"damage":4,"enemies":"Giant Head","floor":48,"turns":3},{"damage":29,"enemies":"Donu and Deca","floor":50,"turns":5}],"seed_played":"-6476471373861543558","potions_obtained":[{"floor":4,"key":"FocusPotion"},{"floor":5,"key":"SteroidPotion"},{"floor":7,"key":"Dexterity Potion"},{"floor":8,"key":"Swift Potion"},{"floor":14,"key":"Poison Potion"},{"floor":16,"key":"SkillPotion"},{"floor":19,"key":"EssenceOfSteel"},{"floor":20,"key":"FairyPotion"},{"floor":27,"key":"LiquidBronze"},{"floor":34,"key":"EssenceOfSteel"},{"floor":35,"key":"FearPotion"},{"floor":42,"key":"SkillPotion"},{"floor":45,"key":"Energy Potion"}],"is_trial":false,"path_per_floor":["M","?","$","M","M","R","M","M","T","E","M","$","E","M","R","B",null,"M","?","M","$","?","R","M","?","T","M","?","?","$","?","R","B",null,"M","?","M","M","M","R","$","M","T","?","M","R","M","E","R","B",null],"character_chosen":"DEFECT","items_purchased":["Lantern","Pear","Scrape"],"campfire_rested":2,"item_purchase_floors":[12,21,41],"current_hp_per_floor":[75,75,75,75,64,64,62,62,62,49,49,49,36,36,36,12,75,74,26,29,39,39,39,38,38,38,44,44,44,44,44,69,64,90,83,83,86,87,71,71,71,56,56,56,39,66,71,71,71,50],"gold":56,"neow_bonus":"ONE_RARE_RELIC","is_prod":false,"is_daily":false,"chose_seed":false,"campfire_upgraded":5,"win_rate":0,"timestamp":1550300306,"path_taken":["M","?","$","M","M","R","?","M","T","E","M","$","E","M","R","BOSS","M","?","M","$","?","R","?","?","T","M","?","?","?","?","R","BOSS","M","?","M","M","?","R","$","M","T","?","M","R","M","E","R","BOSS"],"build_version":"2019-01-23","purchased_purges":1,"victory":true,"max_hp_per_floor":[75,75,75,75,75,75,75,75,75,75,75,75,75,75,75,75,75,75,75,75,85,85,85,85,85,85,85,85,85,85,85,85,85,90,90,90,90,90,90,90,90,90,90,90,90,90,90,90,90,90],"card_choices":[{"not_picked":["Beam Cell","Aggregate"],"picked":"Gash","floor":1},{"not_picked":["Ball Lightning","Chill"],"picked":"Beam Cell","floor":1},{"not_picked":["Streamline","Darkness"],"picked":"Ball Lightning","floor":4},{"not_picked":["Stack","Rip and Tear"],"picked":"Ball Lightning","floor":4},{"not_picked":["Heatsinks","Auto Shields"],"picked":"FTL","floor":5},{"not_picked":["Conserve Battery","Double Energy","Turbo"],"picked":"SKIP","floor":5},{"not_picked":["Electrodynamics","Coolheaded"],"picked":"Genetic Algorithm","floor":7},{"not_picked":["Fusion","Redo","Barrage"],"picked":"SKIP","floor":7},{"not_picked":["Aggregate","Cold Snap"],"picked":"Gash","floor":8},{"not_picked":["Consume","Defragment"],"picked":"White Noise","floor":8},{"not_picked":["Consume","Machine Learning","Rainbow"],"picked":"SKIP","floor":10},{"not_picked":["Redo","Cold Snap","Heatsinks"],"picked":"SKIP","floor":11},{"not_picked":["Sweeping Beam","Compile Driver","Turbo"],"picked":"SKIP","floor":11},{"not_picked":["Fusion","Barrage","Biased Cognition"],"picked":"SKIP","floor":13},{"not_picked":["Double Energy","Hello World","Rip and Tear"],"picked":"SKIP","floor":14},{"not_picked":["White Noise","Coolheaded","Doom and Gloom"],"picked":"SKIP","floor":14},{"not_picked":["Hyperbeam","Biased Cognition"],"picked":"Echo Form","floor":16},{"not_picked":["Lockon","Beam Cell","Static Discharge"],"picked":"SKIP","floor":18},{"not_picked":["Go for the Eyes","Darkness+1","Streamline+1"],"picked":"SKIP","floor":18},{"not_picked":["Cold Snap+1","Hologram"],"picked":"Gash","floor":19},{"not_picked":["Go for the Eyes","Cold Snap"],"picked":"All For One","floor":20},{"not_picked":["Lockon+1","Steam"],"picked":"Leap+1","floor":20},{"not_picked":["Ball Lightning","Stack"],"picked":"Gash","floor":24},{"not_picked":["Recycle+1","Barrage"],"picked":"White Noise+1","floor":24},{"not_picked":["Streamline","Redo"],"picked":"Hologram","floor":27},{"not_picked":["Stack","Conserve Battery","Skim+1"],"picked":"SKIP","floor":27},{"not_picked":["Glacier","Stack+1"],"picked":"Hologram","floor":35},{"not_picked":["Loop","Leap"],"picked":"Hologram","floor":35},{"not_picked":["Stack","Loop"],"picked":"Gash","floor":37},{"not_picked":["White Noise","Barrage+1","Rip and Tear+1"],"picked":"SKIP","floor":37},{"not_picked":["Storm+1","Compile Driver"],"picked":"Beam Cell+1","floor":38},{"not_picked":["Rebound","Conserve Battery+1"],"picked":"Beam Cell+1","floor":38},{"not_picked":["Loop","Chill+1","Machine Learning"],"picked":"SKIP","floor":39},{"not_picked":["Compile Driver","Sweeping Beam+1","Streamline+1"],"picked":"SKIP","floor":39},{"not_picked":["Static Discharge","Turbo","White Noise"],"picked":"SKIP","floor":42},{"not_picked":["Rip and Tear","Fission","Recycle"],"picked":"SKIP","floor":42},{"not_picked":["Conserve Battery+1","Steam Power+1"],"picked":"Gash","floor":45},{"not_picked":["Barrage+1","Go for the Eyes"],"picked":"Rebound+1","floor":45},{"not_picked":["Tempest+1","Recycle+1","Turbo+1"],"picked":"SKIP","floor":47},{"not_picked":["Fission+1","Ball Lightning+1","Barrage+1"],"picked":"SKIP","floor":47},{"not_picked":["Reinforced Body+1","Sweeping Beam","All For One"],"picked":"SKIP","floor":48}],"player_experience":107003,"relics_obtained":[{"floor":9,"key":"Bronze Scales"},{"floor":10,"key":"Orichalcum"},{"floor":13,"key":"Bag of Preparation"},{"floor":19,"key":"Bird Faced Urn"},{"floor":19,"key":"Bottled Tornado"},{"floor":26,"key":"Centennial Puzzle"},{"floor":43,"key":"Toxic Egg 2"},{"floor":48,"key":"Oddly Smooth Stone"}],"event_choices":[{"damage_healed":0,"gold_gain":0,"player_choice":"Upgraded","damage_taken":0,"max_hp_gain":0,"max_hp_loss":0,"event_name":"Upgrade Shrine","floor":2,"gold_loss":0,"cards_upgraded":["Zap"]},{"damage_healed":0,"gold_gain":0,"player_choice":"Fight","damage_taken":0,"max_hp_gain":0,"max_hp_loss":0,"event_name":"Colosseum","floor":19,"gold_loss":0},{"damage_healed":0,"gold_gain":0,"player_choice":"Fought Nobs","damage_taken":0,"max_hp_gain":0,"max_hp_loss":0,"event_name":"Colosseum","floor":19,"gold_loss":0},{"damage_healed":0,"gold_gain":0,"player_choice":"Copied","damage_taken":0,"max_hp_gain":0,"max_hp_loss":0,"event_name":"Duplicator","floor":22,"gold_loss":0,"cards_obtained":["Gash"]},{"damage_healed":0,"gold_gain":0,"player_choice":"Paid Fearfully","damage_taken":0,"max_hp_gain":0,"max_hp_loss":0,"event_name":"Masked Bandits","floor":25,"gold_loss":65},{"damage_healed":0,"gold_gain":99,"player_choice":"Stole From Cult","damage_taken":0,"max_hp_gain":0,"max_hp_loss":0,"event_name":"Nest","floor":28,"gold_loss":0},{"damage_healed":0,"gold_gain":0,"player_choice":"Obtained Relic","damage_taken":0,"relics_obtained":["Mercury Hourglass"],"max_hp_gain":0,"max_hp_loss":0,"event_name":"Addict","floor":29,"gold_loss":85},{"damage_healed":0,"gold_gain":0,"player_choice":"Ignored","damage_taken":0,"max_hp_gain":0,"max_hp_loss":0,"event_name":"Beggar","floor":31,"gold_loss":0},{"damage_healed":0,"gold_gain":0,"player_choice":"Upgrade","damage_taken":0,"max_hp_gain":0,"max_hp_loss":0,"event_name":"Designer","floor":36,"gold_loss":40,"cards_upgraded":["Ball Lightning"]},{"damage_healed":0,"gold_gain":0,"player_choice":"Paid","damage_taken":0,"relics_obtained":["Red Mask"],"max_hp_gain":0,"max_hp_loss":0,"event_name":"Tomb of Lord Red Mask","floor":44,"gold_loss":145}],"is_beta":false,"boss_relics":[{"not_picked":["Calling Bell","Runic Dome"],"picked":"Philosopher\u0027s Stone"},{"not_picked":["Black Star","Lizard Tail"],"picked":"Tiny House"}],"items_purged_floors":[3],"is_endless":false,"potions_floor_spawned":[4,5,7,8,14,16,19,20,27,35,39,42,45],"ascension_level":0}