{"gold_per_floor":[116,191,209,209,66,97,97,22,22,41,51,51,64,89,89,89],"floor_reached":16,"playtime":1979,"items_purged":["Strike_R"],"score":110,"play_id":"57c2b3ca-9687-42aa-8a2c-4c0cc97d9e27","local_time":"20190106234534","is_ascension_mode":false,"campfire_choices":[{"data":"Seeing Red","floor":7,"key":"SMITH"},{"data":"Pommel Strike","floor":12,"key":"SMITH"},{"data":"Dual Wield","floor":15,"key":"SMITH"}],"neow_cost":"NONE","seed_source_timestamp":617606127991776,"circlet_count":0,"master_deck":["Strike_R","Strike_R","Strike_R","Defend_R","Defend_R","Defend_R","Defend_R","Bash+1","Twin Strike","Seeing Red+1","Twin Strike","Clothesline","Pommel Strike+1","Dual Wield+1","Dark Embrace"],"relics":["Burning Blood","Pen Nib","Blood Vial","Bottled Lightning","Strawberry"],"potions_floor_usage":[13,14,16],"damage_taken":[{"damage":16,"enemies":"Jaw Worm","floor":1,"turns":5},{"damage":1,"enemies":"2 Louse","floor":3,"turns":2},{"damage":27,"enemies":"Gremlin Nob","floor":6,"turns":5},{"damage":6,"enemies":"Cultist","floor":10,"turns":3},{"damage":4,"enemies":"2 Fungi Beasts","floor":11,"turns":3},{"damage":0,"enemies":"3 Louse","floor":13,"turns":2},{"damage":13,"enemies":"3 Sentries","floor":14,"turns":5},{"damage":64,"enemies":"Slime Boss","floor":16,"turns":9}],"seed_played":"2682694973572335369","potions_obtained":[{"floor":6,"key":"Swift Potion"},{"floor":10,"key":"Regen Potion"},{"floor":11,"key":"AttackPotion"},{"floor":14,"key":"PowerPotion"}],"is_trial":false,"path_per_floor":["M","?","M","?","$","E","R","$","T","M","M","R","M","E","R","B"],"character_chosen":"IRONCLAD","items_purchased":["Pen Nib"],"campfire_rested":0,"item_purchase_floors":[5],"current_hp_per_floor":[70,59,64,57,57,36,36,36,36,38,42,42,55,57,57,0],"gold":89,"neow_bonus":"UPGRADE_CARD","is_prod":false,"is_daily":false,"chose_seed":false,"campfire_upgraded":3,"win_rate":0.0,"timestamp":1546847134,"path_taken":["M","?","M","?","?","E","R","$","T","?","M","R","M","E","R","BOSS"],"build_version":"2019-01-03v4","purchased_purges":1,"victory":false,"max_hp_per_floor":[80,80,80,80,80,80,80,80,80,80,80,80,80,87,87,87],"card_choices":[{"not_picked":["True Grit","Body Slam"],"picked":"Twin Strike","floor":1},{"not_picked":["Pummel","Sword Boomerang"],"picked":"Seeing Red","floor":3},{"not_picked":["Combust","Headbutt"],"picked":"Twin Strike","floor":6},{"not_picked":["Ghostly Armor","Searing Blow"],"picked":"Clothesline","floor":10},{"not_picked":["Seeing Red","Sword Boomerang"],"picked":"Pommel Strike","floor":11},{"not_picked":["Iron Wave","Headbutt"],"picked":"Dual Wield","floor":13},{"not_picked":["Second Wind","Clothesline"],"picked":"Dark Embrace","floor":14}],"player_experience":11151,"relics_obtained":[{"floor":6,"key":"Blood Vial"},{"floor":9,"key":"Bottled Lightning"},{"floor":14,"key":"Strawberry"}],"event_choices":[{"damage_healed":0,"gold_gain":75,"player_choice":"Gather Gold","damage_taken":11,"max_hp_gain":0,"max_hp_loss":0,"event_name":"World of Goop","floor":2,"gold_loss":0},{"cards_removed":["Strike_R"],"damage_healed":0,"gold_gain":0,"player_choice":"Card Removal","damage_taken":7,"max_hp_gain":0,"max_hp_loss":0,"event_name":"Golden Wing","floor":4,"gold_loss":0}],"is_beta":false,"boss_relics":[],"items_purged_floors":[8],"is_endless":false,"potions_floor_spawned":[6,10,11,14],"killed_by":"Slime Boss","ascension_level":0}