{"gold_per_floor":[210,138,157,157,180,180,193,193,193,193,20,45,45,81,81,202,202,225,246,131,46,46,46,70,90,90,90,90],"floor_reached":28,"playtime":1490,"items_purged":["Defend_R"],"score":270,"play_id":"069a4c86-2abb-4217-bf33-43195db97e0e","local_time":"20190207101027","is_ascension_mode":true,"campfire_choices":[{"floor":6,"key":"REST"},{"floor":8,"key":"REST"},{"data":"Inflame","floor":10,"key":"SMITH"},{"floor":15,"key":"REST"},{"floor":23,"key":"REST"}],"neow_cost":"NONE","seed_source_timestamp":2238251341024962,"circlet_count":0,"master_deck":["Strike_R","Strike_R","Strike_R","Strike_R","Strike_R","Defend_R+1","Defend_R+1","Defend_R","Bash","Thunderclap","Inflame+1","Shrug It Off","Pommel Strike","Heavy Blade","Shrug It Off","Pommel Strike+1","Pommel Strike","Offering","Dual Wield","Iron Wave","Armaments","Immolate","Thunderclap","Flex","Flame Barrier","Flex+1","Battle Trance"],"relics":["Burning Blood","Golden Idol","War Paint","Pen Nib","Odd Mushroom","Darkstone Periapt","Bottled Tornado","Orrery","Thread and Needle","Meat on the Bone"],"potions_floor_usage":[18,24,25],"damage_taken":[{"damage":12,"enemies":"Small Slimes","floor":1,"turns":3},{"damage":1,"enemies":"2 Louse","floor":3,"turns":3},{"damage":7,"enemies":"Jaw Worm","floor":5,"turns":3},{"damage":29,"enemies":"Exordium Wildlife","floor":7,"turns":7},{"damage":18,"enemies":"The Mushroom Lair","floor":12,"turns":4},{"damage":18,"enemies":"Gremlin Nob","floor":14,"turns":4},{"damage":25,"enemies":"Slime Boss","floor":16,"turns":8},{"damage":6,"enemies":"3 Byrds","floor":18,"turns":2},{"damage":28,"enemies":"2 Thieves","floor":19,"turns":3},{"damage":51,"enemies":"Centurion and Healer","floor":24,"turns":8},{"damage":14,"enemies":"Snake Plant","floor":25,"turns":5},{"damage":23,"enemies":"Book of Stabbing","floor":28,"turns":5}],"seed_played":"-7939440676834962973","potions_obtained":[{"floor":7,"key":"Swift Potion"},{"floor":16,"key":"Weak Potion"},{"floor":18,"key":"Regen Potion"}],"is_trial":false,"path_per_floor":["M","$","M","?","M","R","M","R","T","R","$","?","?","E","R","B",null,"M","M","$","?","?","R","M","M","T","$","E"],"character_chosen":"IRONCLAD","items_purchased":["Inflame","Pen Nib","Shrug It Off","Flame Barrier"],"campfire_rested":4,"item_purchase_floors":[2,11,11,20],"current_hp_per_floor":[74,74,79,59,58,80,57,80,80,80,80,68,65,53,77,58,75,75,53,53,53,53,77,37,29,29,29,6],"gold":90,"neow_bonus":"HUNDRED_GOLD","is_prod":false,"is_daily":false,"chose_seed":false,"campfire_upgraded":1,"win_rate":0,"timestamp":1549563027,"path_taken":["M","$","M","?","M","R","M","R","T","R","$","?","?","E","R","BOSS","M","M","$","?","?","R","M","?","T","$","E"],"build_version":"2019-01-23","purchased_purges":1,"victory":false,"max_hp_per_floor":[80,80,80,80,80,80,80,80,80,80,80,80,80,80,80,80,80,80,80,80,80,80,80,80,80,80,80,80],"card_choices":[{"not_picked":["Corruption","Bloodletting"],"picked":"Thunderclap","floor":1},{"not_picked":["Heavy Blade","True Grit"],"picked":"Shrug It Off","floor":3},{"not_picked":["Cleave","Entrench"],"picked":"Pommel Strike","floor":5},{"not_picked":["Wild Strike","Shrug It Off"],"picked":"Heavy Blade","floor":7},{"not_picked":["Clothesline","Cleave"],"picked":"Pommel Strike","floor":12},{"not_picked":["Perfected Strike","Hemokinesis"],"picked":"Pommel Strike","floor":14},{"not_picked":["Fiend Fire","Limit Break"],"picked":"Offering","floor":16},{"not_picked":["Wild Strike","Evolve"],"picked":"Dual Wield","floor":17},{"not_picked":["Corruption","Intimidate"],"picked":"Iron Wave","floor":17},{"not_picked":["Bloodletting","Cleave"],"picked":"Armaments","floor":17},{"not_picked":["True Grit","Clothesline"],"picked":"Immolate","floor":17},{"not_picked":["Sword Boomerang","Havoc"],"picked":"Thunderclap","floor":17},{"not_picked":["Havoc+1","Thunderclap","Body Slam"],"picked":"SKIP","floor":18},{"not_picked":["Thunderclap","Reckless Charge"],"picked":"Flex","floor":19},{"not_picked":["Bludgeon","Wild Strike+1"],"picked":"Flex+1","floor":24},{"not_picked":["Headbutt","Cleave"],"picked":"Battle Trance","floor":25}],"player_experience":260693,"relics_obtained":[{"floor":9,"key":"War Paint"},{"floor":12,"key":"Odd Mushroom"},{"floor":14,"key":"Bottled Tornado"},{"floor":26,"key":"Meat on the Bone"}],"event_choices":[{"damage_healed":0,"gold_gain":0,"player_choice":"Take Damage","damage_taken":20,"relics_obtained":["Golden Idol"],"max_hp_gain":0,"max_hp_loss":0,"event_name":"Golden Idol","floor":4,"gold_loss":0},{"damage_healed":0,"gold_gain":0,"player_choice":"Fought Mushrooms","damage_taken":0,"max_hp_gain":0,"max_hp_loss":0,"event_name":"Mushrooms","floor":12,"gold_loss":0},{"damage_healed":0,"gold_gain":0,"player_choice":"Success","damage_taken":3,"relics_obtained":["Darkstone Periapt"],"max_hp_gain":0,"max_hp_loss":0,"event_name":"Scrap Ooze","floor":13,"gold_loss":0},{"damage_healed":0,"gold_gain":0,"player_choice":"Obtained Relic","damage_taken":0,"relics_obtained":["Thread and Needle"],"max_hp_gain":0,"max_hp_loss":0,"event_name":"Addict","floor":21,"gold_loss":85},{"damage_healed":0,"gold_gain":0,"player_choice":"Forge","damage_taken":0,"max_hp_gain":0,"max_hp_loss":0,"event_name":"Accursed Blacksmith","floor":22,"gold_loss":0,"cards_upgraded":["Pommel Strike"]}],"is_beta":false,"boss_relics":[{"not_picked":["White Beast Statue","Snecko Eye"],"picked":"Orrery"}],"items_purged_floors":[20],"is_endless":false,"potions_floor_spawned":[7,16,18],"killed_by":"Book of Stabbing","ascension_level":5}