{"gold_per_floor":[14,33,33,46,62,62,74,24,70,70],"floor_reached":10,"playtime":369,"items_purged":[],"score":60,"play_id":"575b7280-e8c0-4ecf-ab93-089df3eee8aa","local_time":"20190101181853","is_ascension_mode":false,"campfire_choices":[{"floor":6,"key":"DIG"}],"neow_cost":"NO_GOLD","seed_source_timestamp":9681945288660,"circlet_count":0,"master_deck":["Strike_R","Strike_R+1","Strike_R","Strike_R","Defend_R","Defend_R","Defend_R","Defend_R","Bash","Carnage+1","Clothesline","Shrug It Off","True Grit"],"relics":["Burning Blood","Shovel","Mummified Hand","Regal Pillow"],"potions_floor_usage":[5],"damage_taken":[{"damage":3,"enemies":"2 Louse","floor":1,"turns":3},{"damage":6,"enemies":"Jaw Worm","floor":2,"turns":4},{"damage":0,"enemies":"Small Slimes","floor":4,"turns":3},{"damage":12,"enemies":"3 Louse","floor":5,"turns":2},{"damage":4,"enemies":"2 Fungi Beasts","floor":7,"turns":3},{"damage":16,"enemies":"Lots of Slimes","floor":10,"turns":17}],"seed_played":"4302926846315726095","potions_obtained":[{"floor":1,"key":"Poison Potion"},{"floor":4,"key":"Explosive Potion"}],"is_trial":false,"path_per_floor":["M","M","?","M","M","R","M","?","T","M"],"character_chosen":"IRONCLAD","items_purchased":[],"campfire_rested":0,"item_purchase_floors":[],"current_hp_per_floor":[80,80,64,70,64,64,66,66,66,50],"gold":70,"neow_bonus":"ONE_RARE_RELIC","is_prod":false,"is_daily":false,"chose_seed":false,"campfire_upgraded":0,"win_rate":0,"timestamp":1546359533,"path_taken":["M","M","?","M","M","R","M","?","T","M"],"build_version":"2018-12-20","purchased_purges":0,"victory":false,"max_hp_per_floor":[80,80,80,80,80,80,80,80,80,80],"card_choices":[{"not_picked":["Fire Breathing","Cleave"],"picked":"Carnage","floor":1},{"not_picked":["Anger","Shrug It Off"],"picked":"Clothesline","floor":2},{"not_picked":["Corruption","Anger","Wild Strike"],"picked":"SKIP","floor":4},{"not_picked":["Body Slam","Flex"],"picked":"Shrug It Off","floor":5},{"not_picked":["Carnage","Dropkick"],"picked":"True Grit","floor":7}],"player_experience":61985,"relics_obtained":[{"floor":6,"key":"Mummified Hand"},{"floor":9,"key":"Regal Pillow"}],"event_choices":[{"damage_healed":0,"gold_gain":0,"player_choice":"Entered Light","damage_taken":16,"max_hp_gain":0,"max_hp_loss":0,"event_name":"Shining Light","floor":3,"gold_loss":0,"cards_upgraded":["Carnage","Strike_R"]},{"cards_removed":["Strike_R"],"damage_healed":0,"gold_gain":0,"player_choice":"Card Removal","damage_taken":0,"max_hp_gain":0,"max_hp_loss":0,"event_name":"The Cleric","floor":8,"gold_loss":50}],"is_beta":false,"boss_relics":[],"items_purged_floors":[],"is_endless":false,"potions_floor_spawned":[1,4],"killed_by":"Lots of Slimes","ascension_level":0}