{"gold_per_floor":[111,111,111,63,83,111,111,124,200,213,265,278,304,304,304,399,399,412,430,301,301,301,301,301,26,26,39,69,69,85,97,97,193,193,208,254,254,270,281,281,293,321,373,373,23,23,50,70,70,70],"floor_reached":51,"playtime":2020,"items_purged":["Strike_R"],"score":1068,"play_id":"757de027-4906-4a24-96e4-b12d455e52cc","local_time":"20190219010134","is_ascension_mode":true,"campfire_choices":[{"data":"Bash","floor":7,"key":"SMITH"},{"data":"Shockwave","floor":15,"key":"SMITH"},{"data":"Armaments","floor":23,"key":"SMITH"},{"data":"Juggernaut","floor":29,"key":"SMITH"},{"data":"Inflame","floor":32,"key":"SMITH"},{"data":"Dark Embrace","floor":40,"key":"SMITH"},{"data":"Spot Weakness","floor":49,"key":"SMITH"}],"neow_cost":"PERCENT_DAMAGE","seed_source_timestamp":32184292042136,"circlet_count":0,"master_deck":["Strike_R+1","Strike_R+1","Defend_R+1","Defend_R+1","Defend_R+1","Defend_R+1","Bash+1","Reaper","Iron Wave","Twin Strike","Shrug It Off","Shockwave+1","Inflame+1","Headbutt","True Grit","Flame Barrier","Feed","Rampage","Battle Trance","Armaments+1","Whirlwind","Pummel","Juggernaut+1","True Grit+1","Flame Barrier","Immolate","Dark Embrace+1","Disarm","Sword Boomerang+1","Spot Weakness+1"],"special_seed":0,"relics":["Burning Blood","Vajra","Centennial Puzzle","Question Card","Mercury Hourglass","Mark of Pain","Enchiridion","Medical Kit","Darkstone Periapt","Red Skull","Sozu","Torii","Singing Bowl","Ancient Tea Set","PreservedInsect","HandDrill","Pen Nib"],"potions_floor_usage":[16,33,41,50],"damage_taken":[{"damage":9.0,"enemies":"Jaw Worm","floor":1.0,"turns":7.0},{"damage":7.0,"enemies":"2 Louse","floor":5.0,"turns":3.0},{"damage":50,"enemies":"Lagavulin","floor":6,"turns":7},{"damage":0,"enemies":"Small Slimes","floor":8,"turns":3},{"damage":16,"enemies":"Exordium Thugs","floor":10,"turns":4},{"damage":1,"enemies":"2 Fungi Beasts","floor":12,"turns":3},{"damage":30,"enemies":"3 Sentries","floor":13,"turns":7},{"damage":16,"enemies":"Hexaghost","floor":16,"turns":10},{"damage":4,"enemies":"Chosen","floor":18,"turns":4},{"damage":14,"enemies":"Shell Parasite","floor":19,"turns":4},{"damage":21,"enemies":"Shelled Parasite and Fungi","floor":27,"turns":6},{"damage":16,"enemies":"Gremlin Leader","floor":28,"turns":6},{"damage":7,"enemies":"Centurion and Healer","floor":30,"turns":5},{"damage":22,"enemies":"Snecko","floor":31,"turns":5},{"damage":44,"enemies":"Champ","floor":33,"turns":8},{"damage":33,"enemies":"3 Darklings","floor":35,"turns":3},{"damage":39,"enemies":"2 Orb Walkers","floor":36,"turns":5},{"damage":0,"enemies":"Orb Walker","floor":38,"turns":3},{"damage":12,"enemies":"4 Shapes","floor":39,"turns":3},{"damage":9,"enemies":"Writhing Mass","floor":41,"turns":7},{"damage":29,"enemies":"Reptomancer","floor":42,"turns":5},{"damage":19,"enemies":"Giant Head","floor":47,"turns":6},{"damage":12,"enemies":"Transient","floor":48,"turns":5},{"damage":115,"enemies":"Donu and Deca","floor":50,"turns":8}],"seed_played":"-1532545307043310783","potions_obtained":[{"floor":6,"key":"SkillPotion"},{"floor":8,"key":"SpeedPotion"},{"floor":13,"key":"FearPotion"},{"floor":16,"key":"Energy Potion"},{"floor":28,"key":"LiquidBronze"},{"floor":31,"key":"SteroidPotion"}],"is_trial":false,"path_per_floor":["M","?","?","$","M","E","R","M","T","M","?","M","E","?","R","B",null,"M","M","$","?","?","R","?","$","T","M","E","R","M","M","R","B",null,"M","?","?","M","M","R","M","E","T","?","$","?","E","M","R","B",null],"character_chosen":"IRONCLAD","items_purchased":["Twin Strike","Armaments","Medical Kit","Whirlwind","PreservedInsect","HandDrill"],"campfire_rested":0,"item_purchase_floors":[4,20,25,25,45,45],"current_hp_per_floor":[52,40,45,45,50,13,13,33,33,33,33,50,47,47,47,37,73,85,88,88,88,70,70,54,54,54,54,65,65,74,58,58,36,86,76,63,63,70,100,100,105,93,93,93,93,93,94,88,88,16],"gold":70,"neow_bonus":"THREE_RARE_CARDS","is_prod":false,"is_daily":false,"chose_seed":false,"campfire_upgraded":7,"win_rate":0,"timestamp":1550530894,"path_taken":["M","?","?","$","M","E","R","M","T","M","?","M","E","?","R","BOSS","M","M","$","?","?","R","?","$","T","M","E","R","M","M","R","BOSS","M","?","?","M","M","R","M","E","T","?","$","?","E","M","R","BOSS"],"build_version":"2019-01-23","purchased_purges":1,"victory":true,"max_hp_per_floor":[80,80,85,85,85,85,85,85,85,85,85,85,85,85,85,85,85,88,91,91,91,96,96,96,96,96,99,103,103,103,103,103,103,103,103,103,103,103,103,103,107,112,112,106,106,106,108,108,108,108],"card_choices":[{"not_picked":["Impervious","Exhume"],"picked":"Reaper","floor":0.0},{"not_picked":["Body Slam","Sword Boomerang"],"picked":"Iron Wave","floor":1.0},{"not_picked":["Sword Boomerang","Feel No Pain"],"picked":"Shrug It Off","floor":5.0},{"not_picked":["Double Tap","True Grit"],"picked":"Shockwave","floor":6},{"not_picked":["Iron Wave","Anger"],"picked":"Inflame","floor":8},{"not_picked":["Cleave","Evolve","Thunderclap"],"picked":"Headbutt","floor":10},{"not_picked":["Clothesline","Fire Breathing","Wild Strike"],"picked":"True Grit","floor":12},{"not_picked":["Thunderclap","Sever Soul","Anger"],"picked":"Flame Barrier","floor":13},{"not_picked":["Offering","Berserk","Dark Embrace"],"picked":"Feed","floor":16},{"not_picked":["Clothesline","Thunderclap","Havoc"],"picked":"Rampage","floor":18},{"not_picked":["Havoc","Infernal Blade","Anger"],"picked":"Battle Trance","floor":19},{"not_picked":["Armaments","Wild Strike","Second Wind+1"],"picked":"Pummel","floor":27},{"not_picked":["Bloodletting+1","Burning Pact+1","Evolve"],"picked":"Juggernaut","floor":28},{"not_picked":["Searing Blow","Anger","Clash"],"picked":"True Grit+1","floor":30},{"not_picked":["Ghostly Armor","Armaments","Evolve+1"],"picked":"Flame Barrier","floor":31},{"not_picked":["Double Tap","Berserk","Exhume"],"picked":"Immolate","floor":33},{"not_picked":["Thunderclap+1","Cleave+1","Infernal Blade+1","Flex"],"picked":"SKIP","floor":35},{"not_picked":["Twin Strike","Feel No Pain","Clash+1"],"picked":"Dark Embrace","floor":38},{"not_picked":["Flame Barrier","Infernal Blade","Warcry"],"picked":"Disarm","floor":39},{"not_picked":["Twin Strike","Flex+1","Sentinel"],"picked":"Sword Boomerang+1","floor":41},{"not_picked":["Pommel Strike","Cleave","Twin Strike+1","Shrug It Off"],"picked":"Singing Bowl","floor":42},{"not_picked":["Cleave+1","Heavy Blade","Dropkick","Evolve+1"],"picked":"Singing Bowl","floor":47},{"not_picked":["True Grit+1","Pommel Strike","Headbutt+1"],"picked":"Spot Weakness","floor":48}],"player_experience":197248,"relics_obtained":[{"floor":6,"key":"Centennial Puzzle"},{"floor":9,"key":"Question Card"},{"floor":13,"key":"Mercury Hourglass"},{"floor":24,"key":"Enchiridion"},{"floor":26,"key":"Darkstone Periapt"},{"floor":28,"key":"Red Skull"},{"floor":36,"key":"Torii"},{"floor":42,"key":"Singing Bowl"},{"floor":43,"key":"Ancient Tea Set"},{"floor":47,"key":"Pen Nib"}],"event_choices":[{"damage_healed":0.0,"max_hp_gain":0.0,"max_hp_loss":0.0,"gold_gain":0.0,"event_name":"Scrap Ooze","player_choice":"Success","floor":2.0,"gold_loss":0.0,"damage_taken":12.0,"relics_obtained":["Vajra"]},{"damage_healed":0.0,"max_hp_gain":5.0,"max_hp_loss":0.0,"gold_gain":0.0,"event_name":"Big Fish","player_choice":"Donut","floor":3.0,"gold_loss":0.0,"damage_taken":0.0},{"damage_healed":0,"gold_gain":52,"player_choice":"Gained Gold","damage_taken":0,"max_hp_gain":0,"max_hp_loss":0,"event_name":"Golden Wing","floor":11,"gold_loss":0},{"cards_removed":["Strike_R"],"damage_healed":0,"gold_gain":0,"player_choice":"Offered Basic","damage_taken":0,"max_hp_gain":0,"max_hp_loss":0,"event_name":"Bonfire Elementals","floor":14,"gold_loss":0},{"damage_healed":0,"gold_gain":0,"player_choice":"Simplicity","damage_taken":0,"max_hp_gain":0,"max_hp_loss":0,"event_name":"Back to Basics","floor":21,"gold_loss":0,"cards_upgraded":["Strike_R","Strike_R","Strike_R","Defend_R","Defend_R","Defend_R","Defend_R"]},{"damage_healed":0,"gold_gain":0,"player_choice":"Shed Blood","damage_taken":23,"max_hp_gain":5,"max_hp_loss":0,"event_name":"Forgotten Altar","floor":22,"gold_loss":0},{"damage_healed":0,"gold_gain":0,"player_choice":"Obtained Book","damage_taken":16,"max_hp_gain":0,"max_hp_loss":0,"event_name":"Cursed Tome","floor":24,"gold_loss":0},{"damage_healed":0,"gold_gain":0,"player_choice":"Fight","damage_taken":0,"max_hp_gain":0,"max_hp_loss":0,"event_name":"Mysterious Sphere","floor":36,"gold_loss":0},{"damage_healed":0,"gold_gain":0,"player_choice":"Memory 1","damage_taken":0,"max_hp_gain":0,"max_hp_loss":0,"event_name":"SensoryStone","floor":37,"gold_loss":0},{"damage_healed":0,"gold_gain":0,"player_choice":"Max HP","damage_taken":0,"max_hp_gain":0,"max_hp_loss":6,"event_name":"Winding Halls","floor":44,"gold_loss":0},{"cards_removed":["Strike_R"],"damage_healed":0,"gold_gain":0,"player_choice":"Purged","damage_taken":0,"max_hp_gain":0,"max_hp_loss":0,"event_name":"Purifier","floor":46,"gold_loss":0}],"is_beta":false,"boss_relics":[{"not_picked":["Lizard Tail","Eternal Feather"],"picked":"Mark of Pain"},{"not_picked":["Black Blood","Coffee Dripper"],"picked":"Sozu"}],"items_purged_floors":[20],"is_endless":false,"potions_floor_spawned":[6,8,13,16,28,30,31,38,41,47,48],"ascension_level":9}