{"gold_per_floor":[119,119,119,135,159,190,155,155,181,197,197,215,14,34,34,165,165,179,104,117,130,50,85,45,45,45,80,101,101,139,153,153,283,283,302,320,60,9,34,65,65,100,100,115,139,139,139,139,139,139],"floor_reached":51,"playtime":1989,"items_purged":["Pain","Strike_R"],"score":1047,"play_id":"a1848cf7-989b-4df6-a12e-a9fb2f271924","local_time":"20190131150431","is_ascension_mode":true,"campfire_choices":[{"data":"Bash","floor":8.0,"key":"SMITH"},{"data":"Whirlwind","floor":15.0,"key":"SMITH"},{"data":"Uppercut","floor":25.0,"key":"SMITH"},{"floor":29.0,"key":"REST"},{"data":"Disarm","floor":32.0,"key":"SMITH"},{"floor":41.0,"key":"REST"},{"floor":47,"key":"REST"},{"floor":49,"key":"REST"}],"neow_cost":"NONE","seed_source_timestamp":873241995827692,"circlet_count":0,"master_deck":["Strike_R","Strike_R","Strike_R+1","Strike_R","Defend_R","Defend_R","Defend_R","Defend_R","Bash+1","Twin Strike","Whirlwind+1","Warcry","Pommel Strike","Spot Weakness+1","Twin Strike","True Grit","Immolate+1","Shockwave","Shrug It Off","Uppercut+1","Armaments","Metallicize+1","Iron Wave","Heavy Blade+1","Rampage","Disarm+1","Fiend Fire","Shrug It Off+1","Headbutt+1","Flame Barrier","Twin Strike+1","Apotheosis"],"special_seed":0,"relics":["Burning Blood","Oddly Smooth Stone","Golden Idol","Smiling Mask","Red Skull","WarpedTongs","Bag of Preparation","Mark of Pain","Whetstone","Ornamental Fan","Paper Frog","Potion Belt","Fusion Hammer","Bottled Tornado","Orichalcum","Juzu Bracelet","Regal Pillow","Ice Cream"],"potions_floor_usage":[45,45],"damage_taken":[{"damage":2.0,"enemies":"Small Slimes","floor":1.0,"turns":3.0},{"damage":4.0,"enemies":"Jaw Worm","floor":4.0,"turns":4.0},{"damage":0.0,"enemies":"Cultist","floor":5.0,"turns":3.0},{"damage":43.0,"enemies":"Lagavulin","floor":6.0,"turns":8.0},{"damage":12.0,"enemies":"Large Slime","floor":10.0,"turns":7.0},{"damage":10.0,"enemies":"3 Louse","floor":12.0,"turns":3.0},{"damage":11.0,"enemies":"Exordium Thugs","floor":14.0,"turns":3.0},{"damage":0.0,"enemies":"Slime Boss","floor":16.0,"turns":6.0},{"damage":29.0,"enemies":"Shell Parasite","floor":18.0,"turns":5.0},{"damage":0.0,"enemies":"Chosen","floor":20.0,"turns":3.0},{"damage":2.0,"enemies":"3 Cultists","floor":21.0,"turns":3.0},{"damage":24.0,"enemies":"Book of Stabbing","floor":23.0,"turns":5.0},{"damage":15.0,"enemies":"Slavers","floor":27.0,"turns":3.0},{"damage":0.0,"enemies":"Snecko","floor":28.0,"turns":2.0},{"damage":11.0,"enemies":"Book of Stabbing","floor":30.0,"turns":5.0},{"damage":0.0,"enemies":"Centurion and Healer","floor":31.0,"turns":4.0},{"damage":55.0,"enemies":"Collector","floor":33.0,"turns":8.0},{"damage":9.0,"enemies":"3 Darklings","floor":35.0,"turns":3.0},{"damage":0.0,"enemies":"3 Shapes","floor":36.0,"turns":4.0},{"damage":4.0,"enemies":"Maw","floor":39.0,"turns":7.0},{"damage":30.0,"enemies":"Nemesis","floor":40.0,"turns":7.0},{"damage":54.0,"enemies":"Reptomancer","floor":42.0,"turns":6.0},{"damage":8.0,"enemies":"Writhing Mass","floor":44.0,"turns":5.0},{"damage":4,"enemies":"Spire Growth","floor":45,"turns":5},{"damage":30,"enemies":"Time Eater","floor":50,"turns":10}],"seed_played":"8544831687959809073","potions_obtained":[{"floor":1.0,"key":"Ancient Potion"},{"floor":4.0,"key":"Swift Potion"},{"floor":6.0,"key":"SteroidPotion"},{"floor":14.0,"key":"Energy Potion"},{"floor":16.0,"key":"GamblersBrew"},{"floor":21.0,"key":"SpeedPotion"},{"floor":28.0,"key":"Poison Potion"},{"floor":33.0,"key":"EssenceOfSteel"},{"floor":40.0,"key":"BloodPotion"},{"floor":42.0,"key":"AttackPotion"},{"floor":44.0,"key":"Weak Potion"}],"is_trial":false,"path_per_floor":["M","?","?","M","M","E","?","R","T","M","?","M","$","M","R","B",null,"M","$","M","M","$","E","?","R","T","E","M","R","E","M","R","B",null,"M","M","$","?","M","E","R","E","T","M","M","?","R","?","R","B",null],"character_chosen":"IRONCLAD","items_purchased":["Bag of Preparation","Shrug It Off","Metallicize","Bottled Tornado"],"campfire_rested":4,"item_purchase_floors":[13,19,22,37],"current_hp_per_floor":[76,56,56,58,64,27,47,47,47,41,41,37,37,32,32,38,70,47,47,53,57,57,39,39,39,39,30,36,60,55,61,61,12,63,60,66,66,66,68,44,68,28,28,26,28,28,67,67,80,56],"gold":139,"neow_bonus":"RANDOM_COMMON_RELIC","is_prod":false,"is_daily":false,"chose_seed":false,"campfire_upgraded":4,"win_rate":0,"timestamp":1548939871,"path_taken":["M","?","?","?","M","E","?","R","T","M","?","?","$","M","R","BOSS","M","$","M","M","$","E","?","R","T","E","M","R","E","M","R","BOSS","M","?","$","?","?","E","R","E","T","M","M","?","R","?","R","BOSS"],"build_version":"2019-01-23","purchased_purges":2,"victory":true,"max_hp_per_floor":[80,80,80,80,80,80,80,80,80,80,80,80,80,80,80,80,80,80,80,80,80,80,80,80,80,80,80,80,80,80,80,80,80,80,80,80,80,80,80,80,80,80,80,80,80,80,80,80,80,80],"card_choices":[{"not_picked":["Sword Boomerang","Reckless Charge"],"picked":"Twin Strike","floor":1.0},{"not_picked":["Entrench","Headbutt"],"picked":"Whirlwind","floor":4.0},{"not_picked":["Fire Breathing","Combust"],"picked":"Warcry","floor":5.0},{"not_picked":["Dropkick","Flex"],"picked":"Pommel Strike","floor":6.0},{"not_picked":["Dropkick","Sword Boomerang"],"picked":"Spot Weakness","floor":10.0},{"not_picked":["Wild Strike","Body Slam"],"picked":"Twin Strike","floor":12.0},{"not_picked":["Combust","Armaments"],"picked":"True Grit","floor":14.0},{"not_picked":["Double Tap","Offering"],"picked":"Immolate","floor":16.0},{"not_picked":["Pommel Strike+1","Cleave"],"picked":"Shockwave","floor":18.0},{"not_picked":["Anger","Heavy Blade"],"picked":"Uppercut","floor":20.0},{"not_picked":["Havoc","Second Wind+1"],"picked":"Armaments","floor":21.0},{"not_picked":["Second Wind","Clothesline"],"picked":"Iron Wave","floor":23.0},{"not_picked":["Clothesline","Headbutt"],"picked":"Heavy Blade+1","floor":27.0},{"not_picked":["Warcry+1","Fire Breathing+1","Armaments"],"picked":"SKIP","floor":28.0},{"not_picked":["Flex","Dark Embrace"],"picked":"Rampage","floor":30.0},{"not_picked":["True Grit+1","Flex"],"picked":"Disarm","floor":31.0},{"not_picked":["Dark Embrace","Offering"],"picked":"Fiend Fire","floor":33.0},{"not_picked":["Hemokinesis+1","Infernal Blade+1"],"picked":"Shrug It Off+1","floor":35.0},{"not_picked":["Body Slam","Shrug It Off+1"],"picked":"Headbutt+1","floor":36.0},{"not_picked":["Twin Strike","Havoc+1","Sentinel+1"],"picked":"SKIP","floor":39.0},{"not_picked":["Twin Strike+1","Combust+1"],"picked":"Flame Barrier","floor":40.0},{"not_picked":["Clash+1","Disarm+1"],"picked":"Twin Strike+1","floor":42.0},{"not_picked":["Twin Strike+1","Sentinel","Havoc+1"],"picked":"SKIP","floor":44.0},{"not_picked":["Power Through","Armaments","Cleave"],"picked":"SKIP","floor":45},{"not_picked":["HandOfGreed","Trip"],"picked":"Apotheosis","floor":46}],"player_experience":150704,"relics_obtained":[{"floor":6.0,"key":"Smiling Mask"},{"floor":9.0,"key":"Red Skull"},{"floor":23.0,"key":"Whetstone"},{"floor":26.0,"key":"Ornamental Fan"},{"floor":27.0,"key":"Paper Frog"},{"floor":30.0,"key":"Potion Belt"},{"floor":40.0,"key":"Juzu Bracelet"},{"floor":42.0,"key":"Regal Pillow"},{"floor":43.0,"key":"Ice Cream"}],"event_choices":[{"damage_healed":0.0,"max_hp_gain":0.0,"max_hp_loss":0.0,"gold_gain":0.0,"event_name":"Golden Idol","player_choice":"Take Damage","floor":2.0,"gold_loss":0.0,"damage_taken":20.0,"relics_obtained":["Golden Idol"]},{"damage_healed":0.0,"max_hp_gain":0.0,"max_hp_loss":0.0,"gold_gain":0.0,"event_name":"The Woman in Blue","player_choice":"Bought 0 Potions","floor":3.0,"gold_loss":0.0,"damage_taken":0.0},{"damage_healed":20.0,"max_hp_gain":0.0,"max_hp_loss":0.0,"gold_gain":0.0,"event_name":"The Cleric","player_choice":"Healed","floor":7.0,"gold_loss":35.0,"damage_taken":0.0},{"damage_healed":0.0,"max_hp_gain":0.0,"max_hp_loss":0.0,"gold_gain":0.0,"event_name":"Accursed Blacksmith","player_choice":"Rummage","floor":11.0,"gold_loss":0.0,"damage_taken":0.0,"relics_obtained":["WarpedTongs"],"cards_obtained":["Pain"]},{"damage_healed":0.0,"max_hp_gain":0.0,"max_hp_loss":0.0,"gold_gain":0.0,"event_name":"Designer","player_choice":"Upgraded Two","floor":24.0,"gold_loss":40.0,"damage_taken":0.0,"cards_upgraded":["Metallicize","Spot Weakness"]},{"damage_healed":0.0,"max_hp_gain":0.0,"max_hp_loss":0.0,"gold_gain":0.0,"event_name":"WeMeetAgain","player_choice":"Paid Gold","floor":38.0,"gold_loss":51.0,"damage_taken":0.0,"relics_obtained":["Orichalcum"]},{"damage_healed":0,"gold_gain":0,"player_choice":"Memory 1","damage_taken":0,"max_hp_gain":0,"max_hp_loss":0,"event_name":"SensoryStone","floor":46,"gold_loss":0},{"damage_healed":0,"gold_gain":0,"player_choice":"Ignored","damage_taken":0,"max_hp_gain":0,"max_hp_loss":0,"event_name":"The Moai Head","floor":48,"gold_loss":0}],"is_beta":false,"boss_relics":[{"not_picked":["Calling Bell","Black Star"],"picked":"Mark of Pain"},{"not_picked":["Philosopher\u0027s Stone","Velvet Choker"],"picked":"Fusion Hammer"}],"items_purged_floors":[13,19],"is_endless":false,"potions_floor_spawned":[1,4,6,14,16,18,21,28,33,40,42,44],"ascension_level":6}