{"gold_per_floor":[118,136,136,147,165,165,165,165,165,177,177,205,205,54,54,150,150,160,75,108,124,124],"floor_reached":22,"playtime":1413,"items_purged":[],"score":202,"play_id":"15d43c8d-6d4b-4763-a3c0-884b3cb5f3ee","local_time":"20181104024323","is_ascension_mode":true,"campfire_choices":[{"data":"Armaments","floor":6,"key":"SMITH"},{"data":"Flex","floor":8,"key":"SMITH"},{"floor":11,"key":"REST"},{"data":"Evolve","floor":13,"key":"SMITH"},{"data":"Bash","floor":15,"key":"SMITH"}],"neow_cost":"NONE","seed_source_timestamp":94187448744254,"circlet_count":0,"master_deck":["Strike_R","Strike_R","Strike_R+1","Strike_R","Defend_R","Defend_R","Defend_R+1","Defend_R","Bash+1","Sword Boomerang","Flex+1","Iron Wave","Armaments+1","Sword Boomerang","Armaments+1","Evolve+1","Impervious+1","Ghostly Armor+1","Bludgeon","Thunderclap+1","Shrug It Off+1","Armaments+1"],"relics":["Burning Blood","Toxic Egg 2","Matryoshka","Sozu","Anchor","Red Mask"],"potions_floor_usage":[16,16],"damage_taken":[{"damage":1,"enemies":"Cultist","floor":1,"turns":3},{"damage":10,"enemies":"Small Slimes","floor":2,"turns":3},{"damage":2,"enemies":"Jaw Worm","floor":4,"turns":3},{"damage":1,"enemies":"3 Louse","floor":5,"turns":3},{"damage":13,"enemies":"Exordium Wildlife","floor":10,"turns":4},{"damage":10,"enemies":"3 Sentries","floor":12,"turns":9},{"damage":55,"enemies":"Hexaghost","floor":16,"turns":11},{"damage":23,"enemies":"2 Thieves","floor":18,"turns":4},{"damage":41,"enemies":"Masked Bandits","floor":20,"turns":5},{"damage":1,"enemies":"Shell Parasite","floor":21,"turns":5},{"damage":48,"enemies":"Cultist and Chosen","floor":22,"turns":8}],"seed_played":"-8784923042151032625","potions_obtained":[{"floor":2,"key":"AttackPotion"},{"floor":10,"key":"Energy Potion"}],"is_trial":false,"path_per_floor":["M","M","?","M","M","R","?","R","T","M","R","E","R","$","R","B",null,"M","?","?","M","M"],"character_chosen":"IRONCLAD","items_purchased":["Impervious+1","Ghostly Armor+1"],"campfire_rested":1,"item_purchase_floors":[14,14],"current_hp_per_floor":[80,76,60,64,69,69,69,69,69,62,80,76,76,76,76,27,80,63,63,28,33,0],"gold":124,"neow_bonus":"TRANSFORM_CARD","is_prod":false,"is_daily":false,"chose_seed":false,"campfire_upgraded":4,"win_rate":0,"timestamp":1541317403,"path_taken":["M","M","?","M","M","R","?","R","T","M","R","E","R","?","R","BOSS","M","?","?","M","M"],"build_version":"2018-11-01","purchased_purges":0,"victory":false,"max_hp_per_floor":[80,80,80,80,80,80,80,80,80,80,80,80,80,80,80,80,80,80,80,80,80,80],"card_choices":[{"not_picked":["Headbutt","Hemokinesis"],"picked":"Flex","floor":1},{"not_picked":["Hemokinesis","True Grit"],"picked":"Iron Wave","floor":2},{"not_picked":["Heavy Blade","Evolve"],"picked":"Armaments","floor":4},{"not_picked":["Pommel Strike","Whirlwind"],"picked":"Sword Boomerang","floor":5},{"not_picked":["Berserk","Pommel Strike"],"picked":"Armaments+1","floor":10},{"not_picked":["Wild Strike","Clothesline"],"picked":"Evolve","floor":12},{"not_picked":["Impervious+1","Reaper"],"picked":"Bludgeon","floor":16},{"not_picked":["Heavy Blade+1","Infernal Blade+1"],"picked":"Thunderclap+1","floor":18},{"not_picked":["Anger","Thunderclap+1"],"picked":"Shrug It Off+1","floor":20},{"not_picked":["Feed","Wild Strike"],"picked":"Armaments+1","floor":21}],"player_experience":164598,"relics_obtained":[{"floor":9,"key":"Toxic Egg 2"},{"floor":12,"key":"Matryoshka"},{"floor":20,"key":"Red Mask"}],"event_choices":[{"damage_healed":0,"gold_gain":0,"player_choice":"Entered Light","damage_taken":16,"max_hp_gain":0,"max_hp_loss":0,"event_name":"Shining Light","floor":3,"gold_loss":0,"cards_upgraded":["Strike_R","Defend_R"]},{"damage_healed":0,"gold_gain":0,"player_choice":"Ignored","damage_taken":0,"max_hp_gain":0,"max_hp_loss":0,"event_name":"Golden Wing","floor":7,"gold_loss":0},{"damage_healed":0,"gold_gain":0,"player_choice":"Obtained Relic","damage_taken":0,"relics_obtained":["Anchor"],"max_hp_gain":0,"max_hp_loss":0,"event_name":"Addict","floor":19,"gold_loss":85},{"damage_healed":0,"gold_gain":0,"player_choice":"Fought Bandits","damage_taken":0,"max_hp_gain":0,"max_hp_loss":0,"event_name":"Masked Bandits","floor":20,"gold_loss":0}],"is_beta":false,"boss_relics":[{"not_picked":["Coffee Dripper","White Beast Statue"],"picked":"Sozu"}],"items_purged_floors":[],"is_endless":false,"potions_floor_spawned":[2,10,21],"killed_by":"Cultist and Chosen","ascension_level":2}