{"gold_per_floor":[115,115,129,129,149,149,51,62,86,99,99,99,99,116,116,216,216,229,245,245,245,345,345,358,375,375,392,403,430,71,90,90,190,190,200,214,214,241,254,281,281,295,345,345,345,345,32,47,47,47],"floor_reached":51,"playtime":5782,"items_purged":["Defend_R"],"score":766,"play_id":"25da4796-a4ac-4312-bd6d-d3371253b5d3","local_time":"20190107012227","is_ascension_mode":false,"campfire_choices":[{"data":"Inflame","floor":6,"key":"SMITH"},{"data":"Feed","floor":11,"key":"SMITH"},{"data":"Uppercut","floor":13,"key":"SMITH"},{"data":"Cleave","floor":15,"key":"SMITH"},{"floor":23,"key":"REST"},{"floor":32,"key":"REST"},{"floor":46,"key":"REST"},{"floor":49,"key":"REST"}],"neow_cost":"NONE","seed_source_timestamp":619600062346459,"circlet_count":0,"master_deck":["Strike_R+1","Strike_R+1","Strike_R+1","Strike_R+1","Strike_R+1","Defend_R+1","Defend_R+1","Bash+1","Uppercut+1","Inflame+1","Cleave+1","Finesse+1","Shrug It Off+1","Feed+1","Twin Strike+1","Juggernaut+1","Perfected Strike+1","Warcry+1","Dual Wield+1","Pommel Strike+1","Pommel Strike+1","Flex+1","Perfected Strike+1","Battle Trance+1","Good Instincts+1","Panache+1","Armaments+1","Offering+1","Metallicize+1","Seeing Red+1","Magnetism+1","Dramatic Entrance+1","Finesse+1","Shrug It Off+1","Iron Wave+1","Flex+1","Metallicize"],"relics":["Burning Blood","Anchor","Strawberry","Orichalcum","Fusion Hammer","MutagenicStrength","Incense Burner","Mummified Hand","Pen Nib","Bag of Marbles","Mark of Pain","Juzu Bracelet","Centennial Puzzle","Blood Vial","Mark of the Bloom","Ice Cream"],"potions_floor_usage":[8,16,16,22,29,29],"damage_taken":[{"damage":1,"enemies":"2 Louse","floor":1,"turns":3},{"damage":1,"enemies":"Jaw Worm","floor":3,"turns":3},{"damage":0,"enemies":"Small Slimes","floor":5,"turns":4},{"damage":2,"enemies":"Exordium Wildlife","floor":8,"turns":6},{"damage":1,"enemies":"Lots of Slimes","floor":10,"turns":4},{"damage":1,"enemies":"Exordium Thugs","floor":14,"turns":4},{"damage":36,"enemies":"The Guardian","floor":16,"turns":12},{"damage":0,"enemies":"Shell Parasite","floor":18,"turns":4},{"damage":7,"enemies":"2 Thieves","floor":19,"turns":3},{"damage":9,"enemies":"Colosseum Slavers","floor":22,"turns":3},{"damage":60,"enemies":"Colosseum Nobs","floor":22,"turns":5},{"damage":0,"enemies":"3 Cultists","floor":24,"turns":4},{"damage":0,"enemies":"Snecko","floor":25,"turns":4},{"damage":17,"enemies":"Centurion and Healer","floor":27,"turns":4},{"damage":0,"enemies":"Snake Plant","floor":28,"turns":2},{"damage":21,"enemies":"Slavers","floor":29,"turns":5},{"damage":0,"enemies":"Sentry and Sphere","floor":31,"turns":3},{"damage":16,"enemies":"Collector","floor":33,"turns":5},{"damage":0,"enemies":"3 Darklings","floor":35,"turns":4},{"damage":0,"enemies":"Orb Walker","floor":36,"turns":2},{"damage":7,"enemies":"3 Darklings","floor":39,"turns":3},{"damage":15,"enemies":"Giant Head","floor":40,"turns":6},{"damage":0,"enemies":"Jaw Worm Horde","floor":42,"turns":2},{"damage":2,"enemies":"Sphere and 2 Shapes","floor":48,"turns":2},{"damage":6,"enemies":"Donu and Deca","floor":50,"turns":4}],"seed_played":"1243863547618758905","potions_obtained":[{"floor":1,"key":"Dexterity Potion"},{"floor":3,"key":"Weak Potion"},{"floor":5,"key":"SteroidPotion"},{"floor":14,"key":"SpeedPotion"},{"floor":22,"key":"Ancient Potion"},{"floor":24,"key":"SkillPotion"},{"floor":33,"key":"Explosive Potion"},{"floor":35,"key":"AttackPotion"},{"floor":40,"key":"Swift Potion"},{"floor":48,"key":"Block Potion"}],"is_trial":false,"path_per_floor":["M","?","M","?","M","R","$","M","T","M","R","?","R","M","R","B",null,"M","M","?","?","?","R","M","M","T","M","M","E","$","M","R","B",null,"M","M","?","T","M","E","?","M","T","?","?","R","$","M","R","B",null],"character_chosen":"IRONCLAD","items_purchased":["Finesse","Good Instincts","Panache","Ice Cream"],"campfire_rested":4,"item_purchase_floors":[7,30,30,47],"current_hp_per_floor":[80,85,85,89,92,92,92,92,92,92,92,74,74,79,79,53,96,96,95,95,95,42,72,78,88,88,81,87,76,76,86,116,106,116,116,120,110,110,113,104,104,110,110,110,110,110,110,108,108,102],"gold":47,"neow_bonus":"RANDOM_COMMON_RELIC","is_prod":false,"is_daily":false,"chose_seed":false,"campfire_upgraded":4,"win_rate":0.0,"timestamp":1546852947,"path_taken":["M","?","M","?","M","R","$","M","T","M","R","?","R","M","R","BOSS","M","M","?","?","?","R","M","?","T","?","M","E","$","M","R","BOSS","M","M","?","?","M","E","?","M","T","?","?","R","$","M","R","BOSS"],"build_version":"2019-01-03v4","purchased_purges":1,"victory":true,"max_hp_per_floor":[80,85,85,92,92,92,92,92,92,92,92,92,92,92,92,96,96,96,96,96,96,100,100,100,104,104,108,108,112,112,116,116,116,116,116,120,120,120,124,124,124,124,124,124,124,124,124,124,124,128],"card_choices":[{"not_picked":["Feel No Pain","Second Wind"],"picked":"Uppercut","floor":1},{"not_picked":["Thunderclap","Sword Boomerang"],"picked":"Inflame","floor":3},{"not_picked":["Corruption","Twin Strike"],"picked":"Cleave","floor":5},{"not_picked":["Cleave","Warcry"],"picked":"Shrug It Off","floor":8},{"not_picked":["Anger","Armaments"],"picked":"Feed","floor":10},{"not_picked":["Clash","Blood for Blood"],"picked":"Twin Strike","floor":14},{"not_picked":["Limit Break","Feed"],"picked":"Juggernaut","floor":16},{"not_picked":["Feel No Pain","Warcry+1"],"picked":"Perfected Strike+1","floor":18},{"not_picked":["Burning Pact","Spot Weakness+1"],"picked":"Warcry+1","floor":19},{"not_picked":["Anger","Infernal Blade"],"picked":"Dual Wield+1","floor":22},{"not_picked":["Thunderclap","Entrench+1"],"picked":"Pommel Strike","floor":24},{"not_picked":["Headbutt","Anger"],"picked":"Pommel Strike","floor":25},{"not_picked":["Intimidate","Body Slam"],"picked":"Flex","floor":27},{"not_picked":["Clash","Anger"],"picked":"Perfected Strike","floor":28},{"not_picked":["Rampage","Ghostly Armor"],"picked":"Battle Trance+1","floor":29},{"not_picked":["Disarm","Ghostly Armor"],"picked":"Armaments","floor":31},{"not_picked":["Reaper","Bludgeon"],"picked":"Offering","floor":33},{"not_picked":["True Grit+1","Sword Boomerang"],"picked":"Metallicize+1","floor":35},{"not_picked":["Shrug It Off","Cleave+1"],"picked":"Seeing Red+1","floor":36},{"not_picked":["Bandage Up","Trip"],"picked":"Magnetism","floor":37},{"not_picked":["Panacea","Discovery"],"picked":"Dramatic Entrance","floor":37},{"not_picked":["Master of Strategy","Trip"],"picked":"Finesse","floor":37},{"not_picked":["Iron Wave","Second Wind+1"],"picked":"Shrug It Off","floor":39},{"not_picked":["Feel No Pain","Brutality"],"picked":"Iron Wave+1","floor":40},{"not_picked":["True Grit","Sword Boomerang"],"picked":"Flex","floor":42},{"not_picked":["Second Wind","Anger+1"],"picked":"Metallicize","floor":48}],"player_experience":13130,"relics_obtained":[{"floor":9,"key":"Orichalcum"},{"floor":22,"key":"Incense Burner"},{"floor":22,"key":"Mummified Hand"},{"floor":26,"key":"Pen Nib"},{"floor":29,"key":"Bag of Marbles"},{"floor":38,"key":"Juzu Bracelet"},{"floor":40,"key":"Centennial Puzzle"},{"floor":43,"key":"Blood Vial"}],"event_choices":[{"damage_healed":0,"gold_gain":0,"player_choice":"Donut","damage_taken":0,"max_hp_gain":5,"max_hp_loss":0,"event_name":"Big Fish","floor":2,"gold_loss":0},{"damage_healed":0,"gold_gain":0,"player_choice":"Success","damage_taken":3,"relics_obtained":["Strawberry"],"max_hp_gain":0,"max_hp_loss":0,"event_name":"Scrap Ooze","floor":4,"gold_loss":0},{"damage_healed":0,"gold_gain":0,"player_choice":"Entered Light","damage_taken":18,"max_hp_gain":0,"max_hp_loss":0,"event_name":"Shining Light","floor":12,"gold_loss":0,"cards_upgraded":["Defend_R","Defend_R"]},{"damage_healed":0,"gold_gain":0,"player_choice":"Ignored","damage_taken":0,"max_hp_gain":0,"max_hp_loss":0,"event_name":"Ghosts","floor":20,"gold_loss":0},{"damage_healed":0,"gold_gain":0,"player_choice":"Inject Mutagens","damage_taken":0,"relics_obtained":["MutagenicStrength"],"max_hp_gain":0,"max_hp_loss":0,"event_name":"Drug Dealer","floor":21,"gold_loss":0},{"damage_healed":0,"gold_gain":0,"player_choice":"Fight","damage_taken":0,"max_hp_gain":0,"max_hp_loss":0,"event_name":"Colosseum","floor":22,"gold_loss":0},{"damage_healed":0,"gold_gain":0,"player_choice":"Fought Nobs","damage_taken":0,"max_hp_gain":0,"max_hp_loss":0,"event_name":"Colosseum","floor":22,"gold_loss":0},{"damage_healed":0,"gold_gain":0,"player_choice":"Memory 3","damage_taken":10,"max_hp_gain":0,"max_hp_loss":0,"event_name":"SensoryStone","floor":37,"gold_loss":0},{"cards_removed":["Defend_R"],"damage_healed":0,"gold_gain":0,"player_choice":"Removed Skill","damage_taken":0,"max_hp_gain":0,"max_hp_loss":0,"event_name":"Falling","floor":41,"gold_loss":0},{"damage_healed":0,"gold_gain":0,"player_choice":"Upgrade","damage_taken":0,"relics_obtained":["Mark of the Bloom"],"max_hp_gain":0,"max_hp_loss":0,"event_name":"MindBloom","floor":44,"gold_loss":0,"cards_upgraded":["Strike_R","Strike_R","Strike_R","Strike_R","Strike_R","Bash","Finesse","Shrug It Off","Twin Strike","Juggernaut","Pommel Strike","Pommel Strike","Flex","Perfected Strike","Good Instincts","Panache","Armaments","Offering","Magnetism","Dramatic Entrance","Finesse","Shrug It Off","Flex"]},{"damage_healed":0,"gold_gain":0,"player_choice":"Bought 0 Potions","damage_taken":0,"max_hp_gain":0,"max_hp_loss":0,"event_name":"The Woman in Blue","floor":45,"gold_loss":0}],"is_beta":false,"boss_relics":[{"not_picked":["Black Blood","Coffee Dripper"],"picked":"Fusion Hammer"},{"not_picked":["Tiny House","Eternal Feather"],"picked":"Mark of Pain"}],"items_purged_floors":[30],"is_endless":false,"potions_floor_spawned":[1,3,5,14,22,22,24,33,35,40,48],"ascension_level":0}