{"gold_per_floor":[110,127,141,141,152,152,152,178,231,248,268,268,279,306,306,306],"floor_reached":16,"playtime":600,"items_purged":[],"score":177,"play_id":"e37073d4-c5d9-4fea-83cc-6ce9ef6d666f","local_time":"20190220143126","is_ascension_mode":true,"campfire_choices":[{"data":"Bash","floor":6,"key":"SMITH"},{"data":"Forethought","floor":12,"key":"SMITH"},{"data":"Metallicize","floor":15,"key":"SMITH"}],"neow_cost":"NONE","seed_source_timestamp":168656886215431,"circlet_count":0,"master_deck":["AscendersBane","Strike_R","Strike_R","Strike_R","Strike_R","Strike_R","Defend_R","Defend_R","Defend_R","Defend_R","Bash+1","Forethought+1","Cleave","Iron Wave","Reaper","Disarm","Bash","Double Tap","Headbutt","True Grit","Metallicize+1"],"relics":["Burning Blood","Gremlin Horn","Regal Pillow","Dream Catcher"],"potions_floor_usage":[8,14],"damage_taken":[{"damage":8,"enemies":"Jaw Worm","floor":1,"turns":4},{"damage":8,"enemies":"Small Slimes","floor":2,"turns":3},{"damage":1,"enemies":"Cultist","floor":3,"turns":4},{"damage":8,"enemies":"Gremlin Gang","floor":5,"turns":4},{"damage":26,"enemies":"Lagavulin","floor":8,"turns":7},{"damage":21,"enemies":"Blue Slaver","floor":10,"turns":6},{"damage":16,"enemies":"Looter","floor":11,"turns":5},{"damage":4,"enemies":"3 Louse","floor":13,"turns":5},{"damage":43,"enemies":"Gremlin Nob","floor":14,"turns":5},{"damage":33,"enemies":"Hexaghost","floor":16,"turns":7}],"seed_played":"1729081417113488824","potions_obtained":[{"floor":3,"key":"SpeedPotion"},{"floor":5,"key":"Regen Potion"},{"floor":11,"key":"Energy Potion"},{"floor":14,"key":"Ancient Potion"}],"is_trial":false,"path_per_floor":["M","M","M","?","M","R","?","E","T","M","M","R","M","E","R","B"],"character_chosen":"IRONCLAD","items_purchased":[],"campfire_rested":0,"item_purchase_floors":[],"current_hp_per_floor":[70,68,73,73,79,79,79,72,72,57,49,49,57,24,24,0],"gold":306,"neow_bonus":"RANDOM_COLORLESS","is_prod":false,"is_daily":false,"chose_seed":false,"campfire_upgraded":3,"win_rate":0,"timestamp":1550665886,"path_taken":["M","M","M","?","M","R","?","E","T","?","M","R","?","E","R","BOSS"],"build_version":"2019-01-23","purchased_purges":0,"victory":false,"max_hp_per_floor":[80,80,80,80,80,80,80,80,80,80,80,80,80,80,80,80],"card_choices":[{"not_picked":["Anger","Heavy Blade"],"picked":"Cleave","floor":1},{"not_picked":["Perfected Strike","Clothesline"],"picked":"Iron Wave","floor":2},{"not_picked":["Burning Pact","Ghostly Armor"],"picked":"Reaper","floor":3},{"not_picked":["Ghostly Armor","Cleave"],"picked":"Disarm","floor":5},{"not_picked":["Iron Wave","Anger"],"picked":"Double Tap","floor":8},{"not_picked":["Dropkick","Anger"],"picked":"Headbutt","floor":10},{"not_picked":["Body Slam","Disarm"],"picked":"True Grit","floor":11},{"not_picked":["Evolve","Corruption"],"picked":"Metallicize","floor":13},{"not_picked":["True Grit","Sword Boomerang","Power Through"],"picked":"SKIP","floor":14}],"player_experience":207604,"relics_obtained":[{"floor":8,"key":"Gremlin Horn"},{"floor":9,"key":"Regal Pillow"},{"floor":14,"key":"Dream Catcher"}],"event_choices":[{"damage_healed":0,"gold_gain":0,"player_choice":"Ignored","damage_taken":0,"max_hp_gain":0,"max_hp_loss":0,"event_name":"Golden Wing","floor":4,"gold_loss":0},{"damage_healed":0,"gold_gain":0,"player_choice":"1 cards matched","damage_taken":0,"max_hp_gain":0,"max_hp_loss":0,"event_name":"Match and Keep!","floor":7,"gold_loss":0,"cards_obtained":["Bash"]}],"is_beta":false,"boss_relics":[],"items_purged_floors":[],"is_endless":false,"potions_floor_spawned":[3,5,11,14],"killed_by":"Hexaghost","ascension_level":11}