{"gold_per_floor":[17,17,17,34,51,78,78,89,115,149,149,163,163,226,226,325,325,337,337,337,351,386,386,386,414,414,430,447,460,494,7,7,112,112,131,4,79,4,16,49,49,63,63,63,94,108,138,138,138,138],"floor_reached":51,"playtime":3437,"items_purged":["Defend_B","Strike_B","Defend_B"],"score":951,"play_id":"21a052d4-9c84-4cc1-ba70-c6b7be65becf","local_time":"20190206000905","is_ascension_mode":true,"campfire_choices":[{"data":"Dualcast","floor":11.0,"key":"SMITH"},{"data":"Zap","floor":13.0,"key":"SMITH"},{"floor":15.0,"key":"REST"},{"data":"Hologram","floor":23,"key":"SMITH"},{"data":"Redo","floor":32,"key":"SMITH"},{"data":"Fission","floor":41,"key":"SMITH"},{"data":"Capacitor","floor":44,"key":"SMITH"},{"floor":49,"key":"REST"}],"neow_cost":"NO_GOLD","seed_source_timestamp":0,"circlet_count":0,"master_deck":["Zap+1","Dualcast+1","Hologram+1","Rebound+1","Go for the Eyes+1","Glacier","Cold Snap","Fission+1","Go for the Eyes","Gash","Biased Cognition","Go for the Eyes","BootSequence","Electrodynamics","Beam Cell+1","Chaos+1","Tempest+1","Hologram","Reboot","Capacitor+1","Redo+1","Bandage Up","Amplify+1","Go for the Eyes+1","Beam Cell","Go for the Eyes+1","Gash+1","Steam+1","Steam+1"],"special_seed":0,"relics":["Cracked Core","Unceasing Top","Du-Vu Doll","Omamori","PreservedInsect","Bronze Scales","Runic Dome","Red Mask","Enchiridion","Dream Catcher","Darkstone Periapt","Bag of Preparation","Membership Card","Matryoshka","Tiny Chest","White Beast Statue","Whetstone","Pen Nib","Juzu Bracelet","Bottled Flame","Mummified Hand","War Paint","Vajra","Ornamental Fan"],"potions_floor_usage":[33,33,33,46,50,50,50],"damage_taken":[{"damage":0.0,"enemies":"2 Louse","floor":1.0,"turns":3.0},{"damage":0.0,"enemies":"Cultist","floor":4.0,"turns":4.0},{"damage":0.0,"enemies":"Jaw Worm","floor":5.0,"turns":3.0},{"damage":18.0,"enemies":"3 Sentries","floor":6.0,"turns":11.0},{"damage":1.0,"enemies":"Blue Slaver","floor":8.0,"turns":4.0},{"damage":16.0,"enemies":"Gremlin Nob","floor":10.0,"turns":8.0},{"damage":0.0,"enemies":"2 Fungi Beasts","floor":12.0,"turns":2.0},{"damage":3.0,"enemies":"Gremlin Nob","floor":14.0,"turns":5.0},{"damage":12,"enemies":"The Guardian","floor":16,"turns":12},{"damage":0,"enemies":"Chosen","floor":18,"turns":6},{"damage":2,"enemies":"Shell Parasite","floor":21,"turns":3},{"damage":2,"enemies":"Masked Bandits","floor":22,"turns":4},{"damage":0,"enemies":"Slavers","floor":25,"turns":2},{"damage":0,"enemies":"Centurion and Healer","floor":27,"turns":5},{"damage":0,"enemies":"Snecko","floor":28,"turns":2},{"damage":0,"enemies":"Cultist and Chosen","floor":29,"turns":4},{"damage":0,"enemies":"Gremlin Leader","floor":30,"turns":3},{"damage":0,"enemies":"Automaton","floor":33,"turns":3},{"damage":0,"enemies":"Orb Walker","floor":35,"turns":1},{"damage":0,"enemies":"3 Shapes","floor":39,"turns":2},{"damage":24,"enemies":"Reptomancer","floor":40,"turns":3},{"damage":2,"enemies":"Sphere and 2 Shapes","floor":42,"turns":3},{"damage":4,"enemies":"Giant Head","floor":45,"turns":3},{"damage":5,"enemies":"Maw","floor":46,"turns":4},{"damage":2,"enemies":"Reptomancer","floor":47,"turns":3},{"damage":43,"enemies":"Time Eater","floor":50,"turns":8}],"seed_played":"-5853849732971397065","potions_obtained":[{"floor":4.0,"key":"Weak Potion"},{"floor":5.0,"key":"PowerPotion"},{"floor":6.0,"key":"FocusPotion"},{"floor":16,"key":"Energy Potion"},{"floor":21,"key":"EssenceOfSteel"},{"floor":35,"key":"Dexterity Potion"},{"floor":39,"key":"Swift Potion"},{"floor":40,"key":"Dexterity Potion"},{"floor":45,"key":"Regen Potion"},{"floor":46,"key":"Swift Potion"},{"floor":47,"key":"EssenceOfSteel"}],"is_trial":false,"path_per_floor":["M","?","?","M","M","E","T","M","T","E","R","M","R","?","R","B",null,"M","?","?","M","?","R","?","E","T","M","M","M","E","$","R","B",null,"M","$","?","$","M","E","R","M","T","R","E","M","E","T","R","B",null],"character_chosen":"DEFECT","items_purchased":["Membership Card","Matryoshka","Tiny Chest","Capacitor","Redo","Bandage Up","Whetstone","Beam Cell"],"campfire_rested":2,"item_purchase_floors":[31,31,31,31,31,31,36,38],"current_hp_per_floor":[75,75,75,75,75,57,57,56,56,40,40,40,40,37,59,47,75,75,75,75,73,71,71,55,55,55,55,55,55,55,55,55,59,75,75,75,68,68,68,48,48,46,46,46,46,54,56,56,75,36],"gold":138,"neow_bonus":"REMOVE_TWO","is_prod":false,"is_daily":false,"chose_seed":false,"campfire_upgraded":6,"win_rate":0,"timestamp":1549408145,"path_taken":["M","?","?","M","?","E","?","M","T","E","R","M","R","?","R","BOSS","M","?","?","M","?","R","?","E","T","M","M","M","E","$","R","BOSS","M","$","?","?","?","E","R","M","T","R","E","M","E","?","R","BOSS"],"build_version":"2019-01-23","purchased_purges":3,"victory":true,"max_hp_per_floor":[75,75,75,75,75,75,75,75,75,75,75,75,75,75,75,75,75,75,75,75,75,75,75,75,75,75,75,75,75,75,75,75,75,75,75,75,75,75,75,75,75,75,75,75,75,75,75,75,75,75],"card_choices":[{"not_picked":["Stack","Leap"],"picked":"Hologram","floor":1.0},{"not_picked":["Fusion","Coolheaded"],"picked":"Go for the Eyes","floor":4.0},{"not_picked":["Steam","Steam Power"],"picked":"Glacier","floor":5.0},{"not_picked":["Skim","Force Field"],"picked":"Cold Snap","floor":6.0},{"not_picked":["Auto Shields","Beam Cell"],"picked":"Fission","floor":8.0},{"not_picked":["Steam","Rebound"],"picked":"Go for the Eyes","floor":10.0},{"not_picked":["Hologram","Steam Power"],"picked":"Gash","floor":12.0},{"not_picked":["Electrodynamics","Multi-Cast"],"picked":"Biased Cognition","floor":16},{"not_picked":["Cold Snap","Steam"],"picked":"Go for the Eyes","floor":18},{"not_picked":["Barrage","Go for the Eyes+1"],"picked":"Beam Cell+1","floor":21},{"not_picked":["Glacier+1","Turbo+1"],"picked":"Chaos+1","floor":25},{"not_picked":["Skim+1","Static Discharge"],"picked":"Tempest+1","floor":27},{"not_picked":["Ball Lightning","Fusion","Doom and Gloom"],"picked":"SKIP","floor":28},{"not_picked":["Coolheaded","Genetic Algorithm"],"picked":"Hologram","floor":29},{"not_picked":["Turbo","Consume+1"],"picked":"Reboot","floor":30},{"not_picked":["Electrodynamics","Machine Learning"],"picked":"Amplify","floor":33},{"not_picked":["Hologram+1","Turbo"],"picked":"Go for the Eyes+1","floor":35},{"not_picked":["Force Field+1","Cold Snap"],"picked":"Go for the Eyes+1","floor":39},{"not_picked":["Conserve Battery+1","Rebound+1","Chaos+1"],"picked":"SKIP","floor":40},{"not_picked":["Go for the Eyes+1","Streamline"],"picked":"Gash+1","floor":42},{"not_picked":["Rebound+1","Amplify","Sweeping Beam"],"picked":"SKIP","floor":45},{"not_picked":["Static Discharge","Hello World"],"picked":"Steam","floor":46},{"not_picked":["Compile Driver","Leap+1","Lockon+1"],"picked":"SKIP","floor":47},{"not_picked":["Conserve Battery","Beam Cell+1"],"picked":"Steam+1","floor":49}],"player_experience":12060,"relics_obtained":[{"floor":6.0,"key":"Unceasing Top"},{"floor":7.0,"key":"Du-Vu Doll"},{"floor":9.0,"key":"Omamori"},{"floor":10.0,"key":"PreservedInsect"},{"floor":14.0,"key":"Bronze Scales"},{"floor":22,"key":"Red Mask"},{"floor":24,"key":"Enchiridion"},{"floor":25,"key":"Dream Catcher"},{"floor":26,"key":"Darkstone Periapt"},{"floor":30,"key":"Bag of Preparation"},{"floor":40,"key":"Pen Nib"},{"floor":43,"key":"Juzu Bracelet"},{"floor":43,"key":"Bottled Flame"},{"floor":45,"key":"Mummified Hand"},{"floor":47,"key":"War Paint"},{"floor":48,"key":"Vajra"},{"floor":48,"key":"Ornamental Fan"}],"event_choices":[{"damage_healed":0.0,"max_hp_gain":0.0,"max_hp_loss":0.0,"gold_gain":0.0,"event_name":"The Cleric","player_choice":"Leave","floor":2.0,"gold_loss":0.0,"damage_taken":0.0},{"damage_healed":0.0,"max_hp_gain":0.0,"max_hp_loss":0.0,"gold_gain":0.0,"cards_transformed":["Strike_B"],"event_name":"Transmorgrifier","player_choice":"Transformed","floor":3.0,"gold_loss":0.0,"damage_taken":0.0,"cards_obtained":["Rebound"]},{"damage_healed":0.0,"max_hp_gain":0.0,"max_hp_loss":0.0,"gold_gain":0.0,"event_name":"Dead Adventurer","player_choice":"Searched \u00271\u0027 times","floor":14.0,"gold_loss":0.0,"damage_taken":0.0},{"damage_healed":0,"gold_gain":0,"player_choice":"Ignored","damage_taken":0,"max_hp_gain":0,"max_hp_loss":0,"event_name":"Vampires","floor":19,"gold_loss":0},{"damage_healed":0,"gold_gain":0,"cards_transformed":["Defend_B","Defend_B"],"player_choice":"Became Test Subject","damage_taken":0,"max_hp_gain":0,"max_hp_loss":0,"event_name":"Drug Dealer","floor":20,"gold_loss":0,"cards_obtained":["BootSequence","Electrodynamics"]},{"damage_healed":0,"gold_gain":0,"player_choice":"Fought Bandits","damage_taken":0,"max_hp_gain":0,"max_hp_loss":0,"event_name":"Masked Bandits","floor":22,"gold_loss":0},{"damage_healed":0,"gold_gain":0,"player_choice":"Obtained Book","damage_taken":16,"max_hp_gain":0,"max_hp_loss":0,"event_name":"Cursed Tome","floor":24,"gold_loss":0},{"damage_healed":0,"gold_gain":75,"player_choice":"Touch","damage_taken":7,"max_hp_gain":0,"max_hp_loss":0,"event_name":"FaceTrader","floor":37,"gold_loss":0}],"is_beta":true,"boss_relics":[{"not_picked":["Coffee Dripper","Philosopher\u0027s Stone"],"picked":"Runic Dome"},{"not_picked":["Astrolabe","Calling Bell"],"picked":"White Beast Statue"}],"items_purged_floors":[31,36,38],"is_endless":false,"potions_floor_spawned":[4,5,6,14,16,21,22,27,35,39,40,42,45,46,47],"ascension_level":1}