{"gold_per_floor":[18,18,193,193,94,94,127,151,226,244,244,141,141,159,159,285,285,305,177,177,162,162,197,197,197,197,197,216,216],"floor_reached":29,"playtime":1741,"items_purged":["Doubt"],"score":289,"play_id":"448352eb-4d9b-4a57-b6f8-f3965d3089d4","local_time":"20180804234734","is_ascension_mode":false,"campfire_choices":[{"data":"Dualcast","floor":6,"key":"SMITH"},{"data":"Defragment","floor":11,"key":"SMITH"},{"data":"Beam Cell","floor":13,"key":"SMITH"},{"data":"Leap","floor":15,"key":"SMITH"},{"floor":24,"key":"REST"},{"floor":27,"key":"REST"}],"neow_cost":"NO_GOLD","seed_source_timestamp":3252851126530088,"circlet_count":0,"master_deck":["Strike_B","Strike_B","Defend_B","Defend_B","Defend_B","Defend_B","Zap+1","Dualcast+1","All For One","Fusion","Ball Lightning","Rebound","Leap","Beam Cell+1","Defragment+1","Rebound","Self Repair","Leap+1","Rebound+1","Hologram","Madness","Beam Cell+1","Hologram","Leap+1"],"relics":["Cracked Core","Golden Idol","Potion Belt","Pear","Inserter","Mango","Molten Egg 2"],"potions_floor_usage":[7,16],"damage_taken":[{"damage":1,"enemies":"Small Slimes","floor":1,"turns":3},{"damage":21,"enemies":"Gremlin Nob","floor":7,"turns":4},{"damage":0,"enemies":"Jaw Worm","floor":8,"turns":3},{"damage":0,"enemies":"2 Louse","floor":10,"turns":2},{"damage":1,"enemies":"Exordium Wildlife","floor":14,"turns":2},{"damage":31,"enemies":"Slime Boss","floor":16,"turns":7},{"damage":28,"enemies":"Shell Parasite","floor":18,"turns":5},{"damage":15,"enemies":"2 Thieves","floor":21,"turns":4},{"damage":86,"enemies":"Gremlin Leader","floor":23,"turns":8},{"damage":41,"enemies":"Snake Plant","floor":28,"turns":5},{"damage":0,"enemies":"Chosen and Byrds","floor":29,"turns":1}],"seed_played":"-4297975139198459060","potions_obtained":[{"floor":1,"key":"Block Potion"},{"floor":7,"key":"FearPotion"},{"floor":14,"key":"AttackPotion"},{"floor":21,"key":"Block Potion"},{"floor":23,"key":"LiquidBronze"}],"is_trial":false,"path_per_floor":["M","?","?","?","$","R","E","M","T","M","R","$","R","M","R","B",null,"M","$","?","M","?","E","R","$","T","R","M"],"character_chosen":"DEFECT","items_purchased":["Rebound","Rebound","Self Repair","Hologram","Madness"],"campfire_rested":2,"item_purchase_floors":[5,12,12,19,19],"current_hp_per_floor":[74,74,74,56,56,56,35,35,45,45,45,45,45,44,44,20,85,64,64,64,49,95,23,55,55,55,87,53,53],"gold":216,"neow_bonus":"TRANSFORM_TWO_CARDS","is_prod":false,"is_daily":false,"chose_seed":false,"campfire_upgraded":4,"win_rate":1,"timestamp":1533422854,"path_taken":["M","?","?","?","?","R","E","M","T","?","R","$","R","M","R","BOSS","M","$","?","M","?","E","R","$","T","R","M","M"],"build_version":"2018-08-02","purchased_purges":1,"victory":false,"max_hp_per_floor":[75,75,75,75,75,75,75,75,85,85,85,85,85,85,85,85,85,85,85,85,85,95,109,109,109,109,109,109,109],"card_choices":[{"not_picked":["Consume","Auto Shields"],"picked":"Ball Lightning","floor":1},{"not_picked":["Cold Snap","Auto Shields"],"picked":"Leap","floor":7},{"not_picked":["Coolheaded","Cold Snap"],"picked":"Beam Cell","floor":8},{"not_picked":["Skim","Steam"],"picked":"Defragment","floor":10},{"not_picked":["Redo","Coolheaded"],"picked":"Leap","floor":14},{"not_picked":["Amplify","Machine Learning"],"picked":"Thunder Strike","floor":16},{"not_picked":["Sweeping Beam","Hello World"],"picked":"Rebound+1","floor":18},{"not_picked":["Redo","Steam"],"picked":"Beam Cell+1","floor":21},{"not_picked":["Go for the Eyes","Chill"],"picked":"Hologram","floor":23},{"not_picked":["Double Energy","Chill"],"picked":"Leap+1","floor":28}],"player_experience":47489,"relics_obtained":[{"floor":7,"key":"Potion Belt"},{"floor":9,"key":"Pear"},{"floor":23,"key":"Mango"},{"floor":26,"key":"Molten Egg 2"}],"event_choices":[{"event_name":"Living Wall","player_choice":"Grow","floor":2,"damage_taken":0},{"event_name":"Liars Game","player_choice":"agreed","floor":3,"damage_taken":0},{"event_name":"Golden Idol","player_choice":"Take Damage","floor":4,"damage_taken":0},{"event_name":"Vampires","player_choice":"Ignored","floor":20,"damage_taken":0},{"event_name":"Bonfire Elementals","player_choice":"RARE","floor":22,"damage_taken":0}],"is_beta":false,"boss_relics":[{"not_picked":["Cursed Key","Eternal Feather"],"picked":"Inserter"}],"items_purged_floors":[5],"is_endless":false,"potions_floor_spawned":[1,7,14,21,23],"killed_by":"Chosen and Byrds","ascension_level":0}