{"gold_per_floor":[114,114,127,147,5,16,16,28,28,57,41,60,60,60,60,165,165,179,179,27,47,57,384,384,484,484,454,454],"floor_reached":28,"playtime":3320,"items_purged":["Defend_B"],"score":265,"play_id":"dfad38c1-6205-450d-9c0a-708d4dfb86b0","local_time":"20190111020153","is_ascension_mode":false,"campfire_choices":[{"floor":15,"key":"REST"},{"floor":24,"key":"REST"}],"neow_cost":"NONE","seed_source_timestamp":130657885212435,"circlet_count":0,"master_deck":["Zap","Dualcast","Barrage","Undo","Leap","Chill","Sweeping Beam","Cold Snap","Sweeping Beam","Genetic Algorithm","Leap","Ball Lightning","Scrape","Electrodynamics","Melter","Steam Power","Amplify","Heatsinks","Cold Snap","Conserve Battery","Chaos","Ball Lightning","Coolheaded","Chaos+1"],"relics":["Cracked Core","Mango","Calipers","Pandora\u0027s Box","Regal Pillow","Old Coin","Bird Faced Urn","Letter Opener","Question Card"],"potions_floor_usage":[16,16,25,25,28],"damage_taken":[{"damage":6,"enemies":"Jaw Worm","floor":1,"turns":3},{"damage":0,"enemies":"Small Slimes","floor":3,"turns":3},{"damage":1,"enemies":"Cultist","floor":4,"turns":3},{"damage":9,"enemies":"Gremlin Gang","floor":6,"turns":5},{"damage":0,"enemies":"3 Louse","floor":8,"turns":3},{"damage":29,"enemies":"Gremlin Nob","floor":10,"turns":5},{"damage":10,"enemies":"Exordium Thugs","floor":11,"turns":4},{"damage":1,"enemies":"Looter","floor":12,"turns":3},{"damage":32,"enemies":"The Guardian","floor":16,"turns":11},{"damage":16,"enemies":"Spheric Guardian","floor":18,"turns":4},{"damage":20,"enemies":"2 Thieves","floor":21,"turns":3},{"damage":0,"enemies":"Chosen and Byrds","floor":22,"turns":5},{"damage":46,"enemies":"Slavers","floor":23,"turns":6},{"damage":28,"enemies":"Colosseum Slavers","floor":25,"turns":4},{"damage":19,"enemies":"Colosseum Nobs","floor":25,"turns":4},{"damage":11,"enemies":"Book of Stabbing","floor":28,"turns":5}],"seed_played":"7909291677795738788","potions_obtained":[{"floor":6,"key":"SkillPotion"},{"floor":10,"key":"Strength Potion"},{"floor":11,"key":"FearPotion"},{"floor":12,"key":"PowerPotion"},{"floor":16,"key":"SteroidPotion"},{"floor":23,"key":"Swift Potion"},{"floor":27,"key":"GamblersBrew"},{"floor":27,"key":"Swift Potion"}],"is_trial":false,"path_per_floor":["M","?","M","M","$","M","?","M","T","E","M","M","?","$","R","B",null,"M","?","$","M","M","E","R","?","T","?","E"],"character_chosen":"DEFECT","items_purchased":["Chill","Regal Pillow"],"campfire_rested":2,"item_purchase_floors":[5,20],"current_hp_per_floor":[76,69,69,68,68,59,59,59,73,44,34,33,33,33,61,29,96,80,80,80,60,60,14,57,10,10,10,0],"gold":454,"neow_bonus":"TEN_PERCENT_HP_BONUS","is_prod":false,"is_daily":false,"chose_seed":false,"campfire_upgraded":0,"win_rate":0.0,"timestamp":1547200913,"path_taken":["M","?","M","M","$","M","?","?","T","E","M","?","?","?","R","BOSS","M","?","$","M","M","E","R","?","T","?","E"],"build_version":"2019-01-10","purchased_purges":1,"victory":false,"max_hp_per_floor":[82,82,82,82,82,82,82,82,96,96,96,96,96,96,96,96,96,96,96,96,96,96,96,96,96,96,96,96],"card_choices":[{"not_picked":["Hologram","Stack"],"picked":"Barrage","floor":1},{"not_picked":["Reprogram","Streamline"],"picked":"Undo","floor":3},{"not_picked":["Compile Driver","Beam Cell"],"picked":"Leap","floor":4},{"not_picked":["Reinforced Body","Stack"],"picked":"Sweeping Beam","floor":6},{"not_picked":["Hologram","Cold Snap"],"picked":"Sweeping Beam","floor":8},{"not_picked":["Self Repair","Reboot"],"picked":"Genetic Algorithm","floor":10},{"not_picked":["Cold Snap","Sweeping Beam"],"picked":"Leap","floor":11},{"not_picked":["Go for the Eyes","Gash"],"picked":"Ball Lightning","floor":12},{"not_picked":["Reboot","Creative AI"],"picked":"Electrodynamics","floor":16},{"not_picked":["Cold Snap","Storm+1"],"picked":"Conserve Battery","floor":18},{"not_picked":["Consume+1","Barrage"],"picked":"Chaos","floor":21},{"not_picked":["Stack","Tempest"],"picked":"Ball Lightning","floor":22},{"not_picked":["Rebound","Reprogram"],"picked":"Coolheaded","floor":23},{"not_picked":["Leap+1","Sweeping Beam"],"picked":"Chaos+1","floor":25}],"player_experience":111088,"relics_obtained":[{"floor":9,"key":"Mango"},{"floor":10,"key":"Calipers"},{"floor":23,"key":"Old Coin"},{"floor":25,"key":"Bird Faced Urn"},{"floor":25,"key":"Letter Opener"},{"floor":26,"key":"Question Card"}],"event_choices":[{"cards_removed":["Strike_B"],"damage_healed":0,"gold_gain":0,"player_choice":"Card Removal","damage_taken":7,"max_hp_gain":0,"max_hp_loss":0,"event_name":"Golden Wing","floor":2,"gold_loss":0},{"damage_healed":0,"gold_gain":0,"cards_transformed":["Strike_B"],"player_choice":"Transformed","damage_taken":0,"max_hp_gain":0,"max_hp_loss":0,"event_name":"Transmorgrifier","floor":7,"gold_loss":0,"cards_obtained":["Cold Snap"]},{"damage_healed":0,"gold_gain":0,"player_choice":"1 cards matched","damage_taken":0,"max_hp_gain":0,"max_hp_loss":0,"event_name":"Match and Keep!","floor":13,"gold_loss":0,"cards_obtained":["Scrape"]},{"damage_healed":0,"gold_gain":0,"player_choice":"1 cards matched","damage_taken":0,"max_hp_gain":0,"max_hp_loss":0,"event_name":"Match and Keep!","floor":13,"gold_loss":0,"cards_obtained":["Scrape"]},{"damage_healed":0,"gold_gain":0,"player_choice":"Ignored","damage_taken":0,"max_hp_gain":0,"max_hp_loss":0,"event_name":"Vampires","floor":19,"gold_loss":0},{"damage_healed":0,"gold_gain":0,"player_choice":"Fight","damage_taken":0,"max_hp_gain":0,"max_hp_loss":0,"event_name":"Colosseum","floor":25,"gold_loss":0},{"damage_healed":0,"gold_gain":0,"player_choice":"Fought Nobs","damage_taken":0,"max_hp_gain":0,"max_hp_loss":0,"event_name":"Colosseum","floor":25,"gold_loss":0},{"damage_healed":0,"gold_gain":0,"player_choice":"Bought 2 Potions","damage_taken":0,"max_hp_gain":0,"max_hp_loss":0,"event_name":"The Woman in Blue","floor":27,"gold_loss":0}],"is_beta":false,"boss_relics":[{"not_picked":["Sozu","Snecko Eye"],"picked":"Pandora\u0027s Box"}],"items_purged_floors":[5],"is_endless":false,"potions_floor_spawned":[6,10,11,12,16,23,25],"killed_by":"Book of Stabbing","ascension_level":0}