{"gold_per_floor":[114,189,189,57,80,120,85,85,85,85,132,163,163,177,177,271,271,287,287,287,0,24,24,64,78,78,101,101,23,46,61,61,152,152,168,189,189,213,14,14,39,39,39,62,62,62],"floor_reached":46,"playtime":1645,"items_purged":["Strike_B"],"score":1081,"play_id":"2d4a3be0-7b55-40d7-93e7-69f4da0b9287","local_time":"20190202224802","is_ascension_mode":true,"campfire_choices":[{"data":"Dualcast","floor":8.0,"key":"SMITH"},{"data":"Hello World","floor":13.0,"key":"SMITH"},{"floor":15.0,"key":"REST"},{"floor":23,"key":"REST"},{"floor":28,"key":"REST"},{"floor":32,"key":"REST"},{"floor":40,"key":"REST"},{"floor":45,"key":"REST"}],"neow_cost":"NONE","seed_source_timestamp":1074251939982359,"circlet_count":0,"master_deck":["AscendersBane","Strike_B","Strike_B","Strike_B","Defend_B+1","Defend_B+1","Defend_B","Defend_B+1","Zap","Dualcast+1","Streamline","Cold Snap+1","Hello World+1","Defragment+1","Loop+1","Rainbow","Leap","Capacitor+1","Undo+1","Hologram","BootSequence","Echo Form+1","Seek","Conserve Battery","Echo Form+1","Self Repair+1","Coolheaded+1","Panache+1","Go for the Eyes+1"],"special_seed":0,"relics":["Cracked Core","NeowsBlessing","Golden Idol","Gremlin Horn","Frozen Egg 2","Lantern","Strawberry","Sozu","Nilry\u0027s Codex","War Paint","Bottled Tornado","Lizard Tail","Bag of Marbles","Molten Egg 2"],"potions_floor_usage":[33],"damage_taken":[{"damage":0.0,"enemies":"Cultist","floor":1.0,"turns":1.0},{"damage":0.0,"enemies":"Small Slimes","floor":5.0,"turns":1.0},{"damage":0.0,"enemies":"Lagavulin","floor":6.0,"turns":1.0},{"damage":28.0,"enemies":"Gremlin Nob","floor":12.0,"turns":4.0},{"damage":2.0,"enemies":"Jaw Worm","floor":14.0,"turns":2.0},{"damage":0.0,"enemies":"Slime Boss","floor":16.0,"turns":6.0},{"damage":3.0,"enemies":"Spheric Guardian","floor":18.0,"turns":5.0},{"damage":16,"enemies":"2 Thieves","floor":22,"turns":4},{"damage":29,"enemies":"Gremlin Leader","floor":24,"turns":6},{"damage":10,"enemies":"Snake Plant","floor":25,"turns":5},{"damage":0,"enemies":"Snecko","floor":27,"turns":6},{"damage":19,"enemies":"Centurion and Healer","floor":30,"turns":8},{"damage":0,"enemies":"Snake Plant","floor":31,"turns":5},{"damage":0,"enemies":"Champ","floor":33,"turns":12},{"damage":5,"enemies":"Orb Walker","floor":35,"turns":5},{"damage":24,"enemies":"3 Darklings","floor":36,"turns":6},{"damage":5,"enemies":"Sphere and 2 Shapes","floor":41,"turns":7},{"damage":77,"enemies":"Transient","floor":44,"turns":6},{"damage":46,"enemies":"Reptomancer","floor":46,"turns":3}],"seed_played":"4005525576997667376","potions_obtained":[{"floor":5.0,"key":"Regen Potion"},{"floor":14.0,"key":"FocusPotion"}],"is_trial":false,"path_per_floor":["M","?","?","$","M","E","?","R","T","?","T","E","R","M","R","B",null,"M","?","?","?","M","R","E","M","T","M","R","$","M","M","R","B",null,"M","M","?","T","$","R","M","$","T","M","R","E"],"character_chosen":"DEFECT","items_purchased":["Cold Snap","Echo Form+1","Panache+1"],"campfire_rested":6,"item_purchase_floors":[4,29,39],"current_hp_per_floor":[64,53,53,53,53,53,64,64,64,45,45,36,36,34,55,55,67,64,64,43,43,27,48,19,9,9,9,30,30,11,11,32,32,61,56,32,32,32,32,53,58,58,58,21,42,0],"gold":62,"neow_bonus":"THREE_ENEMY_KILL","is_prod":false,"is_daily":false,"chose_seed":false,"campfire_upgraded":2,"win_rate":0,"timestamp":1549140482,"path_taken":["M","?","?","?","?","E","?","R","T","?","?","E","R","?","R","BOSS","M","?","?","?","M","R","E","?","T","M","R","$","?","M","R","BOSS","M","M","?","?","$","R","?","?","T","M","R","E"],"build_version":"2019-01-23","purchased_purges":1,"victory":false,"max_hp_per_floor":[71,71,64,64,64,64,64,64,64,64,64,71,71,71,71,71,71,71,71,71,71,71,71,71,71,71,71,71,71,71,71,71,71,71,71,71,71,71,71,71,71,71,71,71,71,71],"card_choices":[{"not_picked":["Stack","Sweeping Beam"],"picked":"Streamline","floor":1.0},{"not_picked":["Static Discharge","Redo"],"picked":"Hello World","floor":5.0},{"not_picked":["Go for the Eyes","Aggregate","Steam"],"picked":"SKIP","floor":6.0},{"not_picked":["Lockon","Turbo"],"picked":"Defragment+1","floor":12.0},{"not_picked":["Conserve Battery","Genetic Algorithm"],"picked":"Loop+1","floor":14.0},{"not_picked":["Thunder Strike","Fission"],"picked":"Rainbow","floor":16.0},{"not_picked":["Stack","Sweeping Beam"],"picked":"Leap","floor":18.0},{"not_picked":["Capacitor+1","Leap"],"picked":"Undo+1","floor":22},{"not_picked":["Streamline","Fusion"],"picked":"Hologram","floor":24},{"not_picked":["Hello World+1","Hologram","Leap"],"picked":"SKIP","floor":25},{"not_picked":["Barrage","Sweeping Beam"],"picked":"BootSequence","floor":27},{"not_picked":["Hologram","Ball Lightning"],"picked":"Seek","floor":30},{"not_picked":["Rebound","Ball Lightning"],"picked":"Conserve Battery","floor":31},{"not_picked":["Thunder Strike","Meteor Strike"],"picked":"Echo Form+1","floor":33},{"not_picked":["Go for the Eyes","White Noise"],"picked":"Self Repair+1","floor":35},{"not_picked":["Barrage","Beam Cell"],"picked":"Coolheaded+1","floor":36},{"not_picked":["Skim","Hello World+1","Rebound+1"],"picked":"SKIP","floor":41},{"not_picked":["Skim","Hello World+1","Rebound+1"],"picked":"SKIP","floor":41},{"not_picked":["Rebound+1","Coolheaded"],"picked":"Go for the Eyes+1","floor":44}],"player_experience":173925,"relics_obtained":[{"floor":6.0,"key":"Gremlin Horn"},{"floor":9.0,"key":"Frozen Egg 2"},{"floor":11.0,"key":"Lantern"},{"floor":12.0,"key":"Strawberry"},{"floor":20.0,"key":"Nilry\u0027s Codex"},{"floor":24,"key":"War Paint"},{"floor":26,"key":"Bottled Tornado"},{"floor":38,"key":"Bag of Marbles"},{"floor":43,"key":"Molten Egg 2"}],"event_choices":[{"damage_healed":0.0,"max_hp_gain":0.0,"max_hp_loss":0.0,"gold_gain":75.0,"event_name":"World of Goop","player_choice":"Gather Gold","floor":2.0,"gold_loss":0.0,"damage_taken":11.0},{"damage_healed":0.0,"max_hp_gain":0.0,"max_hp_loss":7.0,"gold_gain":0.0,"event_name":"Golden Idol","player_choice":"Lose Max HP","floor":3.0,"gold_loss":0.0,"damage_taken":0.0,"relics_obtained":["Golden Idol"]},{"damage_healed":16.0,"max_hp_gain":0.0,"max_hp_loss":0.0,"gold_gain":0.0,"event_name":"The Cleric","player_choice":"Healed","floor":7.0,"gold_loss":35.0,"damage_taken":0.0},{"damage_healed":0.0,"max_hp_gain":0.0,"max_hp_loss":0.0,"gold_gain":0.0,"event_name":"Shining Light","player_choice":"Entered Light","floor":10.0,"gold_loss":0.0,"damage_taken":19.0,"cards_upgraded":["Defend_B","Cold Snap"]},{"damage_healed":0.0,"max_hp_gain":0.0,"max_hp_loss":0.0,"gold_gain":0.0,"event_name":"The Library","player_choice":"Read","floor":19.0,"gold_loss":0.0,"damage_taken":0.0,"cards_obtained":["Capacitor"]},{"damage_healed":0.0,"max_hp_gain":0.0,"max_hp_loss":0.0,"gold_gain":0.0,"event_name":"Cursed Tome","player_choice":"Obtained Book","floor":20.0,"gold_loss":0.0,"damage_taken":21.0},{"damage_healed":0,"gold_gain":0,"player_choice":"Paid Fearfully","damage_taken":0,"max_hp_gain":0,"max_hp_loss":0,"event_name":"Masked Bandits","floor":21,"gold_loss":287},{"damage_healed":0,"gold_gain":0,"player_choice":"Ignored","damage_taken":0,"max_hp_gain":0,"max_hp_loss":0,"event_name":"Mysterious Sphere","floor":37,"gold_loss":0}],"is_beta":false,"boss_relics":[{"not_picked":["Astrolabe","Eternal Feather"],"picked":"Sozu"},{"not_picked":["Coffee Dripper","Velvet Choker"],"picked":"Lizard Tail"}],"items_purged_floors":[4],"is_endless":false,"potions_floor_spawned":[5,14,18,27,30,41],"killed_by":"Reptomancer","ascension_level":17}