{"gold_per_floor":[113,38,57,75,95,125,143,143,143,143,173,173,501,501,501,605,605,615,632,644,644,654,716,728,728,728,728,744,744,756,768,768,865,865,879,879,890,909,924,955,1010,1010,1055,1083,1113,1150,1262,1286,1298,1310,1322,1334,484,514,514],"floor_reached":56,"playtime":4927,"items_purged":["Defend_R","Strike_R"],"score":1308,"play_id":"548985d6-7b74-41bf-b326-4db675117323","local_time":"20190226233257","is_ascension_mode":false,"campfire_choices":[{"data":"Juggernaut","floor":8,"key":"SMITH"},{"floor":10,"key":"REST"},{"floor":15,"key":"RECALL"},{"floor":25,"key":"REST"},{"data":"Inflame","floor":27,"key":"SMITH"},{"data":"Intimidate","floor":32,"key":"SMITH"},{"floor":42,"key":"REST"},{"data":"Bash","floor":49,"key":"SMITH"},{"data":"Pummel","floor":52,"key":"SMITH"}],"neow_cost":"TEN_PERCENT_HP_LOSS","seed_source_timestamp":798722960373402,"circlet_count":0,"master_deck":["Strike_R","Defend_R+1","Defend_R+1","Defend_R","Bash+1","Intimidate+1","Juggernaut+1","Inflame+1","Seeing Red+1","Shrug It Off+1","Offering+1","Armaments+1","Dual Wield+1","Combust+1","Limit Break+1","Shrug It Off+1","True Grit+1","Feed","Flex+1","Spot Weakness+1","Pummel","Warcry+1","Headbutt","Pummel+1","Flex+1","Offering+1","Intimidate+1","Whirlwind","Pummel","Feel No Pain+1"],"relics":["Black Blood","Singing Bowl","Toxic Egg 2","Anchor","Old Coin","Tiny Chest","Runic Pyramid","Potion Belt","Charon\u0027s Ashes","War Paint","MawBank","Blood Vial","Magic Flower","Red Skull","Pen Nib","Membership Card","Vajra"],"potions_floor_usage":[16,16,23,24,24,30,33,37,38,46,50,54,55,55,55],"damage_taken":[{"damage":1,"enemies":"Cultist","floor":1,"turns":3},{"damage":2,"enemies":"Small Slimes","floor":3,"turns":4},{"damage":2,"enemies":"2 Louse","floor":4,"turns":4},{"damage":9,"enemies":"Gremlin Gang","floor":5,"turns":7},{"damage":31,"enemies":"Lagavulin","floor":6,"turns":9},{"damage":15,"enemies":"Large Slime","floor":7,"turns":7},{"damage":26,"enemies":"Gremlin Nob","floor":11,"turns":5},{"damage":17,"enemies":"Lagavulin","floor":13,"turns":7},{"damage":6,"enemies":"Hexaghost","floor":16,"turns":9},{"damage":11,"enemies":"2 Thieves","floor":18,"turns":5},{"damage":9,"enemies":"Chosen","floor":19,"turns":5},{"damage":32,"enemies":"Shelled Parasite and Fungi","floor":20,"turns":8},{"damage":11,"enemies":"Centurion and Healer","floor":22,"turns":9},{"damage":36,"enemies":"Gremlin Leader","floor":23,"turns":7},{"damage":8,"enemies":"Snake Plant","floor":24,"turns":4},{"damage":10,"enemies":"Chosen and Byrds","floor":28,"turns":4},{"damage":6,"enemies":"Centurion and Healer","floor":30,"turns":7},{"damage":20,"enemies":"Snecko","floor":31,"turns":6},{"damage":36,"enemies":"Champ","floor":33,"turns":9},{"damage":10,"enemies":"3 Shapes","floor":35,"turns":5},{"damage":33,"enemies":"3 Darklings","floor":37,"turns":8},{"damage":8,"enemies":"Maw","floor":38,"turns":7},{"damage":6,"enemies":"4 Shapes","floor":39,"turns":6},{"damage":25,"enemies":"Giant Head","floor":40,"turns":6},{"damage":27,"enemies":"2 Orb Walkers","floor":41,"turns":4},{"damage":49,"enemies":"Nemesis","floor":44,"turns":5},{"damage":4,"enemies":"Transient","floor":45,"turns":5},{"damage":31,"enemies":"Giant Head","floor":46,"turns":6},{"damage":8,"enemies":"Mind Bloom Boss Battle","floor":47,"turns":5},{"damage":8,"enemies":"Sphere and 2 Shapes","floor":48,"turns":2},{"damage":70,"enemies":"Awakened One","floor":50,"turns":8},{"damage":38,"enemies":"Shield and Spear","floor":54,"turns":5},{"damage":71,"enemies":"The Heart","floor":55,"turns":6}],"seed_played":"-1916959300914960411","potions_obtained":[{"floor":3,"key":"PowerPotion"},{"floor":4,"key":"SkillPotion"},{"floor":5,"key":"FearPotion"},{"floor":13,"key":"BloodPotion"},{"floor":18,"key":"Energy Potion"},{"floor":22,"key":"SkillPotion"},{"floor":24,"key":"Energy Potion"},{"floor":28,"key":"SpeedPotion"},{"floor":31,"key":"EssenceOfSteel"},{"floor":35,"key":"Weak Potion"},{"floor":37,"key":"FairyPotion"},{"floor":39,"key":"Regen Potion"},{"floor":44,"key":"EssenceOfSteel"},{"floor":54,"key":"Block Potion"}],"is_trial":false,"path_per_floor":["M","$","M","M","M","E","M","R","T","R","E","?","E","?","R","B",null,"M","M","M","?","M","E","M","R","T","R","M","?","M","M","R","B",null,"M","?","M","M","M","E","?","R","T","E","M","E","?","M","R","B",null,"R","$","E","B",null],"character_chosen":"IRONCLAD","items_purchased":["Intimidate+1","Whirlwind","Pummel","Red Skull","Pen Nib","Membership Card","Strength Potion","Explosive Potion","Weak Potion"],"campfire_rested":3,"item_purchase_floors":[53,53,53,53,53,53,53,53,53],"current_hp_per_floor":[72,72,72,72,69,46,37,37,37,59,39,39,28,28,28,28,74,73,74,52,38,37,13,23,47,47,47,47,47,51,45,45,21,87,92,83,60,66,74,62,45,75,75,41,49,45,49,64,64,18,122,122,122,105,52],"gold":514,"neow_bonus":"REMOVE_TWO","is_prod":false,"is_daily":false,"chose_seed":false,"campfire_upgraded":5,"win_rate":0,"timestamp":1551241977,"path_taken":["M","$","?","M","M","E","M","R","T","R","E","?","E","?","R","BOSS","M","M","?","?","M","E","M","R","T","R","M","?","?","M","R","BOSS","M","?","M","?","M","E","?","R","T","E","M","E","?","M","R","BOSS","R","$","E","BOSS"],"build_version":"2019-01-23","purchased_purges":2,"victory":true,"max_hp_per_floor":[72,72,72,72,72,74,74,74,74,74,74,74,74,74,74,74,74,74,74,74,79,79,81,81,81,81,81,81,81,81,85,85,87,87,92,92,92,96,100,103,103,103,103,108,110,115,115,118,118,122,122,122,122,126,126],"card_choices":[{"not_picked":["Clash","Warcry","Anger"],"picked":"SKIP","floor":1},{"not_picked":["Clash","Body Slam"],"picked":"Intimidate","floor":3},{"not_picked":["Armaments","Thunderclap"],"picked":"Juggernaut","floor":4},{"not_picked":["Seeing Red","Perfected Strike","Battle Trance"],"picked":"SKIP","floor":5},{"not_picked":["Dropkick","Havoc","Twin Strike"],"picked":"Singing Bowl","floor":6},{"not_picked":["Anger","Evolve"],"picked":"Inflame","floor":7},{"not_picked":["Battle Trance+1","Anger"],"picked":"Seeing Red+1","floor":11},{"not_picked":["Perfected Strike","Cleave"],"picked":"Shrug It Off+1","floor":13},{"not_picked":["Immolate","Double Tap+1"],"picked":"Offering+1","floor":16},{"not_picked":["Clash","Havoc+1"],"picked":"Armaments+1","floor":18},{"not_picked":["Armaments+1","Rupture"],"picked":"Dual Wield+1","floor":19},{"not_picked":["Pommel Strike","Sentinel+1"],"picked":"Combust+1","floor":20},{"not_picked":["Metallicize+1","Sword Boomerang"],"picked":"Limit Break+1","floor":22},{"not_picked":["Pummel","Rage+1","Dual Wield+1"],"picked":"Singing Bowl","floor":23},{"not_picked":["Perfected Strike+1","Bloodletting+1"],"picked":"Shrug It Off+1","floor":24},{"not_picked":["Perfected Strike","Anger"],"picked":"True Grit+1","floor":28},{"not_picked":["Armaments+1","Sentinel+1"],"picked":"Feed","floor":30},{"not_picked":["Twin Strike","Perfected Strike+1"],"picked":"Flex+1","floor":31},{"not_picked":["Barricade","Dark Embrace","Immolate"],"picked":"Singing Bowl","floor":33},{"not_picked":["Shrug It Off+1","Sword Boomerang","Pommel Strike"],"picked":"Singing Bowl","floor":35},{"not_picked":["Armaments+1","Ghostly Armor+1"],"picked":"Spot Weakness+1","floor":37},{"not_picked":["Uppercut+1","Flex+1"],"picked":"Pummel","floor":38},{"not_picked":["Iron Wave+1","Uppercut"],"picked":"Warcry+1","floor":39},{"not_picked":["Body Slam+1","Twin Strike+1"],"picked":"Headbutt","floor":40},{"not_picked":["Wild Strike","Brutality"],"picked":"Pummel","floor":41},{"not_picked":["Anger","Uppercut","Bloodletting+1"],"picked":"Singing Bowl","floor":44},{"not_picked":["Shrug It Off+1","Pommel Strike","Headbutt"],"picked":"Singing Bowl","floor":45},{"not_picked":["Shockwave+1","Rupture","Twin Strike+1"],"picked":"Singing Bowl","floor":46},{"not_picked":["Clash+1","True Grit+1"],"picked":"Flex+1","floor":47},{"not_picked":["Fire Breathing","Warcry+1"],"picked":"Offering+1","floor":48},{"not_picked":["Twin Strike","Flex+1"],"picked":"Feel No Pain+1","floor":54}],"player_experience":192007,"relics_obtained":[{"floor":6,"key":"Singing Bowl"},{"floor":9,"key":"Toxic Egg 2"},{"floor":11,"key":"Anchor"},{"floor":13,"key":"Old Coin"},{"floor":23,"key":"Tiny Chest"},{"floor":40,"key":"Potion Belt"},{"floor":41,"key":"Charon\u0027s Ashes"},{"floor":43,"key":"War Paint"},{"floor":44,"key":"MawBank"},{"floor":46,"key":"Blood Vial"},{"floor":47,"key":"Magic Flower"},{"floor":54,"key":"Vajra"}],"event_choices":[{"damage_healed":0,"gold_gain":0,"player_choice":"Ignored","damage_taken":0,"max_hp_gain":0,"max_hp_loss":0,"event_name":"Shining Light","floor":12,"gold_loss":0},{"cards_removed":["Strike_R"],"damage_healed":0,"gold_gain":0,"player_choice":"Offered Basic","damage_taken":0,"max_hp_gain":0,"max_hp_loss":0,"event_name":"Bonfire Elementals","floor":14,"gold_loss":0},{"damage_healed":0,"gold_gain":0,"player_choice":"Shed Blood","damage_taken":19,"max_hp_gain":5,"max_hp_loss":0,"event_name":"Forgotten Altar","floor":21,"gold_loss":0},{"damage_healed":0,"gold_gain":0,"player_choice":"Ignored","damage_taken":0,"max_hp_gain":0,"max_hp_loss":0,"event_name":"The Mausoleum","floor":29,"gold_loss":0},{"damage_healed":0,"gold_gain":0,"player_choice":"Damaged","damage_taken":9,"max_hp_gain":0,"max_hp_loss":0,"event_name":"Wheel of Change","floor":36,"gold_loss":0},{"damage_healed":0,"gold_gain":0,"player_choice":"Fight","damage_taken":0,"max_hp_gain":0,"max_hp_loss":0,"event_name":"Mysterious Sphere","floor":41,"gold_loss":0},{"damage_healed":0,"gold_gain":0,"player_choice":"Fight","damage_taken":0,"max_hp_gain":0,"max_hp_loss":0,"event_name":"MindBloom","floor":47,"gold_loss":0}],"is_beta":false,"boss_relics":[{"not_picked":["Ectoplasm","Philosopher\u0027s Stone"],"picked":"Black Blood"},{"not_picked":["Cursed Key","Tiny House"],"picked":"Runic Pyramid"}],"items_purged_floors":[2,53],"is_endless":false,"potions_floor_spawned":[3,4,5,11,13,18,22,24,28,31,35,37,39,44,54],"ascension_level":0}