{"gold_per_floor":[11,25,25,25,39,68,68,85,136,136,136,150,225,244,244,348,348,361,361,13,13,13,13,28,28,28,28,45,60,60,72,72,170,170,189,189,189,199,216,216,245,345,372,372,397,416,416,416,416,416,416,416,42,68,68],"floor_reached":56,"playtime":2774,"items_purged":["Strike_G"],"score":1411,"play_id":"a5b9b35b-73a8-4f35-b085-53d68d235484","local_time":"20190219015052","is_ascension_mode":true,"campfire_choices":[{"data":"Crippling Poison","floor":7,"key":"SMITH"},{"floor":11,"key":"REST"},{"data":"Footwork","floor":15,"key":"SMITH"},{"floor":23,"key":"REST"},{"data":"Well Laid Plans","floor":32,"key":"SMITH"},{"data":"Apotheosis","floor":40,"key":"SMITH"},{"floor":44,"key":"RECALL"},{"data":"Dodge and Roll","floor":47,"key":"SMITH"},{"floor":49,"key":"REST"},{"data":"Footwork","floor":52,"key":"SMITH"}],"neow_cost":"NO_GOLD","seed_source_timestamp":34429625797897,"circlet_count":0,"master_deck":["Defend_G","Defend_G","Defend_G","Defend_G","Defend_G","Strike_G","Strike_G","Strike_G","Strike_G","Survivor","Neutralize+1","Poisoned Stab","Bane","Leg Sweep","Terror","Crippling Poison+1","Dash","Footwork+1","PiercingWail","Glass Knife","Noxious Fumes","Catalyst+1","Apotheosis+1","Caltrops","Blur+1","Backflip","Noxious Fumes","Well Laid Plans+1","Bullet Time","Tactician+1","Dodge and Roll+1","Footwork+1","Injury","PiercingWail+1","Burst"],"relics":["Ring of the Snake","Prayer Wheel","Blue Candle","Potion Belt","Centennial Puzzle","Cursed Key","Omamori","Enchiridion","Gambling Chip","Bag of Marbles","Snecko Eye","Letter Opener","Dead Branch","Nunchaku","Snake Skull","Pantograph"],"potions_floor_usage":[6,33,45,55,55,55,55,55],"damage_taken":[{"damage":0,"enemies":"2 Louse","floor":1,"turns":4},{"damage":4,"enemies":"Jaw Worm","floor":2,"turns":3},{"damage":1,"enemies":"Small Slimes","floor":5,"turns":4},{"damage":21,"enemies":"Gremlin Nob","floor":6,"turns":5},{"damage":18,"enemies":"Exordium Wildlife","floor":8,"turns":5},{"damage":1,"enemies":"3 Louse","floor":12,"turns":2},{"damage":7,"enemies":"2 Fungi Beasts","floor":14,"turns":4},{"damage":5,"enemies":"Hexaghost","floor":16,"turns":11},{"damage":1,"enemies":"3 Byrds","floor":18,"turns":4},{"damage":4,"enemies":"Spheric Guardian","floor":24,"turns":5},{"damage":3,"enemies":"Snecko","floor":28,"turns":3},{"damage":13,"enemies":"Snake Plant","floor":29,"turns":5},{"damage":2,"enemies":"Shelled Parasite and Fungi","floor":31,"turns":5},{"damage":21,"enemies":"Collector","floor":33,"turns":6},{"damage":0,"enemies":"3 Darklings","floor":35,"turns":4},{"damage":3,"enemies":"Orb Walker","floor":38,"turns":2},{"damage":0,"enemies":"4 Shapes","floor":39,"turns":3},{"damage":0,"enemies":"Giant Head","floor":41,"turns":7},{"damage":0,"enemies":"Mind Bloom Boss Battle","floor":42,"turns":7},{"damage":9,"enemies":"Reptomancer","floor":45,"turns":5},{"damage":10,"enemies":"Transient","floor":46,"turns":5},{"damage":53,"enemies":"Awakened One","floor":50,"turns":11},{"damage":6,"enemies":"Shield and Spear","floor":54,"turns":8},{"damage":23,"enemies":"The Heart","floor":55,"turns":10}],"seed_played":"-2148866987544431268","potions_obtained":[{"floor":1,"key":"Ancient Potion"},{"floor":2,"key":"GhostInAJar"},{"floor":6,"key":"PowerPotion"},{"floor":14,"key":"GhostInAJar"},{"floor":18,"key":"SteroidPotion"},{"floor":28,"key":"Dexterity Potion"},{"floor":35,"key":"LiquidBronze"},{"floor":42,"key":"Dexterity Potion"},{"floor":46,"key":"FearPotion"}],"is_trial":false,"path_per_floor":["M","M","?","$","M","E","R","M","T","?","R","M","?","M","R","B",null,"M","?","$","?","?","R","M","$","T","?","M","M","?","M","R","B",null,"M","?","?","M","M","R","E","?","T","R","E","M","R","?","R","B",null,"R","$","E","B",null],"character_chosen":"THE_SILENT","items_purchased":["Apotheosis","Omamori","Snake Skull","GhostInAJar","Burst"],"campfire_rested":3,"item_purchase_floors":[20,20,53,53,53],"current_hp_per_floor":[70,66,66,66,65,44,44,26,26,26,47,46,35,28,28,23,70,69,56,56,40,40,62,58,58,58,51,48,35,35,33,33,12,75,75,75,75,72,72,72,72,72,72,72,63,53,53,53,75,22,75,75,75,69,52],"gold":68,"neow_bonus":"ONE_RARE_RELIC","is_prod":false,"is_daily":false,"chose_seed":false,"campfire_upgraded":6,"win_rate":0,"timestamp":1550533852,"path_taken":["M","M","?","?","M","E","R","M","T","?","R","?","?","M","R","BOSS","M","?","$","?","?","R","M","?","T","?","?","M","?","M","R","BOSS","M","?","?","?","M","R","E","?","T","R","E","M","R","?","R","BOSS","R","$","E","BOSS"],"build_version":"2019-01-23","purchased_purges":1,"victory":true,"max_hp_per_floor":[70,70,70,70,70,70,70,70,70,70,70,70,70,70,70,70,70,70,75,75,75,75,75,75,75,75,75,75,75,75,75,75,75,75,75,75,75,75,75,75,75,75,75,75,75,75,75,75,75,75,75,75,75,75,75],"card_choices":[{"not_picked":["Flying Knee","Expertise"],"picked":"Poisoned Stab","floor":1},{"not_picked":["Poisoned Stab","Flying Knee"],"picked":"Bane","floor":1},{"not_picked":["Accuracy","PiercingWail"],"picked":"Leg Sweep","floor":2},{"not_picked":["Slice","Underhanded Strike","Infinite Blades"],"picked":"SKIP","floor":2},{"not_picked":["Riddle With Holes","Masterful Stab"],"picked":"Terror","floor":5},{"not_picked":["Cloak And Dagger","Underhanded Strike","Slice"],"picked":"SKIP","floor":5},{"not_picked":["Flechettes","A Thousand Cuts"],"picked":"Crippling Poison","floor":6},{"not_picked":["Expertise","Heel Hook"],"picked":"Dodge and Roll","floor":8},{"not_picked":["Dagger Spray","Sucker Punch","Calculated Gamble"],"picked":"SKIP","floor":8},{"not_picked":["Underhanded Strike","Tactician"],"picked":"Dash","floor":12},{"not_picked":["Bane","Prepared","Blade Dance"],"picked":"SKIP","floor":12},{"not_picked":["Slice","Bane"],"picked":"Footwork","floor":14},{"not_picked":["Flechettes","Leg Sweep"],"picked":"PiercingWail","floor":14},{"not_picked":["Phantasmal Killer","A Thousand Cuts"],"picked":"Glass Knife","floor":16},{"not_picked":["Dodge and Roll","Blur"],"picked":"Noxious Fumes","floor":18},{"not_picked":["Terror","Slice+1"],"picked":"Catalyst+1","floor":18},{"not_picked":["Catalyst","Terror+1"],"picked":"Caltrops","floor":24},{"not_picked":["Cloak And Dagger","Slice","Bane"],"picked":"SKIP","floor":24},{"not_picked":["Acrobatics+1","Blade Dance"],"picked":"Blur+1","floor":28},{"not_picked":["Bane","Concentrate+1","Cloak And Dagger"],"picked":"SKIP","floor":28},{"not_picked":["Sucker Punch","Dagger Spray"],"picked":"Backflip","floor":29},{"not_picked":["Choke+1","A Thousand Cuts","Calculated Gamble"],"picked":"SKIP","floor":29},{"not_picked":["Leg Sweep","Dodge and Roll"],"picked":"Noxious Fumes","floor":31},{"not_picked":["Backflip+1","Caltrops"],"picked":"Well Laid Plans","floor":31},{"not_picked":["A Thousand Cuts","Venomology"],"picked":"Bullet Time","floor":33},{"not_picked":["Acrobatics","Cloak And Dagger+1","Dagger Spray+1"],"picked":"SKIP","floor":35},{"not_picked":["All Out Attack+1","Cloak And Dagger+1","Flying Knee+1"],"picked":"SKIP","floor":35},{"not_picked":["Expertise","Prepared+1"],"picked":"Tactician+1","floor":38},{"not_picked":["Backflip+1","Concentrate+1","Slice"],"picked":"SKIP","floor":38},{"not_picked":["Prepared","Flying Knee+1"],"picked":"Dodge and Roll","floor":39},{"not_picked":["Flying Knee+1","Masterful Stab","Flechettes"],"picked":"SKIP","floor":39},{"not_picked":["Well Laid Plans+1","Flechettes"],"picked":"Footwork","floor":41},{"not_picked":["Finisher+1","Deflect","Blade Dance+1"],"picked":"SKIP","floor":45},{"not_picked":["Masterful Stab+1","Bouncing Flask"],"picked":"PiercingWail+1","floor":46},{"not_picked":["Flying Knee","Finisher+1","Deadly Poison"],"picked":"SKIP","floor":46},{"not_picked":["Accuracy","Poisoned Stab","Die Die Die"],"picked":"SKIP","floor":54}],"player_experience":199268,"relics_obtained":[{"floor":6,"key":"Potion Belt"},{"floor":9,"key":"Centennial Puzzle"},{"floor":21,"key":"Enchiridion"},{"floor":26,"key":"Bag of Marbles"},{"floor":41,"key":"Letter Opener"},{"floor":42,"key":"Dead Branch"},{"floor":45,"key":"Nunchaku"},{"floor":54,"key":"Pantograph"}],"event_choices":[{"damage_healed":0,"gold_gain":0,"player_choice":"Box","damage_taken":0,"relics_obtained":["Blue Candle"],"max_hp_gain":0,"max_hp_loss":0,"event_name":"Big Fish","floor":3,"gold_loss":0,"cards_obtained":["Regret"]},{"damage_healed":0,"gold_gain":0,"player_choice":"Grow","damage_taken":0,"max_hp_gain":0,"max_hp_loss":0,"event_name":"Living Wall","floor":10,"gold_loss":0,"cards_upgraded":["Neutralize"]},{"damage_healed":0,"gold_gain":75,"player_choice":"Gather Gold","damage_taken":11,"max_hp_gain":0,"max_hp_loss":0,"event_name":"World of Goop","floor":13,"gold_loss":0},{"damage_healed":0,"gold_gain":0,"player_choice":"Shed Blood","damage_taken":18,"max_hp_gain":5,"max_hp_loss":0,"event_name":"Forgotten Altar","floor":19,"gold_loss":0},{"damage_healed":0,"gold_gain":0,"player_choice":"Obtained Book","damage_taken":16,"max_hp_gain":0,"max_hp_loss":0,"event_name":"Cursed Tome","floor":21,"gold_loss":0},{"damage_healed":0,"gold_gain":0,"player_choice":"Opened","damage_taken":0,"relics_obtained":["Gambling Chip"],"max_hp_gain":0,"max_hp_loss":0,"event_name":"The Mausoleum","floor":22,"gold_loss":0,"cards_obtained":["Writhe"]},{"damage_healed":0,"gold_gain":0,"player_choice":"","damage_taken":7,"max_hp_gain":0,"max_hp_loss":0,"event_name":"Knowing Skull","floor":27,"potions_obtained":[],"gold_loss":0,"cards_obtained":[]},{"cards_removed":["Regret"],"damage_healed":0,"gold_gain":0,"player_choice":"Purged","damage_taken":0,"max_hp_gain":0,"max_hp_loss":0,"event_name":"Purifier","floor":30,"gold_loss":0},{"cards_removed":["Dodge and Roll"],"damage_healed":0,"gold_gain":0,"player_choice":"Removed Skill","damage_taken":0,"max_hp_gain":0,"max_hp_loss":0,"event_name":"Falling","floor":36,"gold_loss":0},{"damage_healed":0,"gold_gain":0,"player_choice":"Ignored","damage_taken":0,"max_hp_gain":0,"max_hp_loss":0,"event_name":"SecretPortal","floor":37,"gold_loss":0},{"damage_healed":0,"gold_gain":0,"player_choice":"Fight","damage_taken":0,"max_hp_gain":0,"max_hp_loss":0,"event_name":"MindBloom","floor":42,"gold_loss":0},{"damage_healed":0,"gold_gain":0,"player_choice":"Ignored","damage_taken":0,"max_hp_gain":0,"max_hp_loss":0,"event_name":"Tomb of Lord Red Mask","floor":48,"gold_loss":0}],"is_beta":false,"boss_relics":[{"not_picked":["Empty Cage","White Beast Statue"],"picked":"Cursed Key"},{"not_picked":["Astrolabe","Orrery"],"picked":"Snecko Eye"}],"items_purged_floors":[53],"is_endless":false,"potions_floor_spawned":[1,2,6,14,18,28,31,35,42,46,54],"ascension_level":4}