{"gold_per_floor":[115,65,80,97,115,140,155,330,330,405,430,186,186,204,204,308,308,320,245,261,176,224,254,254,18,18,18,34,67,167,193,193,288,288,308,308,308,308,73,107,122,148,148,148,30,0,15,25,25,25],"floor_reached":51,"playtime":5545,"items_purged":["Doubt","Strike_B"],"score":1003,"play_id":"c2c83196-1bba-4a07-8c86-04b65ea84893","local_time":"20180919173339","is_ascension_mode":true,"campfire_choices":[{"data":"Self Repair","floor":13,"key":"SMITH"},{"data":"Genetic Algorithm","floor":15,"key":"SMITH"},{"data":"Static Discharge","floor":24,"key":"SMITH"},{"data":"Rainbow","floor":27,"key":"SMITH"},{"data":"Zap","floor":32,"key":"SMITH"},{"data":"Cold Snap","floor":44,"key":"SMITH"},{"data":"1","floor":49,"key":"LIFT"}],"neow_cost":"NONE","seed_source_timestamp":599976554882192,"circlet_count":0,"master_deck":["Defend_B","Defend_B","Defend_B","Defend_B","Zap+1","Dualcast+1","Leap+1","Self Repair+1","Ball Lightning","Rainbow+1","Genetic Algorithm+1","Cold Snap+1","Rebound","Redo+1","Bandage Up+1","Coolheaded+1","Coolheaded+1","Fission+1","Aggregate+1","Redo+1","Static Discharge+1","Hologram+1","Secret Technique+1","Hologram+1","Biased Cognition+1","Loop+1","Buffer+1","Heatsinks+1","Madness+1","Madness+1","Self Repair+1","Hologram+1","Stack+1","Creative AI+1","Go for the Eyes+1","Scrape+1","Capacitor+1","Coolheaded+1","Beam Cell+1"],"relics":["Cracked Core","Letter Opener","Toxic Egg 2","Bottled Tornado","Runic Dome","Strawberry","Bag of Marbles","Gambling Chip","Pear","Matryoshka","Girya","Frozen Egg 2","Mummified Hand","Inserter","Kunai","Pantograph","Molten Egg 2","Dodecahedron","Red Mask"],"potions_floor_usage":[30],"damage_taken":[{"damage":1,"enemies":"2 Louse","floor":1,"turns":3},{"damage":0,"enemies":"Jaw Worm","floor":3,"turns":4},{"damage":0,"enemies":"Cultist","floor":4,"turns":3},{"damage":2,"enemies":"2 Fungi Beasts","floor":5,"turns":4},{"damage":21,"enemies":"Gremlin Nob","floor":6,"turns":5},{"damage":11,"enemies":"Looter","floor":7,"turns":3},{"damage":2,"enemies":"Lagavulin","floor":11,"turns":5},{"damage":3,"enemies":"Blue Slaver","floor":14,"turns":3},{"damage":37,"enemies":"Slime Boss","floor":16,"turns":10},{"damage":15,"enemies":"Spheric Guardian","floor":18,"turns":4},{"damage":2,"enemies":"Shell Parasite","floor":20,"turns":4},{"damage":39,"enemies":"Slavers","floor":23,"turns":5},{"damage":0,"enemies":"Cultist and Chosen","floor":28,"turns":4},{"damage":33,"enemies":"Gremlin Leader","floor":29,"turns":6},{"damage":27,"enemies":"Colosseum Slavers","floor":30,"turns":4},{"damage":33,"enemies":"Colosseum Nobs","floor":30,"turns":4},{"damage":5,"enemies":"Book of Stabbing","floor":31,"turns":6},{"damage":43,"enemies":"Collector","floor":33,"turns":10},{"damage":0,"enemies":"Orb Walker","floor":35,"turns":3},{"damage":0,"enemies":"2 Orb Walkers","floor":40,"turns":5},{"damage":0,"enemies":"3 Shapes","floor":41,"turns":4},{"damage":22,"enemies":"Nemesis","floor":42,"turns":7},{"damage":0,"enemies":"3 Darklings","floor":47,"turns":3},{"damage":0,"enemies":"4 Shapes","floor":48,"turns":1},{"damage":0,"enemies":"Awakened One","floor":50,"turns":4}],"seed_played":"-4871855692436102460","potions_obtained":[{"floor":6,"key":"Energy Potion"},{"floor":7,"key":"SmokeBomb"},{"floor":11,"key":"Strength Potion"},{"floor":16,"key":"FocusPotion"},{"floor":18,"key":"GamblersBrew"},{"floor":35,"key":"SpeedPotion"},{"floor":41,"key":"Energy Potion"}],"is_trial":false,"path_per_floor":["M","?","M","M","M","E","M","?","T","?","E","$","R","M","R","B",null,"M","?","M","?","T","E","R","$","T","R","M","E","?","E","R","B",null,"M","?","?","?","$","E","M","E","T","R","$","?","M","M","R","B"],"character_chosen":"DEFECT","items_purchased":["Redo+1","Bandage Up+1","Coolheaded+1","Hologram+1","Secret Technique+1","Self Repair+1","Hologram+1","Stack+1","Capacitor+1","Coolheaded+1"],"campfire_rested":0,"item_purchase_floors":[12,12,12,25,25,39,39,39,45,45],"current_hp_per_floor":[74,74,74,75,75,61,57,57,57,46,51,51,51,58,58,37,75,70,70,75,82,82,59,59,59,69,69,85,68,40,51,51,14,92,92,92,92,80,80,92,92,92,92,92,92,92,92,92,92,92],"gold":25,"neow_bonus":"UPGRADE_CARD","is_prod":false,"is_daily":false,"chose_seed":false,"campfire_upgraded":6,"win_rate":0,"timestamp":1537374819,"path_taken":["M","?","M","M","M","E","?","?","T","?","E","$","R","M","R","BOSS","M","?","M","?","?","E","R","$","T","R","?","E","?","E","R","BOSS","M","?","?","?","$","E","M","E","T","R","?","?","M","?","R","BOSS"],"build_version":"2018-09-06","purchased_purges":2,"victory":true,"max_hp_per_floor":[75,75,75,75,75,75,75,75,75,75,75,75,75,75,75,75,75,75,75,75,82,82,82,82,82,92,92,92,92,92,92,92,92,92,92,92,92,92,92,92,92,92,92,92,92,92,92,92,92,92],"card_choices":[{"not_picked":["Stack","Compile Driver"],"picked":"Leap","floor":1},{"not_picked":["Coolheaded","Beam Cell"],"picked":"Self Repair","floor":3},{"not_picked":["Go for the Eyes","Redo"],"picked":"Ball Lightning","floor":4},{"not_picked":["Go for the Eyes","Turbo"],"picked":"Rainbow","floor":5},{"not_picked":["Hello World","Leap"],"picked":"Genetic Algorithm","floor":6},{"not_picked":["Melter","Steam"],"picked":"Cold Snap","floor":7},{"not_picked":["Ball Lightning","Biased Cognition"],"picked":"Rebound","floor":11},{"not_picked":["Steam Power+1","Go for the Eyes"],"picked":"Coolheaded+1","floor":14},{"not_picked":["Thunder Strike","Electrodynamics"],"picked":"Fission+1","floor":16},{"not_picked":["Cold Snap","Barrage"],"picked":"Aggregate+1","floor":18},{"not_picked":["Coolheaded+1","Steam+1"],"picked":"Redo+1","floor":20},{"not_picked":["Steam Power+1","Steam+1"],"picked":"Static Discharge","floor":23},{"not_picked":["Barrage","Leap+1"],"picked":"Hologram+1","floor":28},{"not_picked":["Doom and Gloom","Auto Shields+1","FTL"],"picked":"SKIP","floor":29},{"not_picked":["Chaos+1","Ball Lightning"],"picked":"Biased Cognition","floor":30},{"not_picked":["Consume+1","Cold Snap"],"picked":"Loop+1","floor":31},{"not_picked":["Multi-Cast+1","Fission+1"],"picked":"Buffer+1","floor":33},{"not_picked":["BootSequence+1","FTL"],"picked":"Heatsinks+1","floor":35},{"not_picked":["Static Discharge+1","Beam Cell"],"picked":"Creative AI+1","floor":40},{"not_picked":["Rebound","Conserve Battery+1"],"picked":"Go for the Eyes+1","floor":41},{"not_picked":["Melter","Cold Snap"],"picked":"Scrape+1","floor":42},{"not_picked":["Conserve Battery+1","Stack+1","Cold Snap+1"],"picked":"SKIP","floor":47},{"not_picked":["Conserve Battery+1","Rip and Tear+1"],"picked":"Beam Cell+1","floor":48}],"player_experience":71684,"relics_obtained":[{"floor":6,"key":"Letter Opener"},{"floor":9,"key":"Toxic Egg 2"},{"floor":11,"key":"Bottled Tornado"},{"floor":22,"key":"Bag of Marbles"},{"floor":23,"key":"Gambling Chip"},{"floor":26,"key":"Pear"},{"floor":29,"key":"Matryoshka"},{"floor":30,"key":"Girya"},{"floor":30,"key":"Frozen Egg 2"},{"floor":31,"key":"Mummified Hand"},{"floor":40,"key":"Kunai"},{"floor":42,"key":"Pantograph"},{"floor":43,"key":"Molten Egg 2"},{"floor":43,"key":"Dodecahedron"}],"event_choices":[{"event_name":"The Cleric","player_choice":"Card Removal","floor":2,"damage_taken":0},{"event_name":"Liars Game","player_choice":"agreed","floor":8,"damage_taken":0},{"event_name":"World of Goop","player_choice":"Gather Gold","floor":10,"damage_taken":0},{"event_name":"Beggar","player_choice":"Gave Gold","floor":19,"damage_taken":0},{"event_name":"Addict","player_choice":"Obtained Relic","floor":21,"damage_taken":0},{"event_name":"Colosseum","player_choice":"Fight","floor":30,"damage_taken":0},{"event_name":"Colosseum","player_choice":"Fought Nobs","floor":30,"damage_taken":0},{"event_name":"Falling","player_choice":"Removed Attack","floor":36,"damage_taken":0},{"event_name":"Upgrade Shrine","player_choice":"Upgraded","floor":37,"damage_taken":0},{"event_name":"Winding Halls","player_choice":"Embrace Madness","floor":38,"damage_taken":0},{"event_name":"Tomb of Lord Red Mask","player_choice":"Paid","floor":46,"damage_taken":0}],"is_beta":false,"boss_relics":[{"not_picked":["Philosopher\u0027s Stone","Eternal Feather"],"picked":"Runic Dome"},{"not_picked":["Empty Cage","Black Star"],"picked":"Inserter"}],"items_purged_floors":[12,39],"is_endless":false,"potions_floor_spawned":[6,7,11,14,16,18,28,29,35,40,41],"ascension_level":2}