{"gold_per_floor":[111,128,53,53,3,31,106,106,133,133,145,204,204,237,237,237],"floor_reached":16,"playtime":1027,"items_purged":["Defend_G"],"score":122,"play_id":"fba07f35-1a8a-4579-92a5-a492ab3481d9","local_time":"20190113011830","is_ascension_mode":true,"campfire_choices":[{"floor":8,"key":"REST"},{"floor":10,"key":"REST"},{"floor":13,"key":"REST"},{"floor":15,"key":"REST"}],"neow_cost":"NONE","seed_source_timestamp":46800700741783,"circlet_count":0,"master_deck":["Defend_G","Defend_G","Defend_G","Strike_G","Strike_G","Strike_G","Strike_G","Survivor","Neutralize","Dagger Spray","Slice","Glass Knife","Prepared","Caltrops","Bane","Noxious Fumes","Dagger Throw","Deflect"],"relics":["Runic Dome","The Courier","Dream Catcher","Blood Vial","Pen Nib"],"potions_floor_usage":[12,14],"damage_taken":[{"damage":10,"enemies":"2 Louse","floor":1,"turns":3},{"damage":0,"enemies":"Small Slimes","floor":2,"turns":3},{"damage":35,"enemies":"Lagavulin","floor":6,"turns":9},{"damage":0,"enemies":"Jaw Worm","floor":11,"turns":2},{"damage":45,"enemies":"Lagavulin Event","floor":12,"turns":7},{"damage":14,"enemies":"Gremlin Nob","floor":14,"turns":4},{"damage":51,"enemies":"The Guardian","floor":16,"turns":9}],"seed_played":"5550965942348425290","potions_obtained":[{"floor":2,"key":"Swift Potion"},{"floor":12,"key":"Regen Potion"}],"is_trial":false,"path_per_floor":["M","M","$","?","?","E","?","R","T","R","M","?","R","E","R","B"],"character_chosen":"THE_SILENT","items_purchased":[],"campfire_rested":4,"item_purchase_floors":[],"current_hp_per_floor":[60,60,60,53,53,18,7,28,28,49,49,4,25,25,46,0],"gold":237,"neow_bonus":"BOSS_RELIC","is_prod":false,"is_daily":false,"chose_seed":false,"campfire_upgraded":0,"win_rate":0,"timestamp":1547371110,"path_taken":["M","M","$","?","?","E","?","R","T","R","M","?","R","E","R","BOSS"],"build_version":"2019-01-10","purchased_purges":1,"victory":false,"max_hp_per_floor":[70,70,70,70,70,70,70,70,70,70,70,70,70,70,70,70],"card_choices":[{"not_picked":["Acrobatics","Backflip"],"picked":"Dagger Spray","floor":1},{"not_picked":["Riddle With Holes","Deflect"],"picked":"Slice","floor":2},{"not_picked":["Underhanded Strike","Finisher"],"picked":"Glass Knife","floor":6},{"not_picked":["Concentrate","Heel Hook"],"picked":"Prepared","floor":10},{"not_picked":["Poisoned Stab","Skewer"],"picked":"Caltrops","floor":11},{"not_picked":["Underhanded Strike","Outmaneuver"],"picked":"Bane","floor":12},{"not_picked":["Outmaneuver","Blade Dance"],"picked":"Noxious Fumes","floor":13},{"not_picked":["Acrobatics","Underhanded Strike"],"picked":"Dagger Throw","floor":14},{"not_picked":["Backstab","Noxious Fumes"],"picked":"Deflect","floor":15}],"player_experience":144096,"relics_obtained":[{"floor":6,"key":"The Courier"},{"floor":9,"key":"Dream Catcher"},{"floor":12,"key":"Blood Vial"},{"floor":14,"key":"Pen Nib"}],"event_choices":[{"cards_removed":["Strike_G"],"damage_healed":0,"gold_gain":0,"player_choice":"Card Removal","damage_taken":7,"max_hp_gain":0,"max_hp_loss":0,"event_name":"Golden Wing","floor":4,"gold_loss":0},{"cards_removed":["Defend_G"],"damage_healed":0,"gold_gain":0,"player_choice":"Card Removal","damage_taken":0,"max_hp_gain":0,"max_hp_loss":0,"event_name":"The Cleric","floor":5,"gold_loss":50},{"damage_healed":0,"gold_gain":75,"player_choice":"Gather Gold","damage_taken":11,"max_hp_gain":0,"max_hp_loss":0,"event_name":"World of Goop","floor":7,"gold_loss":0},{"damage_healed":0,"gold_gain":30,"player_choice":"Searched \u00272\u0027 times","damage_taken":0,"max_hp_gain":0,"max_hp_loss":0,"event_name":"Dead Adventurer","floor":12,"gold_loss":0}],"is_beta":false,"boss_relics":[],"items_purged_floors":[3],"is_endless":false,"potions_floor_spawned":[2,12],"killed_by":"The Guardian","ascension_level":3}