{"gold_per_floor":[119,46,63,77,77,77,27,51,78,90,124,124,143,143,143,242,242,252,50,64,64,64,64,96,96,123,136,161,8,8,8,8,113,113,129,129,129,129,229,259,259,305,359,61,79,79,113,125,125,125],"floor_reached":51,"playtime":1739,"items_purged":[],"score":971,"play_id":"7f31e096-66d5-4bba-b19b-0d58197a4bee","local_time":"20190118234441","is_ascension_mode":true,"campfire_choices":[{"data":"Loop","floor":6,"key":"SMITH"},{"data":"Electrodynamics","floor":12,"key":"SMITH"},{"data":"Loop","floor":15,"key":"SMITH"},{"floor":23,"key":"REST"},{"floor":25,"key":"REST"},{"floor":32,"key":"RECALL"},{"floor":41,"key":"REST"},{"floor":46,"key":"REST"},{"floor":49,"key":"REST"}],"neow_cost":"NONE","seed_source_timestamp":511027137347579,"circlet_count":0,"master_deck":["Strike_B+1","Strike_B+1","Strike_B+1","Defend_B+1","Defend_B+1","Defend_B+1","Defend_B+1","Zap+1","Dualcast+1","Melter","Loop+1","Coolheaded","Cold Snap","Loop+1","Electrodynamics+1","Coolheaded","Thunder Strike","Conserve Battery+1","Hologram+1","Self Repair+1","Consume","Biased Cognition","Writhe","Meteor Strike","Lockon+1","Ball Lightning+1","Hello World+1"],"relics":["Cracked Core","Bronze Scales","Pen Nib","Art of War","Fusion Hammer","Sling","Potion Belt","War Paint","Strawberry","DataDisk","Vajra","Inserter","Pocketwatch","Bag of Marbles","Bird Faced Urn","Omamori","Gambling Chip","Smiling Mask"],"potions_floor_usage":[11,42,50,50,50,50,50],"damage_taken":[{"damage":1,"enemies":"Cultist","floor":1,"turns":3},{"damage":2,"enemies":"2 Louse","floor":3,"turns":2},{"damage":7,"enemies":"Jaw Worm","floor":4,"turns":3},{"damage":7,"enemies":"Blue Slaver","floor":10,"turns":3},{"damage":10,"enemies":"3 Sentries","floor":11,"turns":5},{"damage":6,"enemies":"Exordium Wildlife","floor":13,"turns":2},{"damage":0,"enemies":"Slime Boss","floor":16,"turns":11},{"damage":0,"enemies":"Spheric Guardian","floor":18,"turns":1},{"damage":6,"enemies":"Chosen","floor":20,"turns":4},{"damage":7,"enemies":"Book of Stabbing","floor":24,"turns":4},{"damage":6,"enemies":"Centurion and Healer","floor":27,"turns":3},{"damage":4,"enemies":"Gremlin Leader","floor":28,"turns":7},{"damage":33,"enemies":"Collector","floor":33,"turns":14},{"damage":12,"enemies":"3 Shapes","floor":35,"turns":4},{"damage":0,"enemies":"Mind Bloom Boss Battle","floor":39,"turns":5},{"damage":10,"enemies":"Giant Head","floor":40,"turns":7},{"damage":46,"enemies":"2 Orb Walkers","floor":42,"turns":4},{"damage":7,"enemies":"3 Darklings","floor":45,"turns":3},{"damage":4,"enemies":"Nemesis","floor":47,"turns":7},{"damage":13,"enemies":"4 Shapes","floor":48,"turns":6},{"damage":48,"enemies":"Donu and Deca","floor":50,"turns":6}],"seed_played":"-8703418561644072017","potions_obtained":[{"floor":1,"key":"FearPotion"},{"floor":3,"key":"Explosive Potion"},{"floor":20,"key":"LiquidBronze"},{"floor":27,"key":"SkillPotion"},{"floor":33,"key":"Fire Potion"},{"floor":39,"key":"Fire Potion"},{"floor":42,"key":"EssenceOfSteel"},{"floor":47,"key":"EssenceOfSteel"}],"is_trial":false,"path_per_floor":["M","$","M","M","?","R","?","T","T","M","E","R","M","?","R","B",null,"M","$","M","?","?","R","E","R","T","M","E","$","?","$","R","B",null,"M","?","?","$","?","E","R","?","T","$","M","R","E","M","R","B",null],"character_chosen":"DEFECT","items_purchased":["Loop","Sling","DataDisk","Gambling Chip"],"campfire_rested":5,"item_purchase_floors":[2,19,29,44],"current_hp_per_floor":[74,74,72,65,70,70,70,70,70,63,53,53,47,47,47,47,72,72,72,66,51,51,76,69,85,85,85,92,92,92,92,92,69,86,84,84,84,84,84,84,87,41,41,41,52,78,87,87,87,47],"gold":125,"neow_bonus":"UPGRADE_CARD","is_prod":false,"is_daily":false,"chose_seed":false,"campfire_upgraded":3,"win_rate":0,"timestamp":1547847881,"path_taken":["M","$","?","M","?","R","?","?","T","?","E","R","M","?","R","BOSS","M","$","M","?","?","R","E","R","T","M","E","$","?","?","R","BOSS","M","?","?","$","?","E","R","?","T","$","M","R","E","M","R","BOSS"],"build_version":"2019-01-17v2","purchased_purges":0,"victory":true,"max_hp_per_floor":[75,75,75,75,80,80,80,80,80,80,80,80,80,80,80,80,80,80,80,80,85,85,85,85,85,85,85,92,92,92,92,92,92,92,92,92,87,87,87,87,87,87,87,87,87,87,87,87,87,87],"card_choices":[{"not_picked":["Stack","Reprogram"],"picked":"Melter","floor":1},{"not_picked":["Hello World","Streamline"],"picked":"Coolheaded","floor":3},{"not_picked":["Lockon","Aggregate"],"picked":"Cold Snap","floor":4},{"not_picked":["Reinforced Body","FTL"],"picked":"Loop","floor":10},{"not_picked":["Beam Cell","Blizzard"],"picked":"Electrodynamics","floor":11},{"not_picked":["Blizzard","Stack"],"picked":"Coolheaded","floor":13},{"not_picked":["Reboot","All For One"],"picked":"Thunder Strike","floor":16},{"not_picked":["Beam Cell+1","Streamline"],"picked":"Conserve Battery","floor":18},{"not_picked":["Gash+1","Sweeping Beam"],"picked":"Hologram+1","floor":20},{"not_picked":["Undo","Rebound+1"],"picked":"Self Repair+1","floor":24},{"not_picked":["Coolheaded+1","Stack"],"picked":"Consume","floor":27},{"not_picked":["Auto Shields","Sweeping Beam"],"picked":"Biased Cognition","floor":28},{"not_picked":["Hyperbeam","Seek"],"picked":"Meteor Strike","floor":33},{"not_picked":["Compile Driver","Heatsinks","Sweeping Beam"],"picked":"SKIP","floor":35},{"not_picked":["Melter+1","Consume+1"],"picked":"Lockon+1","floor":40},{"not_picked":["Reinforced Body+1","Rebound"],"picked":"Ball Lightning+1","floor":42},{"not_picked":["Conserve Battery","Beam Cell+1","FTL"],"picked":"SKIP","floor":45},{"not_picked":["Undo","Steam Power","Conserve Battery"],"picked":"SKIP","floor":47},{"not_picked":["Streamline","Coolheaded+1"],"picked":"Hello World+1","floor":48}],"player_experience":103911,"relics_obtained":[{"floor":8,"key":"Bronze Scales"},{"floor":9,"key":"Pen Nib"},{"floor":11,"key":"Art of War"},{"floor":24,"key":"Potion Belt"},{"floor":26,"key":"War Paint"},{"floor":28,"key":"Strawberry"},{"floor":39,"key":"Pocketwatch"},{"floor":40,"key":"Bag of Marbles"},{"floor":42,"key":"Bird Faced Urn"},{"floor":43,"key":"Omamori"},{"floor":47,"key":"Smiling Mask"}],"event_choices":[{"damage_healed":0,"gold_gain":0,"player_choice":"Donut","damage_taken":0,"max_hp_gain":5,"max_hp_loss":0,"event_name":"Big Fish","floor":5,"gold_loss":0},{"cards_removed":["Strike_B"],"damage_healed":0,"gold_gain":0,"player_choice":"Card Removal","damage_taken":0,"max_hp_gain":0,"max_hp_loss":0,"event_name":"The Cleric","floor":7,"gold_loss":50},{"damage_healed":0,"gold_gain":0,"player_choice":"Ignored","damage_taken":0,"max_hp_gain":0,"max_hp_loss":0,"event_name":"Liars Game","floor":14,"gold_loss":0},{"damage_healed":0,"gold_gain":0,"player_choice":"Shed Blood","damage_taken":20,"max_hp_gain":5,"max_hp_loss":0,"event_name":"Forgotten Altar","floor":21,"gold_loss":0},{"damage_healed":0,"gold_gain":0,"player_choice":"Simplicity","damage_taken":0,"max_hp_gain":0,"max_hp_loss":0,"event_name":"Back to Basics","floor":22,"gold_loss":0,"cards_upgraded":["Strike_B","Strike_B","Strike_B","Defend_B","Defend_B","Defend_B","Defend_B"]},{"damage_healed":0,"gold_gain":0,"player_choice":"Opened","damage_taken":0,"relics_obtained":["Vajra"],"max_hp_gain":0,"max_hp_loss":0,"event_name":"The Mausoleum","floor":30,"gold_loss":0,"cards_obtained":["Writhe"]},{"damage_healed":0,"gold_gain":0,"player_choice":"Ignored","damage_taken":0,"max_hp_gain":0,"max_hp_loss":0,"event_name":"Tomb of Lord Red Mask","floor":36,"gold_loss":0},{"damage_healed":0,"gold_gain":0,"player_choice":"Max HP","damage_taken":0,"max_hp_gain":0,"max_hp_loss":5,"event_name":"Winding Halls","floor":37,"gold_loss":0},{"damage_healed":0,"gold_gain":0,"player_choice":"Fight","damage_taken":0,"max_hp_gain":0,"max_hp_loss":0,"event_name":"MindBloom","floor":39,"gold_loss":0},{"damage_healed":0,"gold_gain":0,"player_choice":"Fight","damage_taken":0,"max_hp_gain":0,"max_hp_loss":0,"event_name":"Mysterious Sphere","floor":42,"gold_loss":0}],"is_beta":false,"boss_relics":[{"not_picked":["Pandora\u0027s Box","White Beast Statue"],"picked":"Fusion Hammer"},{"not_picked":["FrozenCore","Empty Cage"],"picked":"Inserter"}],"items_purged_floors":[],"is_endless":false,"potions_floor_spawned":[1,3,20,27,33,39,42,47,48],"ascension_level":5}