{"gold_per_floor":[119,194,205,205,220,220,220,220,220,248,259,269,287,124,124,222,222,238,142,342,354,354,354,200,215,240,339,339,362,168,168,168,263,263,283,295,295,313,328,328,340,340,366,366,376,59,71,89,89,89],"floor_reached":51,"playtime":1930,"items_purged":["Strike_B","Strike_B","Pain","Injury"],"score":724,"play_id":"90bcf063-f36b-4947-9024-58ba8b30e0e5","local_time":"20190218022909","is_ascension_mode":false,"campfire_choices":[{"data":"Defragment","floor":6.0,"key":"SMITH"},{"data":"Zap","floor":8.0,"key":"SMITH"},{"data":"Darkness","floor":15.0,"key":"SMITH"},{"data":"Defragment","floor":23,"key":"SMITH"},{"data":"Dualcast","floor":28,"key":"SMITH"},{"data":"Hello World","floor":32,"key":"SMITH"},{"floor":40,"key":"REST"},{"data":"Amplify","floor":44,"key":"SMITH"},{"floor":49,"key":"REST"}],"neow_cost":"NONE","seed_source_timestamp":0,"circlet_count":0,"master_deck":["Defend_B+1","Defend_B","Defend_B","Defend_B+1","Zap+1","Dualcast+1","BootSequence+1","Defragment+1","Core Surge","Reinforced Body","Self Repair","Darkness+1","Conserve Battery","Hello World+1","Electrodynamics","Tempest+1","Defragment+1","Ball Lightning","Conserve Battery","Glacier","Glacier","Amplify+1","Defragment+1","Glacier+1","Conserve Battery","Hello World","Force Field"],"special_seed":0,"relics":["White Beast Statue","DataDisk","Bag of Marbles","Cursed Key","War Paint","Lantern","Busted Crown","Regal Pillow"],"potions_floor_usage":[21,21,21,33,33,33,50,50,50],"damage_taken":[{"damage":0.0,"enemies":"Small Slimes","floor":1.0,"turns":2.0},{"damage":1.0,"enemies":"Cultist","floor":3.0,"turns":4.0},{"damage":1.0,"enemies":"Jaw Worm","floor":5.0,"turns":4.0},{"damage":44.0,"enemies":"Gremlin Nob","floor":10.0,"turns":5.0},{"damage":0.0,"enemies":"Exordium Thugs","floor":11.0,"turns":4.0},{"damage":0.0,"enemies":"Red Slaver","floor":12.0,"turns":3.0},{"damage":0.0,"enemies":"Large Slime","floor":13.0,"turns":5.0},{"damage":3.0,"enemies":"The Guardian","floor":16.0,"turns":10.0},{"damage":19.0,"enemies":"Chosen","floor":18.0,"turns":5.0},{"damage":0,"enemies":"2 Thieves","floor":21,"turns":4},{"damage":17,"enemies":"Centurion and Healer","floor":25,"turns":4},{"damage":18,"enemies":"Champ","floor":33,"turns":9},{"damage":0,"enemies":"3 Shapes","floor":35,"turns":5},{"damage":30,"enemies":"3 Darklings","floor":36,"turns":3},{"damage":21,"enemies":"Jaw Worm Horde","floor":38,"turns":2},{"damage":11,"enemies":"Maw","floor":39,"turns":7},{"damage":12,"enemies":"Writhing Mass","floor":41,"turns":5},{"damage":22,"enemies":"Jaw Worm Horde","floor":45,"turns":5},{"damage":0,"enemies":"Maw","floor":47,"turns":8},{"damage":4,"enemies":"3 Darklings","floor":48,"turns":5},{"damage":20,"enemies":"Awakened One","floor":50,"turns":15}],"seed_played":"-8335447677634530588","potions_obtained":[{"floor":1.0,"key":"Regen Potion"},{"floor":3.0,"key":"EssenceOfSteel"},{"floor":5.0,"key":"Dexterity Potion"},{"floor":10.0,"key":"SkillPotion"},{"floor":11.0,"key":"Swift Potion"},{"floor":12.0,"key":"Explosive Potion"},{"floor":13.0,"key":"SpeedPotion"},{"floor":16.0,"key":"SteroidPotion"},{"floor":18.0,"key":"EntropicBrew"},{"floor":21,"key":"LiquidBronze"},{"floor":33,"key":"Strength Potion"},{"floor":35,"key":"EssenceOfSteel"},{"floor":36,"key":"SpeedPotion"},{"floor":38,"key":"Dexterity Potion"},{"floor":41,"key":"SpeedPotion"}],"is_trial":false,"path_per_floor":["M","?","M","?","M","R","?","R","T","E","M","M","M","$","R","B",null,"M","$","?","M","$","R","$","M","T","?","R","T","$","?","R","B",null,"M","M","?","M","M","R","M","?","T","R","M","$","M","M","R","B",null],"character_chosen":"DEFECT","items_purchased":["Conserve Battery","Hello World","Defragment","Ball Lightning","Conserve Battery","Glacier","Conserve Battery","Hello World","Force Field"],"campfire_rested":2,"item_purchase_floors":[14,14,19,19,24,30,46,46,46],"current_hp_per_floor":[75,64,63,48,47,47,47,47,47,15,15,15,22,22,22,26,75,63,63,63,70,70,70,70,60,60,60,60,60,60,60,60,49,72,72,56,56,35,38,59,54,54,54,54,39,39,46,49,72,59],"gold":89,"neow_bonus":"BOSS_RELIC","is_prod":false,"is_daily":false,"chose_seed":false,"campfire_upgraded":7,"win_rate":0,"timestamp":1550478549,"path_taken":["M","?","M","?","M","R","?","R","T","E","M","M","?","?","R","BOSS","M","$","?","M","?","R","$","?","T","?","R","?","?","?","R","BOSS","M","?","?","M","M","R","M","?","T","R","M","$","M","M","R","BOSS"],"build_version":"2019-01-23","purchased_purges":4,"victory":true,"max_hp_per_floor":[75,75,75,75,75,75,75,75,75,75,75,75,75,75,75,75,75,75,75,75,75,75,75,75,75,75,75,75,75,75,72,72,72,72,72,72,72,72,72,72,72,72,72,72,72,72,72,72,72,72],"card_choices":[{"not_picked":["Barrage","Cold Snap"],"picked":"BootSequence","floor":1.0},{"not_picked":["Streamline","Rip and Tear","Core Surge"],"picked":"SKIP","floor":3.0},{"not_picked":["Go for the Eyes","Ball Lightning"],"picked":"Defragment","floor":5.0},{"not_picked":["Turbo","Stack","Blizzard"],"picked":"SKIP","floor":10.0},{"not_picked":["Rebound","Compile Driver"],"picked":"Reinforced Body","floor":11.0},{"not_picked":["Gash","Cold Snap"],"picked":"Self Repair","floor":12.0},{"not_picked":["Compile Driver","Consume"],"picked":"Darkness","floor":13.0},{"not_picked":["Meteor Strike","Rainbow"],"picked":"Electrodynamics","floor":16.0},{"not_picked":["Hologram+1","Streamline"],"picked":"Tempest","floor":18.0},{"not_picked":["Fusion","Recycle","Turbo+1"],"picked":"SKIP","floor":21},{"not_picked":["Beam Cell","Stack"],"picked":"Glacier","floor":25},{"not_picked":["Electrodynamics","Hyperbeam"],"picked":"Amplify","floor":33},{"not_picked":["Go for the Eyes"],"picked":"SKIP","floor":35},{"not_picked":["Leap"],"picked":"SKIP","floor":36},{"not_picked":["Stack"],"picked":"SKIP","floor":38},{"not_picked":["Gash+1"],"picked":"SKIP","floor":39},{"not_picked":["Beam Cell+1"],"picked":"SKIP","floor":41},{"not_picked":[],"picked":"Glacier+1","floor":45},{"not_picked":["Doom and Gloom+1"],"picked":"SKIP","floor":47},{"not_picked":["Steam"],"picked":"SKIP","floor":48}],"player_experience":865310,"relics_obtained":[{"floor":9.0,"key":"DataDisk"},{"floor":10.0,"key":"Bag of Marbles"},{"floor":26,"key":"War Paint"},{"floor":29,"key":"Lantern"},{"floor":43,"key":"Regal Pillow"}],"event_choices":[{"damage_healed":0.0,"max_hp_gain":0.0,"max_hp_loss":0.0,"gold_gain":75.0,"event_name":"World of Goop","player_choice":"Gather Gold","floor":2.0,"gold_loss":0.0,"damage_taken":11.0},{"damage_healed":0.0,"max_hp_gain":0.0,"max_hp_loss":0.0,"gold_gain":0.0,"event_name":"Shining Light","player_choice":"Entered Light","floor":4.0,"gold_loss":0.0,"damage_taken":15.0,"cards_upgraded":["Defend_B","Defend_B"]},{"damage_healed":0.0,"max_hp_gain":0.0,"max_hp_loss":0.0,"gold_gain":0.0,"cards_transformed":["Strike_B"],"event_name":"Transmorgrifier","player_choice":"Transformed","floor":7.0,"gold_loss":0.0,"damage_taken":0.0,"cards_obtained":["Core Surge"]},{"damage_healed":0,"gold_gain":250,"player_choice":"Bet on Owner","damage_taken":0,"max_hp_gain":0,"max_hp_loss":0,"event_name":"The Joust","floor":20,"gold_loss":50},{"damage_healed":0,"gold_gain":99,"player_choice":"Stole From Cult","damage_taken":0,"max_hp_gain":0,"max_hp_loss":0,"event_name":"Nest","floor":27,"gold_loss":0},{"cards_removed":["Parasite"],"damage_healed":0,"gold_gain":0,"player_choice":"Purged","damage_taken":0,"max_hp_gain":0,"max_hp_loss":0,"event_name":"Purifier","floor":31,"gold_loss":0},{"cards_removed":["Strike_B"],"damage_healed":0,"gold_gain":0,"player_choice":"Removed Attack","damage_taken":0,"max_hp_gain":0,"max_hp_loss":0,"event_name":"Falling","floor":37,"gold_loss":0},{"damage_healed":0,"gold_gain":0,"player_choice":"Copied","damage_taken":0,"max_hp_gain":0,"max_hp_loss":0,"event_name":"Duplicator","floor":42,"gold_loss":0,"cards_obtained":["Defragment"]}],"is_beta":false,"boss_relics":[{"not_picked":["Lizard Tail","Coffee Dripper"],"picked":"Cursed Key"},{"not_picked":["Astrolabe","Nuclear Battery"],"picked":"Busted Crown"}],"items_purged_floors":[14,24,30,46],"is_endless":false,"potions_floor_spawned":[1,3,5,10,11,12,13,16,18,21,25,33,35,36,38,39,41,45,47,48],"ascension_level":0}