{"gold_per_floor":[360,284,359,359,281,306,324,324,324,324,324,342,355,420,420,517,517,529,529,543,554,3,35,35,61,88,88,116,116,129,158,158,254,254,273,273,319,84,101,101,64,98,98,113,126,158,158,158,158,158],"floor_reached":51,"playtime":1753,"items_purged":[],"score":954,"play_id":"31a992d7-5fa0-4c9c-a798-1cefb3cf5ae2","local_time":"20190119182049","is_ascension_mode":true,"campfire_choices":[{"data":"Bash","floor":8.0,"key":"SMITH"},{"floor":11.0,"key":"REST"},{"data":"Clothesline","floor":15.0,"key":"SMITH"},{"floor":24.0,"key":"REST"},{"floor":27.0,"key":"REST"},{"floor":32,"key":"REST"},{"floor":40,"key":"RECALL"}],"neow_cost":"PERCENT_DAMAGE","seed_source_timestamp":577875174008062,"circlet_count":0,"master_deck":["Strike_R+1","Strike_R+1","Strike_R+1","Strike_R+1","Defend_R+1","Defend_R+1","Defend_R+1","Defend_R+1","Bash+1","Clothesline+1","Inflame+1","True Grit+1","Armaments+1","Flame Barrier+1","Twin Strike+1","Pommel Strike+1","Sword Boomerang+1","Limit Break+1","Warcry+1","Ghostly Armor+1","Pummel+1","Double Tap+1","Immolate+1","Flame Barrier+1","Iron Wave+1","Rage+1","Battle Trance+1","Flex+1","Reaper+1","Headbutt+1","Shockwave+1","Limit Break+1","Spot Weakness+1","Armaments+1"],"special_seed":0,"relics":["Burning Blood","Smiling Mask","Toxic Egg 2","Ice Cream","Tiny Chest","Fusion Hammer","Kunai","Bottled Flame","StoneCalendar","Oddly Smooth Stone","PreservedInsect","Bottled Tornado","Regal Pillow","Coffee Dripper","Pen Nib","Membership Card","Frozen Egg 2","Darkstone Periapt","Boot","Mark of the Bloom"],"potions_floor_usage":[28,31,31,50,50],"damage_taken":[{"damage":6.0,"enemies":"Jaw Worm","floor":1.0,"turns":5.0},{"damage":34.0,"enemies":"Lagavulin","floor":6.0,"turns":9.0},{"damage":4.0,"enemies":"Cultist","floor":7.0,"turns":4.0},{"damage":0.0,"enemies":"Small Slimes","floor":12.0,"turns":3.0},{"damage":11.0,"enemies":"Looter","floor":13.0,"turns":2.0},{"damage":15.0,"enemies":"3 Sentries","floor":14.0,"turns":7.0},{"damage":29.0,"enemies":"The Guardian","floor":16.0,"turns":13.0},{"damage":0.0,"enemies":"Chosen","floor":18.0,"turns":4.0},{"damage":17.0,"enemies":"Spheric Guardian","floor":20.0,"turns":4.0},{"damage":29.0,"enemies":"Centurion and Healer","floor":21.0,"turns":8.0},{"damage":39.0,"enemies":"Slavers","floor":23.0,"turns":5.0},{"damage":22.0,"enemies":"Book of Stabbing","floor":25.0,"turns":5.0},{"damage":28,"enemies":"Gremlin Leader","floor":28,"turns":5},{"damage":1,"enemies":"Snecko","floor":30,"turns":5},{"damage":3,"enemies":"Slavers","floor":31,"turns":3},{"damage":42,"enemies":"Automaton","floor":33,"turns":7},{"damage":8,"enemies":"3 Darklings","floor":35,"turns":4},{"damage":0,"enemies":"Orb Walker","floor":39,"turns":1},{"damage":19,"enemies":"Nemesis","floor":42,"turns":6},{"damage":4,"enemies":"Spire Growth","floor":44,"turns":4},{"damage":14,"enemies":"Writhing Mass","floor":45,"turns":5},{"damage":0,"enemies":"Reptomancer","floor":46,"turns":2},{"damage":19,"enemies":"Time Eater","floor":50,"turns":5}],"seed_played":"5103936427552831738","potions_obtained":[{"floor":13.0,"key":"LiquidBronze"},{"floor":16.0,"key":"PowerPotion"},{"floor":21.0,"key":"LiquidBronze"},{"floor":23.0,"key":"Energy Potion"},{"floor":31,"key":"Fire Potion"},{"floor":33,"key":"Strength Potion"},{"floor":35,"key":"Weak Potion"}],"is_trial":false,"path_per_floor":["M","$","?","?","$","E","M","R","T","?","R","M","M","E","R","B",null,"M","?","M","M","$","E","R","E","T","R","E","T","M","E","R","B",null,"M","?","T","$","M","R","$","E","T","M","M","E","?","?","R","B",null],"character_chosen":"IRONCLAD","items_purchased":["Inflame","True Grit","Armaments","Kunai","Double Tap+1","Immolate","Membership Card","Shockwave+1","Spot Weakness+1"],"campfire_rested":4,"item_purchase_floors":[2,5,5,22,22,22,38,38,41],"current_hp_per_floor":[56,56,45,45,45,17,19,19,19,16,40,46,41,32,32,9,80,80,80,69,46,46,13,37,21,21,45,23,23,28,31,70,34,80,80,76,76,76,76,76,76,63,63,65,72,76,76,76,76,57],"gold":158,"neow_bonus":"TWO_FIFTY_GOLD","is_prod":false,"is_daily":false,"chose_seed":false,"campfire_upgraded":2,"win_rate":0,"timestamp":1547914849,"path_taken":["M","$","?","?","$","E","?","R","T","?","R","M","M","E","R","BOSS","M","?","?","M","?","E","R","E","T","R","E","?","M","E","R","BOSS","M","?","?","$","?","R","$","E","T","M","M","E","?","?","R","BOSS"],"build_version":"2019-01-17v2","purchased_purges":0,"victory":true,"max_hp_per_floor":[80,80,80,80,80,80,80,80,80,80,80,80,80,80,80,80,80,80,80,80,80,80,80,80,80,80,80,80,80,80,80,80,80,80,80,76,76,76,76,76,76,76,76,76,76,76,76,76,76,76],"card_choices":[{"not_picked":["Headbutt","Clash"],"picked":"Clothesline","floor":1.0},{"not_picked":["Rage","Infernal Blade"],"picked":"Flame Barrier","floor":6.0},{"not_picked":["Flex","Anger"],"picked":"Twin Strike","floor":7.0},{"not_picked":["Burning Pact+1","Cleave"],"picked":"Pommel Strike","floor":12.0},{"not_picked":["Pommel Strike","Combust","Body Slam"],"picked":"SKIP","floor":13.0},{"not_picked":["Clash","Anger"],"picked":"Sword Boomerang","floor":14.0},{"not_picked":["Bludgeon","Reaper"],"picked":"Limit Break+1","floor":16.0},{"not_picked":["Headbutt","True Grit+1"],"picked":"Warcry+1","floor":18.0},{"not_picked":["Iron Wave","Searing Blow"],"picked":"Ghostly Armor+1","floor":20.0},{"not_picked":["Entrench+1","Dual Wield+1"],"picked":"Pummel+1","floor":21.0},{"not_picked":["Iron Wave+1","Clash"],"picked":"Flame Barrier+1","floor":23.0},{"not_picked":["Combust","Anger"],"picked":"Iron Wave+1","floor":25.0},{"not_picked":["Headbutt","Fiend Fire"],"picked":"Rage+1","floor":28},{"not_picked":["Pommel Strike+1","Perfected Strike"],"picked":"Battle Trance+1","floor":30},{"not_picked":["Pommel Strike","Rampage"],"picked":"Flex+1","floor":31},{"not_picked":["Exhume+1","Brutality"],"picked":"Reaper","floor":33},{"not_picked":["Havoc+1","Pommel Strike"],"picked":"Headbutt+1","floor":35},{"not_picked":["Wild Strike","Clothesline+1"],"picked":"Limit Break+1","floor":39},{"not_picked":["Spot Weakness+1","Shrug It Off+1"],"picked":"Armaments+1","floor":42},{"not_picked":["Iron Wave","Fire Breathing+1","Reckless Charge+1"],"picked":"SKIP","floor":44},{"not_picked":["Headbutt+1","Body Slam+1","Warcry+1"],"picked":"SKIP","floor":45},{"not_picked":["Twin Strike+1","Battle Trance+1","Flex+1"],"picked":"SKIP","floor":46}],"player_experience":108477,"relics_obtained":[{"floor":6.0,"key":"Smiling Mask"},{"floor":9.0,"key":"Toxic Egg 2"},{"floor":14.0,"key":"Tiny Chest"},{"floor":23.0,"key":"Bottled Flame"},{"floor":25.0,"key":"StoneCalendar"},{"floor":26.0,"key":"Oddly Smooth Stone"},{"floor":28,"key":"PreservedInsect"},{"floor":29,"key":"Bottled Tornado"},{"floor":31,"key":"Regal Pillow"},{"floor":37,"key":"Pen Nib"},{"floor":42,"key":"Frozen Egg 2"},{"floor":43,"key":"Darkstone Periapt"},{"floor":46,"key":"Boot"}],"event_choices":[{"damage_healed":0.0,"max_hp_gain":0.0,"max_hp_loss":0.0,"gold_gain":75.0,"event_name":"World of Goop","player_choice":"Gather Gold","floor":3.0,"gold_loss":0.0,"damage_taken":11.0},{"damage_healed":0.0,"max_hp_gain":0.0,"max_hp_loss":0.0,"gold_gain":0.0,"event_name":"The Woman in Blue","player_choice":"Bought 0 Potions","floor":4.0,"gold_loss":0.0,"damage_taken":0.0},{"damage_healed":0.0,"max_hp_gain":0.0,"max_hp_loss":0.0,"gold_gain":0.0,"event_name":"Scrap Ooze","player_choice":"Success","floor":10.0,"gold_loss":0.0,"damage_taken":3.0,"relics_obtained":["Ice Cream"]},{"cards_removed":["Strike_R"],"damage_healed":0.0,"max_hp_gain":0.0,"max_hp_loss":0.0,"gold_gain":0.0,"event_name":"Purifier","player_choice":"Purged","floor":19.0,"gold_loss":0.0,"damage_taken":0.0},{"damage_healed":0,"gold_gain":0,"player_choice":"Max HP","damage_taken":0,"max_hp_gain":0,"max_hp_loss":4,"event_name":"Winding Halls","floor":36,"gold_loss":0},{"damage_healed":0,"gold_gain":0,"player_choice":"Upgrade","damage_taken":0,"relics_obtained":["Mark of the Bloom"],"max_hp_gain":0,"max_hp_loss":0,"event_name":"MindBloom","floor":47,"gold_loss":0,"cards_upgraded":["Strike_R","Strike_R","Strike_R","Strike_R","Defend_R","Defend_R","Defend_R","Defend_R","Inflame","True Grit","Armaments","Flame Barrier","Twin Strike","Pommel Strike","Sword Boomerang","Immolate","Reaper"]},{"damage_healed":0,"gold_gain":0,"player_choice":"Ignored","damage_taken":0,"max_hp_gain":0,"max_hp_loss":0,"event_name":"Mysterious Sphere","floor":48,"gold_loss":0}],"is_beta":false,"boss_relics":[{"not_picked":["Orrery","Velvet Choker"],"picked":"Fusion Hammer"},{"not_picked":["Runic Cube","Eternal Feather"],"picked":"Coffee Dripper"}],"items_purged_floors":[],"is_endless":false,"potions_floor_spawned":[13,16,21,23,31,33,35,44],"ascension_level":3}