{"gold_per_floor":[121,133,160,191,203,250,337,299,311,323,335,359,389,5,5,100,100,120,135,135,135,153,153,181,181,181,193,211,211,211,111,111,208,208,220,231,245,245,262,262,272,272,272,272,307,325,325,341,341,341],"floor_reached":50,"playtime":3133,"items_purged":["Strike_R","Defend_R"],"score":668,"play_id":"847d0140-144f-43ab-80d5-0329ba3c8b5d","local_time":"20190206112844","is_ascension_mode":true,"campfire_choices":[{"floor":11,"key":"REST"},{"floor":15,"key":"REST"},{"floor":23,"key":"REST"},{"floor":25,"key":"REST"},{"floor":30,"key":"REST"},{"data":"Armaments","floor":32,"key":"SMITH"},{"floor":40,"key":"REST"},{"floor":42,"key":"REST"},{"floor":49,"key":"REST"}],"neow_cost":"NONE","seed_source_timestamp":2154902276333545,"circlet_count":0,"master_deck":["Defend_R","Bash","Armaments+1","Havoc+1","Warcry","Flame Barrier","Twin Strike","Battle Trance","Spot Weakness+1","Rampage","Feed","Metallicize","Flex","Bite","Bite","Bite","Bite","Bite","Inflame+1","Whirlwind","Shrug It Off","Thunderclap+1","Heavy Blade+1","Iron Wave+1","Good Instincts","Flex"],"relics":["Burning Blood","MawBank","Question Card","Lantern","Matryoshka","Philosopher\u0027s Stone","War Paint","Singing Bowl","Dream Catcher","Bottled Flame","Nloth\u0027s Gift","Runic Cube","Happy Flower","Pen Nib"],"potions_floor_usage":[16,22,22,22,22,24,24,27,37,39,50,50],"damage_taken":[{"damage":4,"enemies":"Jaw Worm","floor":1,"turns":4},{"damage":6,"enemies":"Cultist","floor":3,"turns":4},{"damage":2,"enemies":"2 Louse","floor":4,"turns":3},{"damage":54,"enemies":"Gremlin Nob","floor":6,"turns":6},{"damage":8,"enemies":"Large Slime","floor":12,"turns":5},{"damage":4,"enemies":"3 Louse","floor":13,"turns":3},{"damage":59,"enemies":"Hexaghost","floor":16,"turns":10},{"damage":29,"enemies":"2 Thieves","floor":18,"turns":4},{"damage":26,"enemies":"3 Byrds","floor":19,"turns":5},{"damage":29,"enemies":"Snake Plant","floor":22,"turns":4},{"damage":54,"enemies":"Slavers","floor":24,"turns":5},{"damage":23,"enemies":"3 Cultists","floor":27,"turns":6},{"damage":15,"enemies":"Centurion and Healer","floor":28,"turns":4},{"damage":34,"enemies":"Champ","floor":33,"turns":9},{"damage":3,"enemies":"3 Shapes","floor":35,"turns":4},{"damage":12,"enemies":"Orb Walker","floor":36,"turns":2},{"damage":21,"enemies":"3 Darklings","floor":37,"turns":3},{"damage":38,"enemies":"Jaw Worm Horde","floor":39,"turns":3},{"damage":44,"enemies":"Spire Growth","floor":41,"turns":4},{"damage":56,"enemies":"Reptomancer","floor":45,"turns":6},{"damage":6,"enemies":"3 Darklings","floor":46,"turns":3},{"damage":11,"enemies":"Transient","floor":48,"turns":5},{"damage":126,"enemies":"Donu and Deca","floor":50,"turns":6}],"seed_played":"8306897278669558946","potions_obtained":[{"floor":12,"key":"Ancient Potion"},{"floor":13,"key":"Poison Potion"},{"floor":16,"key":"Swift Potion"},{"floor":18,"key":"EntropicBrew"},{"floor":24,"key":"Block Potion"},{"floor":33,"key":"Poison Potion"},{"floor":35,"key":"Strength Potion"},{"floor":37,"key":"SkillPotion"},{"floor":46,"key":"EssenceOfSteel"}],"is_trial":false,"path_per_floor":["M","?","M","M","$","E","?","?","T","?","R","M","M","$","R","B",null,"M","M","T","?","M","R","E","R","T","M","M","?","R","$","R","B",null,"M","M","M","?","M","R","M","R","T","$","E","M","?","M","R","B"],"character_chosen":"IRONCLAD","items_purchased":["Matryoshka","Rampage"],"campfire_rested":8,"item_purchase_floors":[14,14],"current_hp_per_floor":[80,80,80,80,80,32,21,21,21,21,45,43,45,45,69,16,64,44,28,38,38,29,49,13,34,34,34,38,38,63,63,63,64,77,86,82,76,76,59,89,64,96,96,96,64,66,66,75,107,0],"gold":341,"neow_bonus":"RANDOM_COMMON_RELIC","is_prod":false,"is_daily":false,"chose_seed":false,"campfire_upgraded":1,"win_rate":0,"timestamp":1549481324,"path_taken":["M","?","?","M","$","E","?","?","T","?","R","M","?","$","R","BOSS","M","M","?","?","M","R","E","R","T","M","M","?","R","$","R","BOSS","M","M","?","?","M","R","M","R","T","$","E","M","?","M","R","BOSS"],"build_version":"2019-01-23","purchased_purges":2,"victory":false,"max_hp_per_floor":[80,80,80,80,80,80,80,80,80,80,80,80,80,80,80,80,80,83,87,97,67,67,67,71,71,71,74,77,77,79,79,79,81,81,86,86,89,89,94,96,101,103,103,103,105,105,105,105,107,107],"card_choices":[{"not_picked":["Wild Strike","Burning Pact"],"picked":"Armaments","floor":1},{"not_picked":["Blood for Blood","Havoc"],"picked":"Warcry","floor":3},{"not_picked":["Fire Breathing","Shockwave"],"picked":"Flame Barrier","floor":4},{"not_picked":["Burning Pact","Clash"],"picked":"Twin Strike","floor":6},{"not_picked":["Flame Barrier","Armaments","Heavy Blade"],"picked":"Battle Trance","floor":12},{"not_picked":["Pommel Strike","Twin Strike","Headbutt"],"picked":"Spot Weakness","floor":13},{"not_picked":["Immolate","Brutality","Exhume"],"picked":"Feed","floor":16},{"not_picked":["Intimidate","Bloodletting","Headbutt"],"picked":"Metallicize","floor":18},{"not_picked":["Metallicize","Bloodletting","Body Slam"],"picked":"Flex","floor":19},{"not_picked":["Shrug It Off","Shockwave","Battle Trance"],"picked":"Inflame+1","floor":22},{"not_picked":["Berserk","Entrench","Havoc"],"picked":"Whirlwind","floor":24},{"not_picked":["Pommel Strike","Twin Strike","Flame Barrier"],"picked":"Shrug It Off","floor":27},{"not_picked":["Sever Soul","Flex","Twin Strike"],"picked":"Heavy Blade+1","floor":28},{"not_picked":["Pommel Strike","Bludgeon","Clothesline+1","Thunderclap"],"picked":"Singing Bowl","floor":30},{"not_picked":["Limit Break","Barricade","Reaper","Berserk"],"picked":"Singing Bowl","floor":33},{"not_picked":["Blood for Blood+1","Thunderclap+1","Uppercut+1","Twin Strike"],"picked":"Singing Bowl","floor":35},{"not_picked":["Infernal Blade","Entrench+1","Sever Soul+1"],"picked":"Thunderclap+1","floor":36},{"not_picked":["Wild Strike","Body Slam","Cleave+1"],"picked":"Heavy Blade+1","floor":37},{"not_picked":["Fire Breathing","Infernal Blade+1","True Grit+1","Wild Strike+1"],"picked":"Singing Bowl","floor":39},{"not_picked":["Shockwave+1","Flex","Dark Embrace","Anger"],"picked":"Singing Bowl","floor":40},{"not_picked":["Evolve","Carnage+1","Body Slam","Heavy Blade"],"picked":"Singing Bowl","floor":41},{"not_picked":["Anger","Cleave","Combust+1","Perfected Strike"],"picked":"Singing Bowl","floor":42},{"not_picked":["Armaments","Thunderclap+1","Barricade","Flex"],"picked":"Singing Bowl","floor":45},{"not_picked":["Feel No Pain","True Grit+1","Clothesline"],"picked":"Iron Wave+1","floor":46},{"not_picked":["Discovery","Swift Strike","Secret Technique"],"picked":"Good Instincts","floor":47},{"not_picked":["Heavy Blade","Sword Boomerang+1","Cleave"],"picked":"Flex","floor":48},{"not_picked":["Sword Boomerang+1","Combust+1","Fiend Fire","Power Through+1"],"picked":"Singing Bowl","floor":49}],"player_experience":256726,"relics_obtained":[{"floor":6,"key":"Question Card"},{"floor":9,"key":"Lantern"},{"floor":20,"key":"Pear"},{"floor":20,"key":"War Paint"},{"floor":24,"key":"Singing Bowl"},{"floor":26,"key":"Dream Catcher"},{"floor":26,"key":"Bottled Flame"},{"floor":43,"key":"Happy Flower"},{"floor":45,"key":"Pen Nib"}],"event_choices":[{"damage_healed":0,"gold_gain":0,"cards_transformed":["Defend_R"],"player_choice":"Transformed","damage_taken":0,"max_hp_gain":0,"max_hp_loss":0,"event_name":"Transmorgrifier","floor":2,"gold_loss":0,"cards_obtained":["Havoc"]},{"damage_healed":0,"gold_gain":75,"player_choice":"Gather Gold","damage_taken":11,"max_hp_gain":0,"max_hp_loss":0,"event_name":"World of Goop","floor":7,"gold_loss":0},{"cards_removed":["Strike_R"],"damage_healed":0,"gold_gain":0,"player_choice":"Card Removal","damage_taken":0,"max_hp_gain":0,"max_hp_loss":0,"event_name":"The Cleric","floor":8,"gold_loss":50},{"cards_removed":["Defend_R"],"damage_healed":0,"gold_gain":0,"player_choice":"Purged","damage_taken":0,"max_hp_gain":0,"max_hp_loss":0,"event_name":"Purifier","floor":10,"gold_loss":0},{"damage_healed":0,"gold_gain":0,"player_choice":"Became a vampire","damage_taken":0,"max_hp_gain":0,"max_hp_loss":30,"event_name":"Vampires","floor":21,"gold_loss":0,"cards_obtained":["Bite","Bite","Bite","Bite","Bite"]},{"damage_healed":0,"gold_gain":0,"player_choice":"Traded Relic","damage_taken":0,"relics_obtained":["Nloth\u0027s Gift"],"max_hp_gain":0,"max_hp_loss":0,"event_name":"N\u0027loth","floor":29,"relics_lost":["Pear"],"gold_loss":0},{"cards_removed":["Heavy Blade"],"damage_healed":0,"gold_gain":0,"player_choice":"Removed Attack","damage_taken":0,"max_hp_gain":0,"max_hp_loss":0,"event_name":"Falling","floor":38,"gold_loss":0},{"damage_healed":0,"gold_gain":0,"player_choice":"Memory 1","damage_taken":0,"max_hp_gain":0,"max_hp_loss":0,"event_name":"SensoryStone","floor":47,"gold_loss":0}],"is_beta":false,"boss_relics":[{"not_picked":["Pandora\u0027s Box","Snecko Eye"],"picked":"Philosopher\u0027s Stone"},{"not_picked":["White Beast Statue","Cursed Key"],"picked":"Runic Cube"}],"items_purged_floors":[14,31],"is_endless":false,"potions_floor_spawned":[12,13,16,18,24,33,35,37,46],"killed_by":"Donu and Deca","ascension_level":5}