{"gold_per_floor":[110,120,120,130,55,32,361,361,361,372,398,398,426,446,446,551,551,562,580,7,22,22,22,37,37,67,67,90,110,84,96,96,96],"floor_reached":33,"playtime":1984,"items_purged":["Strike_G","Strike_G"],"score":292,"play_id":"78e9850e-d6a7-4b7e-8924-141cd36f0a36","local_time":"20190217034749","is_ascension_mode":false,"campfire_choices":[{"floor":8,"key":"REST"},{"floor":12,"key":"REST"},{"floor":15,"key":"REST"},{"floor":23,"key":"RECALL"},{"floor":25,"key":"REST"},{"floor":32,"key":"REST"}],"neow_cost":"NONE","seed_source_timestamp":6101117496034,"circlet_count":0,"master_deck":["Defend_G","Defend_G","Defend_G","Defend_G","Defend_G","Strike_G","Strike_G","Survivor","Neutralize","Unload","Deflect","Backstab","Envenom","Tactician","Prepared","Eviscerate","Deflect","After Image","Night Terror","Endless Agony","A Thousand Cuts","Riddle With Holes+1","Blade Dance+1","Reflex","Violence","Backflip+1","Adrenaline","Writhe","Envenom","Outmaneuver","Finisher+1"],"relics":["Ring of the Serpent","Old Coin","Happy Flower","Sundial","Mummified Hand","Tiny Chest","Mango","Strawberry"],"potions_floor_usage":[7,16,16,18,29,33],"damage_taken":[{"damage":0,"enemies":"2 Louse","floor":1,"turns":2},{"damage":0,"enemies":"Cultist","floor":2,"turns":4},{"damage":0,"enemies":"Small Slimes","floor":4,"turns":3},{"damage":13,"enemies":"3 Sentries","floor":7,"turns":9},{"damage":1,"enemies":"Looter","floor":10,"turns":4},{"damage":48,"enemies":"Gremlin Nob","floor":11,"turns":6},{"damage":25,"enemies":"3 Sentries","floor":13,"turns":15},{"damage":0,"enemies":"Exordium Thugs","floor":14,"turns":6},{"damage":38,"enemies":"The Guardian","floor":16,"turns":18},{"damage":8,"enemies":"Chosen","floor":18,"turns":8},{"damage":12,"enemies":"2 Thieves","floor":19,"turns":5},{"damage":9,"enemies":"Snecko","floor":21,"turns":5},{"damage":17,"enemies":"Sentry and Sphere","floor":24,"turns":8},{"damage":25,"enemies":"Cultist and Chosen","floor":29,"turns":7},{"damage":15,"enemies":"Snake Plant","floor":31,"turns":5},{"damage":56,"enemies":"Automaton","floor":33,"turns":10}],"seed_played":"-3024011221517036073","potions_obtained":[{"floor":2,"key":"Fire Potion"},{"floor":7,"key":"LiquidBronze"},{"floor":13,"key":"Regen Potion"},{"floor":14,"key":"Block Potion"},{"floor":18,"key":"SkillPotion"},{"floor":19,"key":"Poison Potion"}],"is_trial":false,"path_per_floor":["M","M","?","M","$","$","E","R","T","M","E","R","E","M","R","B",null,"M","M","$","M","?","R","M","R","T","?","T","M","$","M","R","B"],"character_chosen":"THE_SILENT","items_purchased":["Prepared","Mummified Hand","Reflex","Violence","Outmaneuver"],"campfire_rested":5,"item_purchase_floors":[6,20,20,20,30],"current_hp_per_floor":[70,70,70,70,70,70,57,70,70,69,21,42,17,17,38,15,70,62,50,50,41,41,41,24,45,45,59,66,41,41,26,53,0],"gold":96,"neow_bonus":"ONE_RANDOM_RARE_CARD","is_prod":false,"is_daily":false,"chose_seed":false,"campfire_upgraded":0,"win_rate":0,"timestamp":1550393269,"path_taken":["M","M","?","M","?","$","E","R","T","M","E","R","E","?","R","BOSS","M","?","$","?","?","R","M","R","T","?","?","?","?","?","R","BOSS"],"build_version":"2019-01-23","purchased_purges":2,"victory":false,"max_hp_per_floor":[70,70,70,70,70,70,70,70,70,70,70,70,70,70,70,70,70,70,70,70,70,70,70,70,70,70,84,91,91,91,91,91,91],"card_choices":[{"not_picked":["Dagger Spray","Underhanded Strike"],"picked":"Deflect","floor":1},{"not_picked":["Sucker Punch","Deadly Poison"],"picked":"Backstab","floor":2},{"not_picked":["Riddle With Holes","Backflip"],"picked":"Tactician","floor":4},{"not_picked":["Slice","Dodge and Roll"],"picked":"Eviscerate","floor":7},{"not_picked":["Slice","Bane"],"picked":"Deflect","floor":10},{"not_picked":["Die Die Die","Bouncing Flask"],"picked":"After Image","floor":11},{"not_picked":["Acrobatics","Doppelganger"],"picked":"Night Terror","floor":13},{"not_picked":["Deflect","Flechettes"],"picked":"Endless Agony","floor":14},{"not_picked":["Storm of Steel","After Image"],"picked":"A Thousand Cuts","floor":16},{"not_picked":["Dagger Throw","Flechettes+1"],"picked":"Riddle With Holes+1","floor":18},{"not_picked":["Quick Slash","Sucker Punch+1"],"picked":"Blade Dance+1","floor":19},{"not_picked":["Escape Plan","Infinite Blades"],"picked":"Backflip+1","floor":21},{"not_picked":["Dagger Spray","Dodge and Roll+1","Bouncing Flask"],"picked":"SKIP","floor":24},{"not_picked":["Flying Knee+1","Deflect"],"picked":"Envenom","floor":29},{"not_picked":["Cloak And Dagger","Catalyst"],"picked":"Finisher+1","floor":31}],"player_experience":177952,"relics_obtained":[{"floor":7,"key":"Old Coin"},{"floor":11,"key":"Happy Flower"},{"floor":13,"key":"Sundial"},{"floor":26,"key":"Tiny Chest"},{"floor":28,"key":"Strawberry"}],"event_choices":[{"damage_healed":0,"gold_gain":0,"cards_transformed":["Strike_G"],"player_choice":"Transformed","damage_taken":0,"max_hp_gain":0,"max_hp_loss":0,"event_name":"Transmorgrifier","floor":3,"gold_loss":0,"cards_obtained":["Envenom"]},{"damage_healed":0,"gold_gain":0,"player_choice":"Read","damage_taken":0,"max_hp_gain":0,"max_hp_loss":0,"event_name":"The Library","floor":22,"gold_loss":0,"cards_obtained":["Adrenaline"]},{"damage_healed":0,"gold_gain":0,"player_choice":"Opened","damage_taken":0,"relics_obtained":["Mango"],"max_hp_gain":0,"max_hp_loss":0,"event_name":"The Mausoleum","floor":27,"gold_loss":0,"cards_obtained":["Writhe"]}],"is_beta":false,"boss_relics":[{"not_picked":["Lizard Tail","Tiny House"],"picked":"Ring of the Serpent"}],"items_purged_floors":[5,20],"is_endless":false,"potions_floor_spawned":[2,7,13,14,18,19],"killed_by":"Automaton","ascension_level":0}