{"gold_per_floor":[119,133,133,144,69,69,103,53,80,106,181,196,210,210,210,307,307,319,350,350,350,360,360,370,401,428,428,428,428,25,55,55,150,150,160,160,174,174,227,227,22,37,37,37,37],"floor_reached":45,"playtime":3934,"items_purged":["Defend_B"],"score":505,"play_id":"4beb8aeb-8373-4c20-bcc4-373a6933fa84","local_time":"20190112012723","is_ascension_mode":true,"campfire_choices":[{"floor":6,"key":"RECALL"},{"floor":15,"key":"REST"},{"floor":23,"key":"REST"},{"floor":27,"key":"REST"},{"floor":29,"key":"REST"},{"floor":32,"key":"REST"},{"floor":40,"key":"REST"},{"floor":44,"key":"REST"}],"neow_cost":"NONE","seed_source_timestamp":38148837282454,"circlet_count":0,"master_deck":["Zap","Dualcast","Defragment","Go for the Eyes","Rip and Tear","Leap","Beam Cell","Ball Lightning","Loop","Multi-Cast","Genetic Algorithm","Rip and Tear","Rip and Tear","Chill","Conserve Battery","Sunder+1","Turbo+1","Electrodynamics","Stack","Static Discharge+1","RitualDagger","Sweeping Beam+1","Core Surge+1","Capacitor","FTL+1"],"relics":["Cracked Core","Happy Flower","Art of War","Smiling Mask","Bottled Flame","Pandora\u0027s Box","Red Mask","Letter Opener","Blood Vial","Molten Egg 2","PreservedInsect","Black Star","Strawberry","Toolbox","Oddly Smooth Stone"],"potions_floor_usage":[7,10,16,25,25,33,38,45,45],"damage_taken":[{"damage":1,"enemies":"Cultist","floor":1,"turns":4},{"damage":9,"enemies":"2 Louse","floor":2,"turns":3},{"damage":2,"enemies":"Small Slimes","floor":4,"turns":2},{"damage":14,"enemies":"Gremlin Nob","floor":7,"turns":3},{"damage":22,"enemies":"3 Sentries","floor":10,"turns":6},{"damage":0,"enemies":"3 Louse","floor":12,"turns":2},{"damage":2,"enemies":"Looter","floor":13,"turns":2},{"damage":13,"enemies":"Slime Boss","floor":16,"turns":7},{"damage":23,"enemies":"2 Thieves","floor":18,"turns":4},{"damage":14,"enemies":"Masked Bandits","floor":19,"turns":5},{"damage":13,"enemies":"Shell Parasite","floor":22,"turns":5},{"damage":12,"enemies":"Centurion and Healer","floor":24,"turns":6},{"damage":2,"enemies":"Slavers","floor":25,"turns":3},{"damage":9,"enemies":"Book of Stabbing","floor":31,"turns":4},{"damage":30,"enemies":"Automaton","floor":33,"turns":10},{"damage":16,"enemies":"3 Darklings","floor":35,"turns":3},{"damage":11,"enemies":"Orb Walker","floor":37,"turns":3},{"damage":56,"enemies":"2 Orb Walkers","floor":38,"turns":5},{"damage":8,"enemies":"3 Darklings","floor":42,"turns":5},{"damage":65,"enemies":"Nemesis","floor":45,"turns":5}],"seed_played":"-2646294795828072765","potions_obtained":[{"floor":1,"key":"Poison Potion"},{"floor":2,"key":"Explosive Potion"},{"floor":13,"key":"FocusPotion"},{"floor":18,"key":"FocusPotion"},{"floor":19,"key":"Explosive Potion"},{"floor":24,"key":"SmokeBomb"},{"floor":25,"key":"EssenceOfSteel"},{"floor":37,"key":"Strength Potion"},{"floor":42,"key":"FearPotion"}],"is_trial":false,"path_per_floor":["M","M","?","M","$","R","E","?","T","E","?","M","M","?","R","B",null,"M","?","?","?","M","R","M","E","T","R","?","R","$","E","R","B",null,"M","?","M","?","T","R","$","M","T","R","E"],"character_chosen":"DEFECT","items_purchased":["Blood Vial","Molten Egg 2","Toolbox"],"campfire_rested":7,"item_purchase_floors":[30,30,41],"current_hp_per_floor":[74,65,65,63,63,63,49,49,49,27,16,16,14,19,43,30,80,57,43,28,28,15,40,28,26,26,51,45,70,70,63,85,55,85,69,69,60,6,13,40,40,34,34,61,0],"gold":37,"neow_bonus":"RANDOM_COMMON_RELIC","is_prod":false,"is_daily":false,"chose_seed":false,"campfire_upgraded":0,"win_rate":0,"timestamp":1547285243,"path_taken":["M","?","?","?","$","R","E","?","T","E","?","M","M","?","R","BOSS","M","?","?","?","M","R","M","E","T","R","?","R","$","E","R","BOSS","M","?","M","?","?","R","?","M","T","R","E"],"build_version":"2019-01-10","purchased_purges":1,"victory":false,"max_hp_per_floor":[75,75,75,75,75,75,75,75,75,75,75,75,75,80,80,80,80,80,80,85,85,85,85,85,85,85,85,85,85,85,85,85,85,85,85,85,85,85,92,92,92,92,92,92,92],"card_choices":[{"not_picked":["Recycle","Chill"],"picked":"Defragment","floor":1},{"not_picked":["Consume","Compile Driver"],"picked":"Go for the Eyes","floor":2},{"not_picked":["Compile Driver","Gash"],"picked":"Leap","floor":4},{"not_picked":["Tempest","Doom and Gloom"],"picked":"Beam Cell","floor":7},{"not_picked":["Rip and Tear","Go for the Eyes"],"picked":"Ball Lightning","floor":10},{"not_picked":["Turbo","Defragment"],"picked":"Undo","floor":12},{"not_picked":["Hello World","Compile Driver"],"picked":"Loop","floor":13},{"not_picked":["Fission","Meteor Strike"],"picked":"Multi-Cast","floor":16},{"not_picked":["Beam Cell","Turbo"],"picked":"Sunder+1","floor":18},{"not_picked":["Streamline","Compile Driver"],"picked":"Turbo+1","floor":19},{"not_picked":["Hologram","Beam Cell"],"picked":"Electrodynamics","floor":22},{"not_picked":["Aggregate","Blizzard"],"picked":"Stack","floor":24},{"not_picked":["Stack","Turbo"],"picked":"Static Discharge+1","floor":25},{"not_picked":["Steam Power","Hologram"],"picked":"Sweeping Beam+1","floor":31},{"not_picked":["Amplify","Multi-Cast"],"picked":"Core Surge+1","floor":33},{"not_picked":["Rebound+1","Streamline+1","Turbo"],"picked":"SKIP","floor":35},{"not_picked":["Beam Cell+1","Darkness"],"picked":"Capacitor","floor":37},{"not_picked":["Barrage+1","Scrape+1"],"picked":"FTL+1","floor":42}],"player_experience":122607,"relics_obtained":[{"floor":7,"key":"Art of War"},{"floor":9,"key":"Smiling Mask"},{"floor":10,"key":"Bottled Flame"},{"floor":19,"key":"Red Mask"},{"floor":25,"key":"Letter Opener"},{"floor":31,"key":"PreservedInsect"},{"floor":39,"key":"Strawberry"},{"floor":43,"key":"Oddly Smooth Stone"}],"event_choices":[{"damage_healed":0,"gold_gain":0,"cards_transformed":["Strike_B"],"player_choice":"Transformed","damage_taken":0,"max_hp_gain":0,"max_hp_loss":0,"event_name":"Transmorgrifier","floor":3,"gold_loss":0,"cards_obtained":["Rip and Tear"]},{"cards_removed":["Strike_B"],"damage_healed":0,"gold_gain":0,"player_choice":"Card Removal","damage_taken":0,"max_hp_gain":0,"max_hp_loss":0,"event_name":"The Cleric","floor":8,"gold_loss":50},{"damage_healed":0,"gold_gain":75,"player_choice":"Gather Gold","damage_taken":11,"max_hp_gain":0,"max_hp_loss":0,"event_name":"World of Goop","floor":11,"gold_loss":0},{"damage_healed":0,"gold_gain":0,"player_choice":"Donut","damage_taken":0,"max_hp_gain":5,"max_hp_loss":0,"event_name":"Big Fish","floor":14,"gold_loss":0},{"damage_healed":0,"gold_gain":0,"player_choice":"Fought Bandits","damage_taken":0,"max_hp_gain":0,"max_hp_loss":0,"event_name":"Masked Bandits","floor":19,"gold_loss":0},{"damage_healed":0,"gold_gain":0,"player_choice":"Shed Blood","damage_taken":20,"max_hp_gain":5,"max_hp_loss":0,"event_name":"Forgotten Altar","floor":20,"gold_loss":0},{"damage_healed":0,"gold_gain":0,"player_choice":"Ignored","damage_taken":0,"max_hp_gain":0,"max_hp_loss":0,"event_name":"Beggar","floor":21,"gold_loss":0},{"damage_healed":0,"gold_gain":0,"player_choice":"Joined the Cult","damage_taken":6,"max_hp_gain":0,"max_hp_loss":0,"event_name":"Nest","floor":28,"gold_loss":0,"cards_obtained":["RitualDagger"]},{"cards_removed":["Undo"],"damage_healed":0,"gold_gain":0,"player_choice":"Removed Skill","damage_taken":0,"max_hp_gain":0,"max_hp_loss":0,"event_name":"Falling","floor":36,"gold_loss":0},{"damage_healed":0,"gold_gain":0,"player_choice":"Fight","damage_taken":0,"max_hp_gain":0,"max_hp_loss":0,"event_name":"Mysterious Sphere","floor":38,"gold_loss":0}],"is_beta":false,"boss_relics":[{"not_picked":["Snecko Eye","Empty Cage"],"picked":"Pandora\u0027s Box"},{"not_picked":["Runic Dome","Orrery"],"picked":"Black Star"}],"items_purged_floors":[5],"is_endless":false,"potions_floor_spawned":[1,2,13,18,19,24,25,37,38,42],"killed_by":"Nemesis","ascension_level":1}