{"gold_per_floor":[112,112,62,79,56,91,105,105,132,148,165,195,213,245,245,345,345,357,48,48,48,62,96,114,114,140,152,152,164,164,164],"floor_reached":31,"playtime":2427,"items_purged":[],"score":397,"play_id":"8d95090c-dae4-47c5-9dcc-cc979dc758c1","local_time":"20180920191923","is_ascension_mode":true,"campfire_choices":[{"data":"Hologram","floor":8,"key":"SMITH"},{"floor":15,"key":"REST"},{"floor":25,"key":"REST"}],"neow_cost":"NONE","seed_source_timestamp":695869363127767,"circlet_count":0,"master_deck":["Strike_B","Strike_B","Defend_B","Defend_B","Defend_B","Defend_B","Zap","Dualcast","Cold Snap+1","Hologram+1","Hologram","Chill","Go for the Eyes","Aggregate","Melter","Blizzard","Hologram","Coolheaded","Amplify","Machine Learning","Gash+1","Gash","Glacier","Blizzard","Gash","Redo+1","Double Energy","Consume","Capacitor","Reboot","Redo","Redo","Fusion+1","Writhe","Gash"],"relics":["Cracked Core","NeowsBlessing","Regal Pillow","Ancient Tea Set","Meat on the Bone","Dream Catcher","Orrery","Runic Capacitor","MutagenicStrength","Kunai","Ginger","Whetstone","Matryoshka"],"potions_floor_usage":[18,23],"damage_taken":[{"damage":0,"enemies":"Small Slimes","floor":1,"turns":1},{"damage":0,"enemies":"Cultist","floor":4,"turns":1},{"damage":0,"enemies":"Lagavulin","floor":6,"turns":1},{"damage":0,"enemies":"Jaw Worm","floor":7,"turns":3},{"damage":8,"enemies":"Gremlin Gang","floor":10,"turns":7},{"damage":0,"enemies":"3 Louse","floor":11,"turns":4},{"damage":15,"enemies":"Gremlin Nob","floor":12,"turns":6},{"damage":0,"enemies":"2 Fungi Beasts","floor":13,"turns":3},{"damage":14,"enemies":"Lagavulin","floor":14,"turns":9},{"damage":27,"enemies":"The Guardian","floor":16,"turns":15},{"damage":14,"enemies":"Shell Parasite","floor":18,"turns":4},{"damage":16,"enemies":"3 Byrds","floor":22,"turns":5},{"damage":12,"enemies":"Book of Stabbing","floor":23,"turns":8},{"damage":37,"enemies":"Snake Plant","floor":24,"turns":5},{"damage":20,"enemies":"3 Cultists","floor":27,"turns":5},{"damage":31,"enemies":"Cultist and Chosen","floor":29,"turns":8},{"damage":0,"enemies":"Snake Plant","floor":31,"turns":1}],"seed_played":"8421654163587263851","potions_obtained":[{"floor":1,"key":"LiquidBronze"},{"floor":7,"key":"Strength Potion"},{"floor":10,"key":"Dexterity Potion"},{"floor":13,"key":"Block Potion"},{"floor":14,"key":"Regen Potion"},{"floor":18,"key":"PowerPotion"},{"floor":22,"key":"Fire Potion"},{"floor":24,"key":"Explosive Potion"}],"is_trial":false,"path_per_floor":["M","?","?","M","$","E","M","R","T","M","M","E","M","E","R","B",null,"M","$","?","T","M","E","M","R","T","M","?","M","?"],"character_chosen":"DEFECT","items_purchased":["Hologram","Double Energy","Consume","Runic Capacitor"],"campfire_rested":2,"item_purchase_floors":[5,19,19,19],"current_hp_per_floor":[75,68,68,68,68,68,68,68,68,60,60,45,45,43,75,48,75,61,61,61,61,45,45,20,57,57,49,49,30,30,30],"gold":164,"neow_bonus":"THREE_ENEMY_KILL","is_prod":false,"is_daily":false,"chose_seed":false,"campfire_upgraded":1,"win_rate":0,"timestamp":1537467563,"path_taken":["M","?","?","M","$","E","?","R","T","M","M","E","M","E","R","BOSS","M","$","?","?","M","E","M","R","T","?","?","M","?","M"],"build_version":"2018-09-06","purchased_purges":0,"victory":false,"max_hp_per_floor":[75,75,75,75,75,75,75,75,75,75,75,75,75,75,75,75,75,75,75,75,75,75,75,75,75,75,75,75,75,75,75],"card_choices":[{"not_picked":["Coolheaded","Beam Cell"],"picked":"Cold Snap","floor":1},{"not_picked":["Beam Cell","Barrage"],"picked":"Hologram","floor":4},{"not_picked":["BootSequence","Barrage"],"picked":"Chill","floor":6},{"not_picked":["Ball Lightning","Barrage"],"picked":"Go for the Eyes","floor":7},{"not_picked":["Conserve Battery","Heatsinks"],"picked":"Aggregate","floor":10},{"not_picked":["Redo","Chill"],"picked":"Melter","floor":11},{"not_picked":["Rip and Tear","BootSequence"],"picked":"Blizzard","floor":12},{"not_picked":["Cold Snap","Conserve Battery"],"picked":"Hologram","floor":13},{"not_picked":["Scrape","Beam Cell"],"picked":"Coolheaded","floor":14},{"not_picked":["Lockon","Steam"],"picked":"Amplify","floor":15},{"not_picked":["Electrodynamics","Hyperbeam"],"picked":"Machine Learning","floor":16},{"not_picked":["Melter","Redo"],"picked":"Gash","floor":17},{"not_picked":["Redo","Go for the Eyes"],"picked":"Gash","floor":17},{"not_picked":["Turbo","Meteor Strike"],"picked":"Glacier","floor":17},{"not_picked":["Compile Driver","Force Field"],"picked":"Blizzard","floor":17},{"not_picked":["Chill","Tempest"],"picked":"Gash","floor":17},{"not_picked":["Sweeping Beam","Go for the Eyes"],"picked":"Redo+1","floor":18},{"not_picked":["Leap","Double Energy"],"picked":"Capacitor","floor":22},{"not_picked":["Rebound","Barrage"],"picked":"Reboot","floor":23},{"not_picked":["Steam+1","Sweeping Beam"],"picked":"Redo","floor":24},{"not_picked":["FTL","Glacier"],"picked":"Redo","floor":25},{"not_picked":["Cold Snap","Barrage"],"picked":"Fusion+1","floor":27},{"not_picked":["White Noise","Auto Shields+1"],"picked":"Gash","floor":29}],"player_experience":77229,"relics_obtained":[{"floor":6,"key":"Regal Pillow"},{"floor":9,"key":"Ancient Tea Set"},{"floor":12,"key":"Meat on the Bone"},{"floor":14,"key":"Dream Catcher"},{"floor":21,"key":"Kunai"},{"floor":23,"key":"Ginger"},{"floor":26,"key":"Whetstone"}],"event_choices":[{"event_name":"Golden Wing","player_choice":"Card Removal","floor":2,"damage_taken":0},{"event_name":"The Cleric","player_choice":"Card Removal","floor":3,"damage_taken":0},{"event_name":"Drug Dealer","player_choice":"Inject Mutagens","floor":20,"damage_taken":0},{"event_name":"The Mausoleum","player_choice":"Yes","floor":28,"damage_taken":0},{"event_name":"Ghosts","player_choice":"Ignored","floor":30,"damage_taken":0}],"is_beta":false,"boss_relics":[{"not_picked":["Ectoplasm","Cursed Key"],"picked":"Orrery"}],"items_purged_floors":[],"is_endless":false,"potions_floor_spawned":[1,7,10,13,14,18,22,24,27],"killed_by":"Snake Plant","ascension_level":3}