{"gold_per_floor":[109,119,119,139,155,155,183,201,201,201,214,225,241,257,257,355,355,355],"floor_reached":18,"playtime":1075,"items_purged":[],"score":227,"play_id":"b24487c9-cf6e-4c22-a967-e2b53ee3151e","local_time":"20190217235021","is_ascension_mode":true,"campfire_choices":[{"data":"Dagger Spray","floor":6,"key":"SMITH"},{"data":"Neutralize","floor":10,"key":"SMITH"},{"data":"Well Laid Plans","floor":15,"key":"SMITH"}],"neow_cost":"NONE","seed_source_timestamp":223185373850000,"circlet_count":0,"master_deck":["Defend_G","Defend_G","Defend_G","Defend_G","Defend_G","Strike_G","Strike_G","Strike_G","Strike_G","Strike_G","Survivor","Neutralize+1","Sucker Punch","Heel Hook","Dagger Spray+1","Terror","Die Die Die","PiercingWail","Deflect","Bouncing Flask","Well Laid Plans+1","Envenom"],"relics":["Ring of the Snake","Orichalcum","Boot","Mercury Hourglass","Lizard Tail"],"potions_floor_usage":[16,16],"damage_taken":[{"damage":4,"enemies":"Cultist","floor":1,"turns":4},{"damage":2,"enemies":"2 Louse","floor":2,"turns":3},{"damage":0,"enemies":"Jaw Worm","floor":4,"turns":5},{"damage":0,"enemies":"2 Fungi Beasts","floor":5,"turns":4},{"damage":26,"enemies":"Lagavulin","floor":7,"turns":7},{"damage":0,"enemies":"Blue Slaver","floor":8,"turns":4},{"damage":2,"enemies":"Lots of Slimes","floor":11,"turns":3},{"damage":0,"enemies":"2 Fungi Beasts","floor":12,"turns":1},{"damage":0,"enemies":"Blue Slaver","floor":13,"turns":3},{"damage":5,"enemies":"Looter","floor":14,"turns":2},{"damage":4,"enemies":"Slime Boss","floor":16,"turns":7},{"damage":10,"enemies":"Shell Parasite","floor":18,"turns":4}],"seed_played":"-1314135909703545284","potions_obtained":[{"floor":4,"key":"EssenceOfSteel"},{"floor":7,"key":"Fire Potion"},{"floor":8,"key":"Poison Potion"}],"is_trial":false,"path_per_floor":["M","M","$","M","M","R","E","M","T","R","M","M","M","M","R","B",null,"M"],"character_chosen":"THE_SILENT","items_purchased":[],"campfire_rested":0,"item_purchase_floors":[],"current_hp_per_floor":[59,57,57,57,57,57,31,31,31,31,29,29,29,24,24,20,58,48],"gold":355,"neow_bonus":"RANDOM_COMMON_RELIC","is_prod":false,"is_daily":false,"chose_seed":false,"campfire_upgraded":3,"win_rate":0,"timestamp":1550443821,"path_taken":["M","M","?","?","M","R","E","M","T","R","M","M","M","M","R","BOSS","M"],"build_version":"2019-01-23","purchased_purges":0,"victory":false,"max_hp_per_floor":[70,70,70,70,70,70,70,70,70,70,70,70,70,70,70,70,70,70],"card_choices":[{"not_picked":["Bane","Distraction"],"picked":"Sucker Punch","floor":1},{"not_picked":["Outmaneuver","Masterful Stab"],"picked":"Heel Hook","floor":2},{"not_picked":["Flying Knee","Accuracy"],"picked":"Dagger Spray","floor":4},{"not_picked":["Underhanded Strike","Quick Slash"],"picked":"Terror","floor":5},{"not_picked":["Infinite Blades","Poisoned Stab"],"picked":"Die Die Die","floor":7},{"not_picked":["Distraction","Flechettes","Bane"],"picked":"SKIP","floor":8},{"not_picked":["Dagger Spray","Caltrops"],"picked":"PiercingWail","floor":11},{"not_picked":["Underhanded Strike","Quick Slash"],"picked":"Deflect","floor":12},{"not_picked":["PiercingWail","Reflex"],"picked":"Bouncing Flask","floor":13},{"not_picked":["Outmaneuver","Poisoned Stab"],"picked":"Well Laid Plans","floor":14},{"not_picked":["Phantasmal Killer","Doppelganger"],"picked":"Envenom","floor":16}],"player_experience":211352,"relics_obtained":[{"floor":7,"key":"Boot"},{"floor":9,"key":"Mercury Hourglass"}],"event_choices":[],"is_beta":false,"boss_relics":[{"not_picked":["Fusion Hammer","Empty Cage"],"picked":"Lizard Tail"}],"items_purged_floors":[],"is_endless":false,"potions_floor_spawned":[4,7,8,13,14],"killed_by":"Shell Parasite","ascension_level":7}