{"gold_per_floor":[140,140,140,157,157,157,177,177,177,226,241,255,32,51,51,151,151,170,170,70,70,96,128,128,160,160,160,172,172,47,80,80,178,178,188,205,205,205,305,320,320,334,334,362,362,396,411,9,9,9],"floor_reached":51,"playtime":5508,"items_purged":["Strike_G","Defend_G","Strike_G","Strike_G"],"score":731,"play_id":"b10536c3-b50f-4d9b-b156-aa1c6f3c24aa","local_time":"20190109184004","is_ascension_mode":false,"campfire_choices":[{"data":"Acrobatics","floor":6,"key":"SMITH"},{"data":"Predator","floor":15,"key":"SMITH"},{"floor":24,"key":"REST"},{"floor":29,"key":"REST"},{"floor":32,"key":"REST"},{"floor":41,"key":"DIG"},{"data":"1","floor":45,"key":"LIFT"},{"data":"2","floor":49,"key":"LIFT"}],"neow_cost":"NONE","seed_source_timestamp":15554143614534,"circlet_count":0,"master_deck":["Defend_G","Defend_G+1","Defend_G+1","Survivor","Neutralize+1","Flying Knee","Acrobatics+1","Dagger Spray","Prepared+1","Dagger Throw","Predator+1","Doppelganger+1","Footwork","Slice","Choke","Noxious Fumes+1","Escape Plan+1","Flying Knee","Outmaneuver+1","Dagger Throw","Poisoned Stab+1","Terror+1"],"relics":["Ring of the Snake","Tiny Chest","War Paint","Nunchaku","Toxic Egg 2","Ancient Tea Set","Blood Vial","Fusion Hammer","Enchiridion","Juzu Bracelet","Kunai","Blue Candle","Lantern","Bronze Scales","Red Mask","Busted Crown","Shovel","Tingsha","Girya","Pocketwatch","Bag of Marbles","Centennial Puzzle"],"potions_floor_usage":[16,16,23,36,44,50,50,50],"damage_taken":[{"damage":3,"enemies":"Small Slimes","floor":1,"turns":3},{"damage":1,"enemies":"Jaw Worm","floor":4,"turns":5},{"damage":0,"enemies":"Cultist","floor":7,"turns":4},{"damage":0,"enemies":"3 Louse","floor":11,"turns":3},{"damage":0,"enemies":"Looter","floor":12,"turns":3},{"damage":8,"enemies":"Gremlin Gang","floor":14,"turns":4},{"damage":7,"enemies":"Hexaghost","floor":16,"turns":13},{"damage":2,"enemies":"3 Byrds","floor":18,"turns":4},{"damage":2,"enemies":"Gremlin Leader","floor":23,"turns":5},{"damage":12,"enemies":"Slavers","floor":25,"turns":4},{"damage":0,"enemies":"Chosen","floor":28,"turns":4},{"damage":0,"enemies":"Masked Bandits","floor":31,"turns":2},{"damage":20,"enemies":"Automaton","floor":33,"turns":10},{"damage":0,"enemies":"Orb Walker","floor":35,"turns":2},{"damage":9,"enemies":"3 Shapes","floor":36,"turns":3},{"damage":5,"enemies":"Mind Bloom Boss Battle","floor":39,"turns":8},{"damage":4,"enemies":"Spire Growth","floor":40,"turns":4},{"damage":12,"enemies":"3 Darklings","floor":42,"turns":4},{"damage":0,"enemies":"Giant Head","floor":44,"turns":5},{"damage":4,"enemies":"Nemesis","floor":46,"turns":5},{"damage":0,"enemies":"Sphere and 2 Shapes","floor":47,"turns":3},{"damage":21,"enemies":"Time Eater","floor":50,"turns":8}],"seed_played":"-7547509308827255353","potions_obtained":[{"floor":1,"key":"Poison Potion"},{"floor":7,"key":"EssenceOfSteel"},{"floor":12,"key":"LiquidBronze"},{"floor":28,"key":"SmokeBomb"},{"floor":33,"key":"PowerPotion"},{"floor":35,"key":"Explosive Potion"},{"floor":39,"key":"GhostInAJar"},{"floor":44,"key":"Explosive Potion"}],"is_trial":false,"path_per_floor":["M","?","T","M","?","R","M","?","T","T","M","M","$","M","R","B",null,"M","?","$","?","T","E","R","E","T","?","M","R","$","?","R","B",null,"M","M","?","?","?","M","R","M","T","E","R","E","M","$","R","B",null],"character_chosen":"THE_SILENT","items_purchased":["Blood Vial","Centennial Puzzle","PowerPotion","SteroidPotion"],"campfire_rested":3,"item_purchase_floors":[13,48,48,48],"current_hp_per_floor":[67,60,60,59,59,59,59,56,56,56,56,56,56,50,50,45,70,68,52,52,52,52,52,70,58,58,58,60,70,70,70,70,50,70,70,61,80,76,71,69,69,59,59,61,61,59,61,61,61,42],"gold":9,"neow_bonus":"RANDOM_COMMON_RELIC","is_prod":false,"is_daily":false,"chose_seed":false,"campfire_upgraded":2,"win_rate":0.0,"timestamp":1547088004,"path_taken":["M","?","?","M","?","R","?","?","T","?","?","M","$","M","R","BOSS","M","?","$","?","?","E","R","E","T","?","M","R","?","?","R","BOSS","M","M","?","?","?","M","R","M","T","E","R","E","M","$","R","BOSS"],"build_version":"2019-01-03v4","purchased_purges":4,"victory":true,"max_hp_per_floor":[70,70,70,70,70,70,70,70,70,70,70,70,70,70,70,70,70,70,70,70,70,70,70,70,70,70,70,70,70,70,70,70,70,70,70,70,80,76,76,76,76,76,76,76,76,76,76,76,76,76],"card_choices":[{"not_picked":["Leg Sweep","Expertise"],"picked":"Flying Knee","floor":1},{"not_picked":["Blade Dance","Finisher"],"picked":"Acrobatics","floor":4},{"not_picked":["Backstab","Backflip"],"picked":"Dagger Spray","floor":7},{"not_picked":["Heel Hook","Leg Sweep+1"],"picked":"Prepared+1","floor":11},{"not_picked":["Dagger Spray","Reflex+1"],"picked":"Dagger Throw","floor":12},{"not_picked":["Riddle With Holes","Eviscerate"],"picked":"Predator","floor":14},{"not_picked":["Night Terror+1","Malaise+1"],"picked":"Doppelganger+1","floor":16},{"not_picked":["Predator","Prepared+1"],"picked":"Footwork","floor":18},{"not_picked":["PiercingWail+1","Backflip+1"],"picked":"Noxious Fumes+1","floor":23},{"not_picked":["Distraction+1","Reflex+1"],"picked":"Escape Plan+1","floor":25},{"not_picked":["Catalyst+1","Underhanded Strike"],"picked":"Flying Knee","floor":28},{"not_picked":["Glass Knife","Catalyst+1"],"picked":"Outmaneuver+1","floor":31},{"not_picked":["Wraith Form v2","Bullet Time+1"],"picked":"Malaise+1","floor":33},{"not_picked":[],"picked":"Dagger Throw","floor":35},{"not_picked":["Endless Agony"],"picked":"SKIP","floor":36},{"not_picked":[],"picked":"Poisoned Stab+1","floor":39},{"not_picked":["Dash+1"],"picked":"SKIP","floor":40},{"not_picked":[],"picked":"Terror+1","floor":42},{"not_picked":["Expertise+1"],"picked":"SKIP","floor":44},{"not_picked":["Unload"],"picked":"SKIP","floor":46},{"not_picked":["Well Laid Plans"],"picked":"SKIP","floor":47}],"player_experience":86665,"relics_obtained":[{"floor":3,"key":"War Paint"},{"floor":9,"key":"Toxic Egg 2"},{"floor":10,"key":"Ancient Tea Set"},{"floor":19,"key":"Enchiridion"},{"floor":22,"key":"Juzu Bracelet"},{"floor":23,"key":"Kunai"},{"floor":25,"key":"Blue Candle"},{"floor":26,"key":"Lantern"},{"floor":31,"key":"Red Mask"},{"floor":39,"key":"Shovel"},{"floor":41,"key":"Tingsha"},{"floor":43,"key":"Girya"},{"floor":44,"key":"Pocketwatch"},{"floor":46,"key":"Bag of Marbles"}],"event_choices":[{"cards_removed":["Strike_G"],"damage_healed":0,"gold_gain":0,"player_choice":"Card Removal","damage_taken":7,"max_hp_gain":0,"max_hp_loss":0,"event_name":"Golden Wing","floor":2,"gold_loss":0},{"damage_healed":0,"gold_gain":0,"player_choice":"Upgraded","damage_taken":0,"max_hp_gain":0,"max_hp_loss":0,"event_name":"Upgrade Shrine","floor":5,"gold_loss":0,"cards_upgraded":["Neutralize"]},{"damage_healed":0,"gold_gain":0,"player_choice":"Success","damage_taken":3,"relics_obtained":["Nunchaku"],"max_hp_gain":0,"max_hp_loss":0,"event_name":"Scrap Ooze","floor":8,"gold_loss":0},{"damage_healed":0,"gold_gain":0,"player_choice":"Obtained Book","damage_taken":16,"max_hp_gain":0,"max_hp_loss":0,"event_name":"Cursed Tome","floor":19,"gold_loss":0},{"damage_healed":0,"gold_gain":0,"cards_transformed":["Strike_G","Defend_G"],"player_choice":"Became Test Subject","damage_taken":0,"max_hp_gain":0,"max_hp_loss":0,"event_name":"Drug Dealer","floor":21,"gold_loss":0,"cards_obtained":["Slice","Choke"]},{"damage_healed":0,"gold_gain":0,"player_choice":"Opened","damage_taken":0,"relics_obtained":["Bronze Scales"],"max_hp_gain":0,"max_hp_loss":0,"event_name":"The Mausoleum","floor":27,"gold_loss":0},{"damage_healed":0,"gold_gain":0,"player_choice":"Fought Bandits","damage_taken":0,"max_hp_gain":0,"max_hp_loss":0,"event_name":"Masked Bandits","floor":31,"gold_loss":0},{"cards_removed":["Malaise"],"damage_healed":9,"gold_gain":0,"player_choice":"Offered Rare","damage_taken":0,"max_hp_gain":10,"max_hp_loss":0,"event_name":"Bonfire Elementals","floor":37,"gold_loss":0},{"damage_healed":0,"gold_gain":0,"player_choice":"Max HP","damage_taken":0,"max_hp_gain":0,"max_hp_loss":4,"event_name":"Winding Halls","floor":38,"gold_loss":0},{"damage_healed":0,"gold_gain":0,"player_choice":"Fight","damage_taken":0,"max_hp_gain":0,"max_hp_loss":0,"event_name":"MindBloom","floor":39,"gold_loss":0}],"is_beta":false,"boss_relics":[{"not_picked":["Velvet Choker","HoveringKite"],"picked":"Fusion Hammer"},{"not_picked":["Coffee Dripper","Runic Dome"],"picked":"Busted Crown"}],"items_purged_floors":[13,20,30,48],"is_endless":false,"potions_floor_spawned":[1,7,12,28,33,35,39,44],"ascension_level":0}