{"gold_per_floor":[117,13,88,105,115,115,145,160,234,265,265,265,440,440,440,545,545,545,545,470,470,470,470,40,40,40,40,40,40,40,40,40,40,40,40,0,0,0,0,0,0,0,0,0,0,0,0,0,0,0],"floor_reached":50,"playtime":5192,"items_purged":["Normality"],"score":450,"play_id":"7c7f0ee9-487d-4124-af05-c61a4ddddf53","local_time":"20180626233436","is_ascension_mode":false,"campfire_choices":[{"data":"Searing Blow","floor":6,"key":"SMITH"},{"floor":11,"key":"REST"},{"floor":15,"key":"REST"},{"floor":23,"key":"REST"},{"floor":25,"key":"REST"},{"data":"Rage","floor":28,"key":"SMITH"},{"data":"Double Tap","floor":32,"key":"SMITH"},{"data":"Searing Blow+1","floor":40,"key":"SMITH"},{"data":"Apotheosis","floor":42,"key":"SMITH"},{"data":"Searing Blow+3","floor":49,"key":"SMITH"}],"neow_cost":"NONE","seed_source_timestamp":35808312928694,"circlet_count":0,"master_deck":["Strike_R","Strike_R","Strike_R","Strike_R","Strike_R","Defend_R","Defend_R","Defend_R","Bash","Rage+1","Searing Blow+4","Battle Trance","Clash","Anger","Double Tap+1","Clash","Apotheosis+1","Ghostly Armor","Bludgeon","Perfected Strike+1","Anger+1","Clash+1","Iron Wave+1","Bandage Up"],"relics":["Black Blood","Thread and Needle","Mummified Hand","Bag of Marbles","Happy Flower","Boot","Ectoplasm","Centennial Puzzle","Red Mask","Gambling Chip","Bottled Lightning","Darkstone Periapt"],"potions_floor_usage":[16,21,22,33,33,50,50,50],"damage_taken":[{"damage":6,"enemies":"2 Louse","floor":1,"turns":3},{"damage":11,"enemies":"Jaw Worm","floor":4,"turns":4},{"damage":0,"enemies":"Cultist","floor":5,"turns":3},{"damage":45,"enemies":"Gremlin Nob","floor":7,"turns":5},{"damage":0,"enemies":"Looter","floor":8,"turns":3},{"damage":14,"enemies":"3 Sentries","floor":10,"turns":11},{"damage":65,"enemies":"The Guardian","floor":16,"turns":12},{"damage":9,"enemies":"Spheric Guardian","floor":18,"turns":4},{"damage":5,"enemies":"3 Byrds","floor":19,"turns":6},{"damage":34,"enemies":"Snecko","floor":21,"turns":6},{"damage":0,"enemies":"3 Cultists","floor":29,"turns":5},{"damage":5,"enemies":"Centurion and Healer","floor":30,"turns":5},{"damage":3,"enemies":"Snecko","floor":31,"turns":4},{"damage":45,"enemies":"Automaton","floor":33,"turns":7},{"damage":13,"enemies":"3 Darklings","floor":35,"turns":6},{"damage":19,"floor":37,"turns":4},{"damage":0,"enemies":"Orb Walker","floor":38,"turns":3},{"damage":12,"enemies":"4 Shapes","floor":39,"turns":4},{"damage":10,"enemies":"3 Darklings","floor":44,"turns":4},{"damage":6,"enemies":"Sphere and 2 Shapes","floor":47,"turns":4},{"damage":101,"enemies":"Donu and Deca","floor":50,"turns":9}],"seed_played":"976273119447437876","potions_obtained":[{"floor":1,"key":"LiquidBronze"},{"floor":8,"key":"SmokeBomb"},{"floor":16,"key":"Regen Potion"},{"floor":19,"key":"Fire Potion"},{"floor":29,"key":"Ancient Potion"},{"floor":39,"key":"Swift Potion"},{"floor":44,"key":"Weak Potion"},{"floor":47,"key":"Swift Potion"}],"is_trial":false,"path_per_floor":["M","$","?","M","M","R","E","M","T","E","R","?","?","T","R","B",null,"M","M","?","M","?","R","$","R","T","?","R","M","M","M","R","B",null,"M","?","?","M","M","R","?","R","T","M","?","?","M","T","R"],"character_chosen":"IRONCLAD","items_purchased":["FairyPotion","Apotheosis","AttackPotion","Warcry","Ghostly Armor"],"campfire_rested":4,"item_purchase_floors":[2,24,24,24,24],"current_hp_per_floor":[80,80,69,64,70,70,31,37,37,29,53,53,53,53,77,18,80,77,78,78,50,39,64,64,85,85,85,85,85,85,85,85,46,85,82,82,73,83,81,81,81,81,81,81,81,81,85,85,85,0],"gold":0,"neow_bonus":"TRANSFORM_CARD","is_prod":false,"is_daily":false,"chose_seed":false,"campfire_upgraded":6,"win_rate":0.0,"timestamp":1530070476,"path_taken":["M","$","?","M","M","R","E","M","T","E","R","?","?","?","R","BOSS","M","M","?","M","?","R","$","R","T","?","R","M","M","M","R","BOSS","M","?","?","M","M","R","?","R","T","?","?","?","M","?","R","BOSS"],"build_version":"2018-06-21v2","purchased_purges":1,"victory":false,"max_hp_per_floor":[80,80,80,80,80,80,80,80,80,80,80,80,80,80,80,80,80,80,80,80,80,85,85,85,85,85,85,85,85,85,85,85,85,85,85,85,85,85,85,85,85,85,85,85,85,85,85,85,85,85],"card_choices":[{"not_picked":["Combust","Rampage"],"picked":"Searing Blow","floor":1},{"not_picked":["Hemokinesis","Warcry"],"picked":"Battle Trance","floor":4},{"not_picked":["Corruption","Body Slam"],"picked":"Clash","floor":5},{"not_picked":["Sever Soul","Warcry","Reckless Charge"],"picked":"SKIP","floor":7},{"not_picked":["Spot Weakness","Shrug It Off","Flex"],"picked":"SKIP","floor":8},{"not_picked":["Ghostly Armor","Searing Blow"],"picked":"Anger","floor":10},{"not_picked":["Offering","Brutality"],"picked":"Double Tap","floor":16},{"not_picked":["Disarm","Sword Boomerang+1","Rage"],"picked":"SKIP","floor":18},{"not_picked":["Sword Boomerang","Battle Trance"],"picked":"Clash","floor":19},{"not_picked":["Battle Trance","Thunderclap+1","Armaments"],"picked":"SKIP","floor":29},{"not_picked":["Twin Strike+1","Pommel Strike","Combust+1"],"picked":"SKIP","floor":30},{"not_picked":["Dark Embrace","Cleave+1","Anger"],"picked":"SKIP","floor":31},{"not_picked":["Dark Embrace","Fiend Fire"],"picked":"Bludgeon","floor":33},{"not_picked":["Clash+1","Warcry+1"],"picked":"Perfected Strike+1","floor":35},{"not_picked":["True Grit","Pommel Strike"],"picked":"Anger+1","floor":37},{"not_picked":["Heavy Blade","Fire Breathing"],"picked":"Clash+1","floor":38},{"not_picked":["Disarm","Feel No Pain+1"],"picked":"Iron Wave+1","floor":39},{"not_picked":["Warcry","Bludgeon","Armaments+1"],"picked":"SKIP","floor":44},{"not_picked":["Purity","Dramatic Entrance"],"picked":"Bandage Up","floor":46},{"not_picked":["True Grit+1","Twin Strike","Whirlwind+1"],"picked":"SKIP","floor":47}],"player_experience":12203,"relics_obtained":[{"floor":7,"key":"Thread and Needle"},{"floor":9,"key":"Mummified Hand"},{"floor":10,"key":"Bag of Marbles"},{"floor":14,"key":"Boot"},{"floor":26,"key":"Centennial Puzzle"},{"floor":37,"key":"Gambling Chip"},{"floor":43,"key":"Bottled Lightning"},{"floor":48,"key":"Darkstone Periapt"}],"event_choices":[{"event_name":"World of Goop","player_choice":"Gather Gold","floor":3,"damage_taken":0},{"event_name":"Accursed Blacksmith","player_choice":"Rummage","floor":12,"damage_taken":0},{"event_name":"Liars Game","player_choice":"agreed","floor":13,"damage_taken":0},{"event_name":"Beggar","player_choice":"Gave Gold","floor":20,"damage_taken":0},{"event_name":"Knowing Skull","player_choice":"POTION ","floor":22,"damage_taken":0},{"event_name":"Drug Dealer","player_choice":"Ignored","floor":27,"damage_taken":0},{"event_name":"Tomb of Lord Red Mask","player_choice":"Paid","floor":36,"damage_taken":0},{"event_name":"Mysterious Sphere","player_choice":"Fight","floor":37,"damage_taken":0},{"event_name":"Falling","player_choice":"Removed Skill","floor":41,"damage_taken":0},{"event_name":"Upgrade Shrine","player_choice":"Upgraded","floor":45,"damage_taken":0},{"event_name":"SensoryStone","player_choice":"Memory 1","floor":46,"damage_taken":0}],"boss_relics":[{"not_picked":["Coffee Dripper","Runic Pyramid"],"picked":"Ectoplasm"},{"not_picked":["Empty Cage","Lizard Tail"],"picked":"Black Blood"}],"items_purged_floors":[24],"is_endless":false,"potions_floor_spawned":[1,8,16,19,29,30,39,44,47],"killed_by":"Donu and Deca","ascension_level":0}