{"gold_per_floor":[116,191,191,49,49,84,84,101,101,276,288,109,124,124,124,223,223,242,216,232,250,44,76,76,76,76,76,76,93,110,121,121,220,220,234,234,249,249,249,249,264,264,288,298,298,28,44,44],"floor_reached":48,"playtime":3652,"items_purged":["Pain","Doubt","Decay"],"score":524,"play_id":"0d23da06-3296-4331-8ba3-5dea211b4020","local_time":"20181022192532","is_ascension_mode":true,"campfire_choices":[{"data":"Inflame","floor":7.0,"key":"SMITH"},{"data":"Thunderclap","floor":15.0,"key":"SMITH"},{"floor":24.0,"key":"REST"},{"floor":27.0,"key":"REST"},{"floor":32.0,"key":"REST"},{"data":"Armaments","floor":40.0,"key":"SMITH"},{"floor":42.0,"key":"REST"}],"neow_cost":"NONE","seed_source_timestamp":325516594321195,"circlet_count":0,"master_deck":["Strike_R","Strike_R","Strike_R","Strike_R","Strike_R","Defend_R","Defend_R","Defend_R","Defend_R","Bash","Iron Wave","Inflame+1","Thunderclap+1","Twin Strike","Carnage","Iron Wave","Limit Break","Cleave+1","Twin Strike","Armaments+1","Rage","Demon Form","Violence","Iron Wave+1","Infernal Blade+1","Iron Wave"],"special_seed":0,"relics":["Black Blood","NeowsBlessing","WarpedTongs","Mango","Paper Frog","Sling","Torii","Nilry\u0027s Codex","Ornamental Fan","Black Star","Potion Belt","Oddly Smooth Stone"],"potions_floor_usage":[48,48],"damage_taken":[{"damage":0.0,"enemies":"Small Slimes","floor":1.0,"turns":1.0},{"damage":0.0,"enemies":"Lagavulin","floor":6.0,"turns":1.0},{"damage":0.0,"enemies":"2 Louse","floor":8.0,"turns":1.0},{"damage":1.0,"enemies":"Jaw Worm","floor":11.0,"turns":3.0},{"damage":3.0,"enemies":"Large Slime","floor":13.0,"turns":5.0},{"damage":20.0,"enemies":"Slime Boss","floor":16.0,"turns":10.0},{"damage":10.0,"enemies":"Chosen","floor":18.0,"turns":3.0},{"damage":17.0,"enemies":"Shell Parasite","floor":20.0,"turns":4.0},{"damage":19.0,"enemies":"Chosen and Byrds","floor":21.0,"turns":5.0},{"damage":51.0,"enemies":"Book of Stabbing","floor":23.0,"turns":6.0},{"damage":24.0,"enemies":"Centurion and Healer","floor":29.0,"turns":5.0},{"damage":13.0,"enemies":"Cultist and Chosen","floor":30.0,"turns":9.0},{"damage":21.0,"enemies":"Snake Plant","floor":31.0,"turns":5.0},{"damage":76.0,"enemies":"Automaton","floor":33.0,"turns":10.0},{"damage":26.0,"enemies":"Orb Walker","floor":35.0,"turns":5.0},{"damage":19.0,"enemies":"3 Shapes","floor":37.0,"turns":3.0},{"damage":42.0,"enemies":"Sphere and 2 Shapes","floor":41.0,"turns":6.0},{"damage":44.0,"enemies":"Jaw Worm Horde","floor":44.0,"turns":5.0},{"damage":29.0,"enemies":"4 Shapes","floor":47.0,"turns":10.0},{"damage":19,"enemies":"Transient","floor":48,"turns":4}],"seed_played":"3654925935995466104","potions_obtained":[{"floor":11.0,"key":"SkillPotion"},{"floor":13.0,"key":"SkillPotion"},{"floor":16.0,"key":"FearPotion"},{"floor":18.0,"key":"SkillPotion"},{"floor":29.0,"key":"AttackPotion"},{"floor":30.0,"key":"SneckoOil"},{"floor":33.0,"key":"EssenceOfSteel"},{"floor":37.0,"key":"SneckoOil"},{"floor":44.0,"key":"GamblersBrew"},{"floor":47.0,"key":"Fire Potion"}],"is_trial":false,"path_per_floor":["M","?","?","$","?","E","R","M","T","?","M","$","M","?","R","B",null,"M","$","M","M","$","E","R","?","T","R","$","M","M","M","R","B",null,"M","?","M","?","?","R","M","R","T","M","?","$","M"],"character_chosen":"IRONCLAD","items_purchased":["Inflame","Carnage","Twin Strike","Sling","Oddly Smooth Stone"],"campfire_rested":4,"item_purchase_floors":[4,12,19,22,46],"current_hp_per_floor":[80,69,69,69,69,89,89,94,94,94,94,94,94,94,94,80,94,94,94,87,78,78,37,65,49,49,77,77,63,60,49,77,11,94,78,78,69,69,69,69,37,65,65,31,31,31,12,0],"gold":44,"neow_bonus":"THREE_ENEMY_KILL","is_prod":false,"is_daily":false,"chose_seed":false,"campfire_upgraded":3,"win_rate":0,"timestamp":1540250732,"path_taken":["M","?","?","$","?","E","R","?","T","?","M","$","M","?","R","BOSS","M","$","M","M","$","E","R","?","T","R","?","M","M","M","R","BOSS","M","?","?","?","?","R","M","R","T","M","?","$","M","?"],"build_version":"2018-10-18","purchased_purges":3,"victory":false,"max_hp_per_floor":[80,80,80,80,80,94,94,94,94,94,94,94,94,94,94,94,94,94,94,94,94,94,94,94,94,94,94,94,94,94,94,94,94,94,94,94,94,94,94,94,94,94,94,94,94,94,94,94],"card_choices":[{"not_picked":["Anger","Clothesline"],"picked":"Iron Wave","floor":1.0},{"not_picked":["Searing Blow","Iron Wave"],"picked":"Thunderclap","floor":6.0},{"not_picked":["Heavy Blade","Power Through"],"picked":"Twin Strike","floor":8.0},{"not_picked":["Heavy Blade","Warcry","Clothesline"],"picked":"SKIP","floor":11.0},{"not_picked":["Seeing Red","Clothesline"],"picked":"Iron Wave","floor":13.0},{"not_picked":["Offering","Bludgeon"],"picked":"Limit Break","floor":16.0},{"not_picked":["Heavy Blade+1","Second Wind"],"picked":"Cleave+1","floor":18.0},{"not_picked":["Clash","Hemokinesis"],"picked":"Armaments","floor":20.0},{"not_picked":["True Grit","Flex"],"picked":"Rage","floor":21.0},{"not_picked":["Juggernaut","Clothesline+1","Shrug It Off"],"picked":"SKIP","floor":23.0},{"not_picked":["Heavy Blade","Spot Weakness","Searing Blow"],"picked":"SKIP","floor":29.0},{"not_picked":["Spot Weakness","Dual Wield","Clash"],"picked":"SKIP","floor":30.0},{"not_picked":["Iron Wave","Body Slam"],"picked":"Demon Form","floor":31.0},{"not_picked":["Combust","Pommel Strike","Warcry+1"],"picked":"SKIP","floor":35.0},{"not_picked":["Jack Of All Trades","Enlightenment"],"picked":"Violence","floor":36.0},{"not_picked":["Thunderclap+1","Warcry+1","Dual Wield+1"],"picked":"SKIP","floor":37.0},{"not_picked":["Perfected Strike","Clothesline"],"picked":"Iron Wave+1","floor":41.0},{"not_picked":["Heavy Blade","Rage+1"],"picked":"Infernal Blade+1","floor":44.0},{"not_picked":["Perfected Strike+1","True Grit"],"picked":"Iron Wave","floor":47.0}],"player_experience":87000,"relics_obtained":[{"floor":6.0,"key":"Mango"},{"floor":9.0,"key":"Paper Frog"},{"floor":23.0,"key":"Torii"},{"floor":25.0,"key":"Nilry\u0027s Codex"},{"floor":26.0,"key":"Ornamental Fan"},{"floor":43.0,"key":"Potion Belt"}],"event_choices":[{"damage_healed":0.0,"max_hp_gain":0.0,"max_hp_loss":0.0,"gold_gain":75.0,"event_name":"World of Goop","player_choice":"Gather Gold","floor":2.0,"gold_loss":0.0,"damage_taken":11.0},{"damage_healed":0.0,"max_hp_gain":0.0,"max_hp_loss":0.0,"gold_gain":0.0,"event_name":"Accursed Blacksmith","player_choice":"Rummage","floor":3.0,"gold_loss":0.0,"damage_taken":0.0,"relics_obtained":["WarpedTongs"],"cards_obtained":["Pain"]},{"damage_healed":0.0,"max_hp_gain":0.0,"max_hp_loss":0.0,"gold_gain":0.0,"event_name":"The Cleric","player_choice":"Leave","floor":5.0,"gold_loss":0.0,"damage_taken":0.0},{"damage_healed":0.0,"max_hp_gain":0.0,"max_hp_loss":0.0,"gold_gain":175.0,"event_name":"Liars Game","player_choice":"AGREE","floor":10.0,"gold_loss":0.0,"damage_taken":0.0,"cards_obtained":["Doubt"]},{"damage_healed":0.0,"max_hp_gain":0.0,"max_hp_loss":0.0,"gold_gain":0.0,"event_name":"Dead Adventurer","player_choice":"Searched \u00271\u0027 times","floor":14.0,"gold_loss":0.0,"damage_taken":0.0},{"damage_healed":0.0,"max_hp_gain":0.0,"max_hp_loss":0.0,"gold_gain":0.0,"event_name":"Cursed Tome","player_choice":"Obtained Book","floor":25.0,"gold_loss":0.0,"damage_taken":16.0},{"damage_healed":0.0,"max_hp_gain":0.0,"max_hp_loss":0.0,"gold_gain":0.0,"event_name":"SensoryStone","player_choice":"Memory 1","floor":36.0,"gold_loss":0.0,"damage_taken":0.0},{"damage_healed":0.0,"max_hp_gain":0.0,"max_hp_loss":0.0,"gold_gain":0.0,"event_name":"Wheel of Change","player_choice":"Cursed","floor":38.0,"gold_loss":0.0,"damage_taken":0.0,"cards_obtained":["Decay"]},{"damage_healed":0.0,"max_hp_gain":0.0,"max_hp_loss":0.0,"gold_gain":0.0,"event_name":"Tomb of Lord Red Mask","player_choice":"Ignored","floor":39.0,"gold_loss":0.0,"damage_taken":0.0},{"damage_healed":0.0,"max_hp_gain":0.0,"max_hp_loss":0.0,"gold_gain":0.0,"event_name":"Mysterious Sphere","player_choice":"Ignored","floor":45.0,"gold_loss":0.0,"damage_taken":0.0}],"is_beta":false,"boss_relics":[{"not_picked":["Orrery","Coffee Dripper"],"picked":"Black Blood"},{"not_picked":["Busted Crown","Empty Cage"],"picked":"Black Star"}],"items_purged_floors":[4,12,46],"is_endless":false,"potions_floor_spawned":[11,13,16,18,29,30,33,37,44,47],"killed_by":"Transient","ascension_level":1}