{"gold_per_floor":[109,109,128,128,303,329,340,340,340,368,383,383,383,402,402,498,498,509,509,609,609,625,657,657,317,372,372,372,383,396,425,425,425],"floor_reached":33,"playtime":2297,"items_purged":["Writhe"],"score":497,"play_id":"91377266-552c-4317-9ebd-002621a1347e","local_time":"20190217012313","is_ascension_mode":true,"campfire_choices":[{"data":"1","floor":8,"key":"LIFT"},{"data":"2","floor":15,"key":"LIFT"},{"data":"3","floor":24,"key":"LIFT"},{"floor":28,"key":"REST"},{"floor":32,"key":"REST"}],"neow_cost":"NONE","seed_source_timestamp":109405441289201,"circlet_count":0,"master_deck":["Defend_G","Defend_G","Defend_G","Defend_G","Defend_G","Strike_G","Strike_G","Strike_G","Strike_G","Survivor","Neutralize","Backstab","Crippling Poison","Sucker Punch","Dodge and Roll","Endless Agony","Cloak And Dagger","Predator","Adrenaline","Cloak And Dagger+1","Necronomicurse","Backflip","Outmaneuver+1","Distraction+1","Predator","Outmaneuver+1"],"relics":["Ring of the Serpent","NeowsBlessing","Girya","Incense Burner","Dead Branch","Letter Opener","Necronomicon","Pocketwatch","Darkstone Periapt","Toxic Egg 2","Smiling Mask","Ginger","Boot","Sundial"],"potions_floor_usage":[10,14,20,23,23,31,31,33,33],"damage_taken":[{"damage":0,"enemies":"Cultist","floor":1,"turns":1},{"damage":0,"enemies":"Jaw Worm","floor":3,"turns":1},{"damage":0,"enemies":"3 Sentries","floor":6,"turns":1},{"damage":0,"enemies":"Small Slimes","floor":7,"turns":3},{"damage":15,"enemies":"Gremlin Nob","floor":10,"turns":4},{"damage":0,"enemies":"Blue Slaver","floor":11,"turns":3},{"damage":0,"enemies":"3 Louse","floor":14,"turns":1},{"damage":28,"enemies":"Slime Boss","floor":16,"turns":7},{"damage":3,"enemies":"Shell Parasite","floor":18,"turns":3},{"damage":0,"enemies":"Colosseum Slavers","floor":20,"turns":3},{"damage":0,"enemies":"Colosseum Nobs","floor":20,"turns":1},{"damage":18,"enemies":"Spheric Guardian","floor":22,"turns":4},{"damage":0,"enemies":"Gremlin Leader","floor":23,"turns":5},{"damage":4,"enemies":"Centurion and Healer","floor":29,"turns":4},{"damage":9,"enemies":"Snecko","floor":30,"turns":4},{"damage":5,"enemies":"Slavers","floor":31,"turns":3},{"damage":62,"enemies":"Champ","floor":33,"turns":8}],"seed_played":"4890005083742995604","potions_obtained":[{"floor":1,"key":"SteroidPotion"},{"floor":6,"key":"Poison Potion"},{"floor":10,"key":"Explosive Potion"},{"floor":14,"key":"SpeedPotion"},{"floor":20,"key":"Dexterity Potion"},{"floor":22,"key":"EssenceOfSteel"},{"floor":23,"key":"Strength Potion"},{"floor":30,"key":"Energy Potion"},{"floor":31,"key":"Dexterity Potion"}],"is_trial":false,"path_per_floor":["M","$","M","$","?","E","M","R","T","E","M","T","?","M","R","B",null,"M","?","?","?","M","E","R","$","T","?","R","M","M","E","R","B"],"character_chosen":"THE_SILENT","items_purchased":["Ginger"],"campfire_rested":2,"item_purchase_floors":[25],"current_hp_per_floor":[63,63,63,63,63,63,63,63,63,48,48,48,48,48,48,20,58,55,39,39,45,27,27,27,27,27,27,49,45,36,31,53,0],"gold":425,"neow_bonus":"THREE_ENEMY_KILL","is_prod":false,"is_daily":false,"chose_seed":false,"campfire_upgraded":0,"win_rate":0,"timestamp":1550395393,"path_taken":["M","?","M","$","?","E","?","R","T","E","M","?","?","?","R","BOSS","M","?","?","?","M","E","R","?","T","?","R","M","M","E","R","BOSS"],"build_version":"2019-01-23","purchased_purges":1,"victory":false,"max_hp_per_floor":[70,70,70,70,70,70,70,70,70,70,70,70,70,70,70,70,70,70,70,70,76,76,76,76,76,76,76,76,76,76,76,76,76],"card_choices":[{"not_picked":["Endless Agony","Deflect"],"picked":"Backstab","floor":1},{"not_picked":["Bane","Eviscerate"],"picked":"Crippling Poison","floor":3},{"not_picked":["Outmaneuver","Bane"],"picked":"Sucker Punch","floor":6},{"not_picked":["Expertise","Calculated Gamble"],"picked":"Dodge and Roll","floor":7},{"not_picked":["Finisher","Predator"],"picked":"Endless Agony","floor":10},{"not_picked":["Underhanded Strike","Endless Agony"],"picked":"Cloak And Dagger","floor":11},{"not_picked":["Acrobatics","Unload"],"picked":"Predator","floor":14},{"not_picked":["Bullet Time","Burst"],"picked":"Adrenaline","floor":16},{"not_picked":["Flying Knee+1","Bouncing Flask"],"picked":"Cloak And Dagger+1","floor":18},{"not_picked":["Sucker Punch","Blade Dance"],"picked":"Backflip","floor":20},{"not_picked":["Backflip+1","Slice"],"picked":"Outmaneuver+1","floor":22},{"not_picked":["Riddle With Holes","Accuracy"],"picked":"Distraction+1","floor":23},{"not_picked":["Prepared+1","Crippling Poison+1"],"picked":"Predator","floor":29},{"not_picked":["Underhanded Strike","PiercingWail+1","Expertise+1"],"picked":"SKIP","floor":30},{"not_picked":["Poisoned Stab","Slice"],"picked":"Outmaneuver+1","floor":31}],"player_experience":425673,"relics_obtained":[{"floor":6,"key":"Girya"},{"floor":9,"key":"Incense Burner"},{"floor":10,"key":"Dead Branch"},{"floor":12,"key":"Letter Opener"},{"floor":19,"key":"Necronomicon"},{"floor":20,"key":"Pocketwatch"},{"floor":20,"key":"Darkstone Periapt"},{"floor":23,"key":"Smiling Mask"},{"floor":26,"key":"Boot"},{"floor":31,"key":"Sundial"}],"event_choices":[{"damage_healed":0,"gold_gain":175,"player_choice":"AGREE","damage_taken":0,"max_hp_gain":0,"max_hp_loss":0,"event_name":"Liars Game","floor":5,"gold_loss":0,"cards_obtained":["Doubt"]},{"cards_removed":["Doubt"],"damage_healed":0,"gold_gain":0,"player_choice":"Removed Curses","damage_taken":0,"max_hp_gain":0,"max_hp_loss":0,"event_name":"Fountain of Cleansing","floor":13,"gold_loss":0},{"damage_healed":0,"gold_gain":0,"player_choice":"Obtained Book","damage_taken":16,"max_hp_gain":0,"max_hp_loss":0,"event_name":"Cursed Tome","floor":19,"gold_loss":0},{"damage_healed":0,"gold_gain":0,"player_choice":"Fight","damage_taken":0,"max_hp_gain":0,"max_hp_loss":0,"event_name":"Colosseum","floor":20,"gold_loss":0},{"damage_healed":0,"gold_gain":0,"player_choice":"Fought Nobs","damage_taken":0,"max_hp_gain":0,"max_hp_loss":0,"event_name":"Colosseum","floor":20,"gold_loss":0},{"damage_healed":0,"gold_gain":0,"player_choice":"Opened","damage_taken":0,"relics_obtained":["Toxic Egg 2"],"max_hp_gain":0,"max_hp_loss":0,"event_name":"The Mausoleum","floor":21,"gold_loss":0,"cards_obtained":["Writhe"]},{"cards_removed":["Strike_G"],"damage_healed":0,"gold_gain":0,"player_choice":"Elegance","damage_taken":0,"max_hp_gain":0,"max_hp_loss":0,"event_name":"Back to Basics","floor":27,"gold_loss":0}],"is_beta":false,"boss_relics":[{"not_picked":["Ectoplasm","Coffee Dripper"],"picked":"Ring of the Serpent"}],"items_purged_floors":[25],"is_endless":false,"potions_floor_spawned":[1,6,10,14,20,22,23,30,31],"killed_by":"Champ","ascension_level":9}