{"gold_per_floor":[118,131,131,81,156,156,200,200,224,236,271,283,314,12,12,131,131,145,145,145,145,165,209,209,223,223,223,15,34,75,93,93,222,222,242,242,242,255,273,304,304],"floor_reached":41,"playtime":2215,"items_purged":[],"score":484,"play_id":"3010b076-6529-43d5-aa73-2780f7ad6585","local_time":"20181201164535","is_ascension_mode":false,"campfire_choices":[{"data":"Bash","floor":6,"key":"SMITH"},{"data":"True Grit","floor":8,"key":"SMITH"},{"data":"Jack Of All Trades","floor":10,"key":"SMITH"},{"data":"Metallicize","floor":12,"key":"SMITH"},{"floor":15,"key":"REST"},{"data":"Armaments","floor":24,"key":"SMITH"},{"floor":32,"key":"REST"}],"neow_cost":"TEN_PERCENT_HP_LOSS","seed_source_timestamp":682200402850,"circlet_count":0,"master_deck":["Strike_R","Strike_R","Strike_R","Strike_R","Defend_R","Defend_R","Defend_R","Bash+1","Jack Of All Trades+1","Purity","True Grit+1","Battle Trance","Clash","Metallicize+1","Warcry","Whirlwind","Double Tap","Twin Strike+1","Armaments+1","Armaments+1","Bloodletting+1","Double Tap","Pummel+1","Headbutt+1","Sword Boomerang+1","Demon Form","Madness","Madness","Feed+1","Thunderclap+1","Offering"],"relics":["Black Blood","Golden Idol","Anchor","MawBank","Brimstone","Runic Dome","Thread and Needle","Nilry\u0027s Codex","Molten Egg 2","Sundial","MutagenicStrength","Peace Pipe","Red Skull"],"potions_floor_usage":[7,13,16,29,39,39],"damage_taken":[{"damage":15,"enemies":"Small Slimes","floor":1,"turns":4},{"damage":3,"enemies":"Jaw Worm","floor":2,"turns":5},{"damage":32,"enemies":"3 Sentries","floor":7,"turns":16},{"damage":0,"enemies":"2 Louse","floor":11,"turns":2},{"damage":0,"enemies":"Red Slaver","floor":13,"turns":5},{"damage":24,"enemies":"Slime Boss","floor":16,"turns":5},{"damage":0,"enemies":"Chosen","floor":18,"turns":3},{"damage":16,"enemies":"Shell Parasite","floor":22,"turns":3},{"damage":13,"enemies":"Slavers","floor":23,"turns":3},{"damage":0,"enemies":"Centurion and Healer","floor":25,"turns":3},{"damage":24,"enemies":"Snake Plant","floor":29,"turns":3},{"damage":0,"enemies":"Gremlin Leader","floor":30,"turns":4},{"damage":3,"enemies":"Sentry and Sphere","floor":31,"turns":3},{"damage":35,"enemies":"Automaton","floor":33,"turns":5},{"damage":13,"enemies":"3 Darklings","floor":35,"turns":3},{"damage":37,"enemies":"3 Shapes","floor":38,"turns":3},{"damage":0,"enemies":"Jaw Worm Horde","floor":39,"turns":2},{"damage":40,"enemies":"Reptomancer","floor":40,"turns":4},{"damage":34,"enemies":"Sphere and 2 Shapes","floor":41,"turns":3}],"seed_played":"-8303974584451710063","potions_obtained":[{"floor":1,"key":"Swift Potion"},{"floor":7,"key":"Swift Potion"},{"floor":18,"key":"Strength Potion"},{"floor":22,"key":"SkillPotion"},{"floor":29,"key":"Energy Potion"},{"floor":35,"key":"SkillPotion"},{"floor":38,"key":"Fruit Juice"},{"floor":40,"key":"Dexterity Potion"}],"is_trial":false,"path_per_floor":["M","M","?","?","?","R","E","R","T","R","M","R","M","$","R","B",null,"M","?","T","?","M","E","R","M","T","?","$","M","E","M","R","B",null,"M","?","?","M","M","E","M"],"character_chosen":"IRONCLAD","items_purchased":["Whirlwind","Brimstone","Fire Potion","Double Tap","Pummel+1","AttackPotion"],"campfire_rested":2,"item_purchase_floors":[14,14,14,28,28,28],"current_hp_per_floor":[63,66,48,48,37,37,11,11,11,11,17,17,23,23,44,26,72,72,72,72,56,46,39,39,45,45,45,45,27,33,36,57,28,72,69,60,60,33,52,22,0],"gold":304,"neow_bonus":"RANDOM_COLORLESS_2","is_prod":false,"is_daily":false,"chose_seed":false,"campfire_upgraded":5,"win_rate":0.0,"timestamp":1543679135,"path_taken":["M","M","?","?","?","R","E","R","T","R","M","R","M","?","R","BOSS","M","?","?","?","M","E","R","M","T","?","$","?","E","M","R","BOSS","M","?","?","M","M","E","M"],"build_version":"2018-11-15","purchased_purges":0,"victory":false,"max_hp_per_floor":[72,72,72,72,72,72,72,72,72,72,72,72,72,72,72,72,72,72,72,72,72,72,72,72,72,72,72,72,72,72,72,72,72,72,72,72,72,72,81,81,81],"card_choices":[{"not_picked":["Reckless Charge","Clothesline"],"picked":"True Grit","floor":1},{"not_picked":["Twin Strike","Carnage"],"picked":"Battle Trance","floor":2},{"not_picked":["Dual Wield","Clothesline"],"picked":"Clash","floor":7},{"not_picked":["Pommel Strike","Warcry"],"picked":"Metallicize","floor":11},{"not_picked":["Perfected Strike","Entrench"],"picked":"Warcry","floor":13},{"not_picked":["Berserk","Impervious"],"picked":"Double Tap","floor":16},{"not_picked":["Infernal Blade","Carnage+1"],"picked":"Twin Strike+1","floor":18},{"not_picked":["Pommel Strike","Thunderclap"],"picked":"Armaments","floor":22},{"not_picked":["Clothesline","True Grit"],"picked":"Armaments+1","floor":23},{"not_picked":["Dropkick+1","Clothesline+1"],"picked":"Bloodletting+1","floor":25},{"not_picked":["Carnage+1","Body Slam+1"],"picked":"Headbutt+1","floor":29},{"not_picked":["Iron Wave+1","Perfected Strike+1"],"picked":"Sword Boomerang+1","floor":30},{"not_picked":["Iron Wave+1","Headbutt+1","Disarm"],"picked":"SKIP","floor":31},{"not_picked":["Fiend Fire+1","Barricade"],"picked":"Demon Form","floor":33},{"not_picked":["Combust+1","Armaments","Entrench"],"picked":"SKIP","floor":35},{"not_picked":["Iron Wave+1","Sever Soul+1"],"picked":"Thunderclap+1","floor":38},{"not_picked":["Perfected Strike+1","Combust+1","Cleave+1"],"picked":"SKIP","floor":39},{"not_picked":["Flame Barrier","Body Slam+1"],"picked":"Offering","floor":40}],"player_experience":4322,"relics_obtained":[{"floor":7,"key":"Anchor"},{"floor":9,"key":"MawBank"},{"floor":20,"key":"Thread and Needle"},{"floor":21,"key":"Nilry\u0027s Codex"},{"floor":23,"key":"Molten Egg 2"},{"floor":26,"key":"Sundial"},{"floor":30,"key":"Peace Pipe"},{"floor":40,"key":"Red Skull"}],"event_choices":[{"damage_healed":0,"gold_gain":0,"player_choice":"Take Damage","damage_taken":18,"relics_obtained":["Golden Idol"],"max_hp_gain":0,"max_hp_loss":0,"event_name":"Golden Idol","floor":3,"gold_loss":0},{"cards_removed":["Strike_R"],"damage_healed":0,"gold_gain":0,"player_choice":"Card Removal","damage_taken":0,"max_hp_gain":0,"max_hp_loss":0,"event_name":"The Cleric","floor":4,"gold_loss":50},{"damage_healed":0,"gold_gain":75,"player_choice":"Gather Gold","damage_taken":11,"max_hp_gain":0,"max_hp_loss":0,"event_name":"World of Goop","floor":5,"gold_loss":0},{"damage_healed":0,"gold_gain":0,"player_choice":"Ignored","damage_taken":0,"max_hp_gain":0,"max_hp_loss":0,"event_name":"Vampires","floor":19,"gold_loss":0},{"damage_healed":0,"gold_gain":0,"player_choice":"Obtained Book","damage_taken":16,"max_hp_gain":0,"max_hp_loss":0,"event_name":"Cursed Tome","floor":21,"gold_loss":0},{"damage_healed":0,"gold_gain":0,"player_choice":"Inject Mutagens","damage_taken":0,"relics_obtained":["MutagenicStrength"],"max_hp_gain":0,"max_hp_loss":0,"event_name":"Drug Dealer","floor":27,"gold_loss":0},{"damage_healed":0,"gold_gain":0,"player_choice":"Embrace Madness","damage_taken":9,"max_hp_gain":0,"max_hp_loss":0,"event_name":"Winding Halls","floor":36,"gold_loss":0,"cards_obtained":["Madness","Madness"]},{"damage_healed":0,"gold_gain":0,"cards_transformed":["Defend_R"],"player_choice":"Transformed","damage_taken":0,"max_hp_gain":0,"max_hp_loss":0,"event_name":"Transmorgrifier","floor":37,"gold_loss":0,"cards_obtained":["Feed"]}],"is_beta":true,"boss_relics":[{"not_picked":["Black Star","Sozu"],"picked":"Runic Dome"},{"not_picked":["Runic Pyramid","Velvet Choker"],"picked":"Black Blood"}],"items_purged_floors":[],"is_endless":false,"potions_floor_spawned":[1,7,18,22,29,35,38,40],"killed_by":"Sphere and 2 Shapes","ascension_level":0}