{"gold_per_floor":[116,130,142,217,230,257,257,283,283,310,310,326,353,373,373,469,469,480,480,494,494,494,494,234,265,265,265,277,310,187,200,200,300,300,316,316,333,344,344],"floor_reached":39,"playtime":3805,"items_purged":["Strike_R","Strike_R"],"score":485,"play_id":"71403e0d-6d78-4d7e-bf30-88df37b67d6f","local_time":"20190109004308","is_ascension_mode":true,"campfire_choices":[{"floor":7,"key":"REST"},{"floor":11,"key":"REST"},{"floor":15,"key":"REST"},{"data":"RitualDagger","floor":23,"key":"SMITH"},{"floor":27,"key":"REST"},{"floor":32,"key":"REST"}],"neow_cost":"NONE","seed_source_timestamp":792039219997480,"circlet_count":0,"master_deck":["Strike_R","Strike_R","Defend_R","Defend_R","Bash","Shrug It Off","Perfected Strike","Warcry","Iron Wave","Metallicize","Rampage","Flex","Juggernaut+1","Whirlwind","Immolate","Carnage","RitualDagger+1","Burning Pact","Cleave","Warcry+1","Offering","Pommel Strike","Power Through+1","Uppercut+1","Impervious+1","Reaper","Iron Wave+1","Armaments+1"],"relics":["Burning Blood","NeowsBlessing","Self Forming Clay","Unceasing Top","Frozen Egg 2","Shuriken","Boot","Runic Pyramid","PreservedInsect","Oddly Smooth Stone","Regal Pillow","Nunchaku","Question Card","Astrolabe"],"potions_floor_usage":[6,8,16,25,29,33],"damage_taken":[{"damage":0,"enemies":"Cultist","floor":1,"turns":1},{"damage":0,"enemies":"Small Slimes","floor":2,"turns":1},{"damage":0,"enemies":"Jaw Worm","floor":3,"turns":1},{"damage":26,"enemies":"Exordium Thugs","floor":5,"turns":6},{"damage":24,"enemies":"Gremlin Nob","floor":6,"turns":4},{"damage":22,"enemies":"3 Sentries","floor":8,"turns":10},{"damage":16,"enemies":"Lagavulin","floor":10,"turns":7},{"damage":10,"enemies":"Blue Slaver","floor":12,"turns":4},{"damage":10,"enemies":"2 Fungi Beasts","floor":14,"turns":3},{"damage":24,"enemies":"Slime Boss","floor":16,"turns":9},{"damage":10,"enemies":"Chosen","floor":18,"turns":5},{"damage":15,"enemies":"3 Byrds","floor":20,"turns":4},{"damage":39,"enemies":"Book of Stabbing","floor":25,"turns":5},{"damage":12,"enemies":"Cultist and Chosen","floor":28,"turns":5},{"damage":41,"enemies":"Slavers","floor":29,"turns":4},{"damage":22,"enemies":"Centurion and Healer","floor":31,"turns":6},{"damage":48,"enemies":"Collector","floor":33,"turns":10},{"damage":7,"enemies":"Orb Walker","floor":35,"turns":4},{"damage":45,"enemies":"3 Shapes","floor":37,"turns":3},{"damage":25,"enemies":"Sphere and 2 Shapes","floor":38,"turns":6},{"damage":36,"enemies":"4 Shapes","floor":39,"turns":3}],"seed_played":"8033129965571420094","potions_obtained":[{"floor":2,"key":"FearPotion"},{"floor":6,"key":"Block Potion"},{"floor":12,"key":"PowerPotion"},{"floor":18,"key":"BloodPotion"},{"floor":28,"key":"Regen Potion"},{"floor":29,"key":"SteroidPotion"},{"floor":33,"key":"Poison Potion"}],"is_trial":false,"path_per_floor":["M","M","M","?","M","E","R","E","T","E","R","M","T","M","R","B",null,"M","?","M","?","T","R","$","E","T","R","M","E","$","M","R","B",null,"M","?","M","M","M"],"character_chosen":"IRONCLAD","items_purchased":["Burning Pact","Oddly Smooth Stone","Pommel Strike"],"campfire_rested":5,"item_purchase_floors":[24,24,30],"current_hp_per_floor":[80,80,80,69,49,31,55,39,39,29,53,49,49,45,69,51,80,76,70,61,61,61,61,61,36,36,75,69,48,48,32,71,29,80,79,79,52,36,0],"gold":344,"neow_bonus":"THREE_ENEMY_KILL","is_prod":false,"is_daily":false,"chose_seed":false,"campfire_upgraded":1,"win_rate":0,"timestamp":1547023388,"path_taken":["M","M","?","?","M","E","R","E","T","E","R","M","?","M","R","BOSS","M","?","M","?","?","R","?","E","T","R","M","E","$","?","R","BOSS","M","?","?","M","M"],"build_version":"2019-01-03v4","purchased_purges":2,"victory":false,"max_hp_per_floor":[80,80,80,80,80,80,80,80,80,80,80,80,80,80,80,80,80,80,80,80,80,80,80,80,80,80,80,80,80,80,80,80,80,80,80,80,80,80,80],"card_choices":[{"not_picked":["Infernal Blade","Spot Weakness"],"picked":"Shrug It Off","floor":1},{"not_picked":["Clash","Rupture"],"picked":"Perfected Strike","floor":2},{"not_picked":["Reckless Charge","Clash"],"picked":"Warcry","floor":3},{"not_picked":["Heavy Blade","Burning Pact"],"picked":"Iron Wave","floor":5},{"not_picked":["Headbutt","Feel No Pain"],"picked":"Metallicize","floor":6},{"not_picked":["Havoc","Warcry"],"picked":"Rampage","floor":8},{"not_picked":["Anger","Ghostly Armor"],"picked":"Flex","floor":10},{"not_picked":["Perfected Strike","Havoc"],"picked":"Juggernaut+1","floor":12},{"not_picked":["Spot Weakness","Twin Strike"],"picked":"Whirlwind","floor":14},{"not_picked":["Reaper","Limit Break"],"picked":"Immolate","floor":16},{"not_picked":["Blood for Blood","Entrench"],"picked":"Carnage","floor":18},{"not_picked":["Reckless Charge","Flex","Warcry"],"picked":"SKIP","floor":20},{"not_picked":["Headbutt+1","Whirlwind"],"picked":"Cleave","floor":25},{"not_picked":["Flex+1","Clash"],"picked":"Warcry+1","floor":28},{"not_picked":["Havoc","True Grit"],"picked":"Offering","floor":29},{"not_picked":["True Grit","Twin Strike","Perfected Strike+1","Headbutt"],"picked":"SKIP","floor":31},{"not_picked":["Reaper","Demon Form+1","Dark Embrace+1"],"picked":"Exhume","floor":33},{"not_picked":["Feel No Pain+1","Twin Strike","Warcry+1","Anger+1"],"picked":"SKIP","floor":35},{"not_picked":["Perfected Strike+1","Searing Blow","Second Wind+1"],"picked":"Iron Wave+1","floor":37},{"not_picked":["Cleave+1","Fire Breathing+1","Havoc"],"picked":"Armaments+1","floor":38}],"player_experience":53052,"relics_obtained":[{"floor":6,"key":"Self Forming Clay"},{"floor":8,"key":"Unceasing Top"},{"floor":9,"key":"Frozen Egg 2"},{"floor":10,"key":"Shuriken"},{"floor":13,"key":"Boot"},{"floor":22,"key":"PreservedInsect"},{"floor":25,"key":"Regal Pillow"},{"floor":26,"key":"Nunchaku"},{"floor":29,"key":"Question Card"}],"event_choices":[{"damage_healed":0,"gold_gain":75,"player_choice":"Gather Gold","damage_taken":11,"max_hp_gain":0,"max_hp_loss":0,"event_name":"World of Goop","floor":4,"gold_loss":0},{"damage_healed":0,"gold_gain":0,"player_choice":"Joined the Cult","damage_taken":6,"max_hp_gain":0,"max_hp_loss":0,"event_name":"Nest","floor":19,"gold_loss":0,"cards_obtained":["RitualDagger"]},{"damage_healed":0,"gold_gain":0,"player_choice":"Ignored","damage_taken":0,"max_hp_gain":0,"max_hp_loss":0,"event_name":"Ghosts","floor":21,"gold_loss":0},{"damage_healed":0,"gold_gain":0,"cards_transformed":["Defend_R"],"player_choice":"Transformed","damage_taken":0,"max_hp_gain":0,"max_hp_loss":0,"event_name":"Transmorgrifier","floor":36,"gold_loss":0,"cards_obtained":["Reaper"]}],"is_beta":false,"boss_relics":[{"not_picked":["Snecko Eye","Eternal Feather"],"picked":"Runic Pyramid"},{"not_picked":["Runic Dome","Calling Bell"],"picked":"Astrolabe"}],"items_purged_floors":[24,30],"is_endless":false,"potions_floor_spawned":[2,6,12,18,28,29,33],"killed_by":"4 Shapes","ascension_level":2}