{"gold_per_floor":[111,128,128,128,128,162,162,189,189,189,206,80,80,61,61,165,165,179,190,205,305,305,333,333,128,174,203,223,223,241,274,274,371,371,390,490,541,560,560,592,607,607,656,12,12,12,40,40,40,40],"floor_reached":51,"playtime":5021,"items_purged":["Writhe","Writhe"],"score":1130,"play_id":"6e12f411-5a6d-4fc7-babc-41e3294436f8","local_time":"20190209114054","is_ascension_mode":true,"campfire_choices":[{"floor":7,"key":"REST"},{"data":"Coolheaded","floor":13,"key":"SMITH"},{"floor":15,"key":"REST"},{"floor":24,"key":"REST"},{"floor":29,"key":"REST"},{"floor":32,"key":"REST"},{"floor":42,"key":"REST"},{"data":"Defragment","floor":45,"key":"SMITH"},{"data":"Coolheaded","floor":49,"key":"SMITH"}],"neow_cost":"NONE","seed_source_timestamp":2412940367152076,"circlet_count":0,"master_deck":["Strike_B+1","Strike_B","Strike_B+1","Defend_B","Defend_B","Defend_B","Zap","Dualcast","Coolheaded+1","Coolheaded+1","Sweeping Beam+1","Go for the Eyes+1","Sweeping Beam+1","Ball Lightning+1","Electrodynamics","Beam Cell+1","FTL+1","Go for the Eyes+1","Compile Driver+1","Gash+1","White Noise+1","Capacitor","Defragment+1","Gash+1","Redo+1","BootSequence+1","Stack+1","Conserve Battery+1","Ball Lightning+1","Amplify+1","Glacier+1","Compile Driver+1","Stack+1","Go for the Eyes+1","FTL+1","Parasite","Tempest+1","Panache","Ball Lightning+1","Coolheaded+1"],"relics":["Cracked Core","Smiling Mask","Ornamental Fan","Molten Egg 2","Shuriken","Meat on the Bone","The Courier","Lantern","Sozu","Prayer Wheel","Toxic Egg 2","Dead Branch","Blood Vial","Orichalcum","Ancient Tea Set","Juzu Bracelet","Busted Crown","Torii","Ice Cream","Whetstone","Centennial Puzzle","Pen Nib","Oddly Smooth Stone","Runic Capacitor","Dodecahedron"],"potions_floor_usage":[6,6,16],"damage_taken":[{"damage":1,"enemies":"Cultist","floor":1,"turns":4},{"damage":3,"enemies":"Small Slimes","floor":2,"turns":4},{"damage":18,"enemies":"3 Sentries","floor":6,"turns":12},{"damage":28,"enemies":"Gremlin Nob","floor":8,"turns":4},{"damage":3,"enemies":"Jaw Worm","floor":11,"turns":3},{"damage":30,"enemies":"Hexaghost","floor":16,"turns":9},{"damage":17,"enemies":"Shell Parasite","floor":18,"turns":5},{"damage":3,"enemies":"3 Byrds","floor":19,"turns":2},{"damage":6,"enemies":"Snecko","floor":20,"turns":5},{"damage":15,"enemies":"Colosseum Slavers","floor":21,"turns":3},{"damage":0,"enemies":"Colosseum Nobs","floor":21,"turns":3},{"damage":0,"enemies":"Gremlin Leader","floor":23,"turns":4},{"damage":9,"enemies":"Book of Stabbing","floor":27,"turns":4},{"damage":19,"enemies":"Shelled Parasite and Fungi","floor":28,"turns":4},{"damage":6,"enemies":"Centurion and Healer","floor":30,"turns":3},{"damage":16,"enemies":"Slavers","floor":31,"turns":3},{"damage":33,"enemies":"Automaton","floor":33,"turns":8},{"damage":19,"enemies":"3 Darklings","floor":35,"turns":4},{"damage":2,"enemies":"Mind Bloom Boss Battle","floor":36,"turns":5},{"damage":7,"enemies":"2 Orb Walkers","floor":37,"turns":5},{"damage":1,"enemies":"3 Shapes","floor":38,"turns":4},{"damage":14,"enemies":"Reptomancer","floor":40,"turns":5},{"damage":0,"enemies":"Writhing Mass","floor":41,"turns":4},{"damage":0,"enemies":"Nemesis","floor":47,"turns":5},{"damage":21,"enemies":"Awakened One","floor":50,"turns":7}],"seed_played":"-7004252112538416289","potions_obtained":[{"floor":1,"key":"Explosive Potion"},{"floor":2,"key":"Regen Potion"},{"floor":8,"key":"SpeedPotion"}],"is_trial":false,"path_per_floor":["M","M","?","?","?","E","R","E","T","T","M","$","R","$","R","B",null,"M","M","M","?","?","E","R","$","T","E","M","R","M","E","R","B",null,"M","?","?","M","?","E","M","R","T","$","R","?","E","?","R","B",null],"character_chosen":"DEFECT","items_purchased":["Lantern","Ball Lightning+1","White Noise+1","Capacitor","Defragment","Panache","Pen Nib","Oddly Smooth Stone","Runic Capacitor","Ball Lightning+1","Coolheaded+1"],"campfire_rested":6,"item_purchase_floors":[12,14,25,25,25,44,44,44,44,44,44],"current_hp_per_floor":[67,64,57,57,62,59,80,52,52,52,49,49,49,49,73,43,71,54,51,45,42,42,42,66,66,66,59,42,66,62,48,72,41,70,53,53,48,49,69,57,59,80,80,80,80,80,80,80,80,59],"gold":40,"neow_bonus":"RANDOM_COMMON_RELIC","is_prod":false,"is_daily":false,"chose_seed":false,"campfire_upgraded":3,"win_rate":0,"timestamp":1549741254,"path_taken":["M","?","?","?","?","E","R","E","T","?","?","$","R","$","R","BOSS","M","M","M","?","?","E","R","$","T","E","?","R","?","E","R","BOSS","M","?","?","M","?","E","M","R","T","$","R","?","E","?","R","BOSS"],"build_version":"2019-01-23","purchased_purges":2,"victory":true,"max_hp_per_floor":[75,75,75,75,80,80,80,80,80,80,80,80,80,80,80,80,80,80,80,80,80,80,80,80,80,80,80,80,80,80,80,80,80,80,80,80,80,80,80,80,80,80,80,80,80,80,80,80,80,80],"card_choices":[{"not_picked":["Glacier","Rebound"],"picked":"Coolheaded","floor":1},{"not_picked":["Fusion","Hologram"],"picked":"Coolheaded","floor":2},{"not_picked":["Tempest","Conserve Battery"],"picked":"Sweeping Beam","floor":6},{"not_picked":["Blizzard+1","Doom and Gloom+1"],"picked":"Go for the Eyes+1","floor":8},{"not_picked":["Darkness","Glacier"],"picked":"Sweeping Beam+1","floor":11},{"not_picked":["Machine Learning","Creative AI"],"picked":"Electrodynamics","floor":16},{"not_picked":["Sweeping Beam+1","Coolheaded"],"picked":"Beam Cell+1","floor":18},{"not_picked":["Fusion","Hologram"],"picked":"FTL+1","floor":19},{"not_picked":["Streamline+1","Steam"],"picked":"Go for the Eyes+1","floor":20},{"not_picked":["Doom and Gloom+1","Hyperbeam+1"],"picked":"Compile Driver+1","floor":21},{"not_picked":["Cold Snap+1","Stack+1"],"picked":"Gash+1","floor":23},{"not_picked":["Fusion+1","Chill+1"],"picked":"Gash+1","floor":27},{"not_picked":["Turbo+1","Fusion+1"],"picked":"Redo+1","floor":28},{"not_picked":["Double Energy+1","Skim+1"],"picked":"BootSequence+1","floor":28},{"not_picked":["Fusion+1","Consume+1"],"picked":"Stack+1","floor":30},{"not_picked":["Redo+1","Gash+1"],"picked":"Conserve Battery+1","floor":30},{"not_picked":["Steam+1","Fission+1"],"picked":"Ball Lightning+1","floor":31},{"not_picked":["All For One+1","Creative AI"],"picked":"Amplify+1","floor":33},{"not_picked":[],"picked":"Glacier+1","floor":35},{"not_picked":["Ball Lightning+1"],"picked":"SKIP","floor":35},{"not_picked":[],"picked":"Compile Driver+1","floor":36},{"not_picked":[],"picked":"Stack+1","floor":37},{"not_picked":[],"picked":"Go for the Eyes+1","floor":38},{"not_picked":[],"picked":"FTL+1","floor":38},{"not_picked":["Ball Lightning+1"],"picked":"SKIP","floor":40},{"not_picked":[],"picked":"Tempest+1","floor":41},{"not_picked":["Rebound+1"],"picked":"SKIP","floor":41},{"not_picked":["Thunder Strike+1"],"picked":"SKIP","floor":47}],"player_experience":304927,"relics_obtained":[{"floor":6,"key":"Molten Egg 2"},{"floor":8,"key":"Shuriken"},{"floor":9,"key":"Meat on the Bone"},{"floor":10,"key":"The Courier"},{"floor":21,"key":"Prayer Wheel"},{"floor":21,"key":"Toxic Egg 2"},{"floor":23,"key":"Blood Vial"},{"floor":26,"key":"Orichalcum"},{"floor":27,"key":"Ancient Tea Set"},{"floor":31,"key":"Juzu Bracelet"},{"floor":36,"key":"Torii"},{"floor":37,"key":"Ice Cream"},{"floor":40,"key":"Whetstone"},{"floor":43,"key":"Centennial Puzzle"},{"floor":47,"key":"Dodecahedron"}],"event_choices":[{"damage_healed":0,"gold_gain":0,"player_choice":"Success","damage_taken":7,"relics_obtained":["Ornamental Fan"],"max_hp_gain":0,"max_hp_loss":0,"event_name":"Scrap Ooze","floor":3,"gold_loss":0},{"cards_removed":["Strike_B"],"damage_healed":0,"gold_gain":0,"player_choice":"Forget","damage_taken":0,"max_hp_gain":0,"max_hp_loss":0,"event_name":"Living Wall","floor":4,"gold_loss":0},{"damage_healed":0,"gold_gain":0,"player_choice":"Donut","damage_taken":0,"max_hp_gain":5,"max_hp_loss":0,"event_name":"Big Fish","floor":5,"gold_loss":0},{"damage_healed":0,"gold_gain":0,"player_choice":"Fight","damage_taken":0,"max_hp_gain":0,"max_hp_loss":0,"event_name":"Colosseum","floor":21,"gold_loss":0},{"damage_healed":0,"gold_gain":0,"player_choice":"Fought Nobs","damage_taken":0,"max_hp_gain":0,"max_hp_loss":0,"event_name":"Colosseum","floor":21,"gold_loss":0},{"damage_healed":0,"gold_gain":0,"player_choice":"Opened","damage_taken":0,"relics_obtained":["Dead Branch"],"max_hp_gain":0,"max_hp_loss":0,"event_name":"The Mausoleum","floor":22,"gold_loss":0,"cards_obtained":["Writhe"]},{"damage_healed":0,"gold_gain":0,"player_choice":"Fight","damage_taken":0,"max_hp_gain":0,"max_hp_loss":0,"event_name":"MindBloom","floor":36,"gold_loss":0},{"damage_healed":0,"gold_gain":0,"player_choice":"Fight","damage_taken":0,"max_hp_gain":0,"max_hp_loss":0,"event_name":"Mysterious Sphere","floor":37,"gold_loss":0},{"damage_healed":20,"gold_gain":0,"player_choice":"Writhe","damage_taken":0,"max_hp_gain":0,"max_hp_loss":0,"event_name":"Winding Halls","floor":39,"gold_loss":0,"cards_obtained":["Writhe"]},{"cards_removed":["Defend_B"],"damage_healed":0,"gold_gain":0,"player_choice":"Removed Skill","damage_taken":0,"max_hp_gain":0,"max_hp_loss":0,"event_name":"Falling","floor":46,"gold_loss":0},{"damage_healed":0,"gold_gain":0,"player_choice":"Got Potions","damage_taken":0,"max_hp_gain":0,"max_hp_loss":0,"event_name":"Lab","floor":48,"gold_loss":0}],"is_beta":false,"boss_relics":[{"not_picked":["Philosopher\u0027s Stone","Runic Dome"],"picked":"Sozu"},{"not_picked":["Runic Pyramid","Orrery"],"picked":"Busted Crown"}],"items_purged_floors":[25,44],"is_endless":false,"potions_floor_spawned":[1,2,8,19,20,21,30,31,38,41,47],"ascension_level":6}