{"gold_per_floor":[18,18,35,35,49,49,82,82,107,123,154,154,182,182,182,259,259,272,272,272,282,292,318,318],"floor_reached":24,"playtime":1446,"items_purged":[],"score":435,"play_id":"de4f6bdf-97ab-4b64-a0cd-d7fdb2c77784","local_time":"20190224215427","is_ascension_mode":true,"campfire_choices":[{"data":"True Grit","floor":6.0,"key":"SMITH"},{"data":"Pommel Strike","floor":8.0,"key":"SMITH"},{"floor":15,"key":"REST"}],"neow_cost":"NO_GOLD","seed_source_timestamp":0,"circlet_count":0,"master_deck":["AscendersBane","Strike_R","Strike_R","Strike_R","Defend_R","Defend_R","Defend_R","Defend_R","Bash+1","Pommel Strike+1","True Grit+1","Heavy Blade","Carnage","Inflame","Armaments","Cleave","Feed","J.A.X.","Shrug It Off","Flex","Pommel Strike+1"],"special_seed":0,"relics":["Burning Blood","Oddly Smooth Stone","Vajra","The Courier","Nunchaku","Black Star","Omamori","Ancient Tea Set"],"potions_floor_usage":[11,13,23],"damage_taken":[{"damage":2.0,"enemies":"2 Louse","floor":1.0,"turns":3.0},{"damage":1.0,"enemies":"Cultist","floor":3.0,"turns":3.0},{"damage":7.0,"enemies":"Jaw Worm","floor":5.0,"turns":3.0},{"damage":26.0,"enemies":"3 Sentries","floor":7.0,"turns":6.0},{"damage":6.0,"enemies":"Looter","floor":10.0,"turns":3.0},{"damage":8,"enemies":"Gremlin Nob","floor":11,"turns":3},{"damage":34,"enemies":"Lagavulin","floor":13,"turns":6},{"damage":19,"enemies":"The Guardian","floor":16,"turns":13},{"damage":2,"enemies":"Chosen","floor":18,"turns":4},{"damage":29,"enemies":"Shell Parasite","floor":21,"turns":4},{"damage":15,"enemies":"Snecko","floor":22,"turns":5},{"damage":55,"enemies":"Slavers","floor":23,"turns":5},{"damage":14,"enemies":"Snake Plant","floor":24,"turns":1}],"seed_played":"-4202011743288921149","potions_obtained":[{"floor":3.0,"key":"PowerPotion"},{"floor":5.0,"key":"Explosive Potion"},{"floor":10,"key":"LiquidBronze"},{"floor":21,"key":"SkillPotion"}],"is_trial":false,"path_per_floor":["M","?","M","$","M","R","E","R","T","M","E","$","E","?","R","B",null,"M","?","?","M","M","E","M"],"character_chosen":"IRONCLAD","items_purchased":[],"campfire_rested":1,"item_purchase_floors":[],"current_hp_per_floor":[86,86,89,89,88,88,68,68,68,68,66,66,38,38,64,51,80,88,88,88,68,62,13,0],"gold":318,"neow_bonus":"TWENTY_PERCENT_HP_BONUS","is_prod":false,"is_daily":false,"chose_seed":false,"campfire_upgraded":2,"win_rate":0,"timestamp":1551074067,"path_taken":["M","?","M","?","?","R","E","R","T","M","E","$","E","?","R","BOSS","M","?","?","M","M","E","M"],"build_version":"2019-01-23","purchased_purges":0,"victory":false,"max_hp_per_floor":[89,89,89,89,89,89,89,89,89,89,89,89,89,89,89,89,89,93,93,93,96,99,99,99],"card_choices":[{"not_picked":["Combust","Dual Wield"],"picked":"Pommel Strike","floor":1.0},{"not_picked":["Havoc","Rupture"],"picked":"True Grit","floor":3.0},{"not_picked":["Sword Boomerang","Iron Wave"],"picked":"Heavy Blade","floor":5.0},{"not_picked":["Sever Soul","True Grit"],"picked":"Carnage","floor":7.0},{"not_picked":["Shrug It Off","Rupture"],"picked":"Inflame","floor":10},{"not_picked":["Reckless Charge","Pommel Strike"],"picked":"Armaments","floor":11},{"not_picked":["Whirlwind","Sentinel"],"picked":"Cleave","floor":13},{"not_picked":["Offering","Fiend Fire"],"picked":"Feed","floor":16},{"not_picked":["Clash","Combust","Perfected Strike"],"picked":"SKIP","floor":18},{"not_picked":["Hemokinesis","Reckless Charge"],"picked":"Shrug It Off","floor":21},{"not_picked":["Warcry","Feel No Pain"],"picked":"Flex","floor":22},{"not_picked":["Headbutt","Clothesline"],"picked":"Pommel Strike+1","floor":23}],"player_experience":496076,"relics_obtained":[{"floor":7.0,"key":"Oddly Smooth Stone"},{"floor":9.0,"key":"Vajra"},{"floor":11,"key":"The Courier"},{"floor":13,"key":"Nunchaku"},{"floor":23,"key":"Omamori"},{"floor":23,"key":"Ancient Tea Set"}],"event_choices":[{"damage_healed":0.0,"max_hp_gain":0.0,"max_hp_loss":0.0,"gold_gain":0.0,"event_name":"Upgrade Shrine","player_choice":"Upgraded","floor":2.0,"gold_loss":0.0,"damage_taken":0.0,"cards_upgraded":["Bash"]},{"cards_removed":["Strike_R"],"damage_healed":0,"gold_gain":0,"player_choice":"Forget","damage_taken":0,"max_hp_gain":0,"max_hp_loss":0,"event_name":"Living Wall","floor":14,"gold_loss":0},{"damage_healed":0,"gold_gain":0,"player_choice":"Obtain J.A.X.","damage_taken":0,"max_hp_gain":0,"max_hp_loss":0,"event_name":"Drug Dealer","floor":19,"gold_loss":0,"cards_obtained":["J.A.X."]},{"cards_removed":["Strike_R"],"damage_healed":0,"gold_gain":0,"player_choice":"Elegance","damage_taken":0,"max_hp_gain":0,"max_hp_loss":0,"event_name":"Back to Basics","floor":20,"gold_loss":0}],"is_beta":false,"boss_relics":[{"not_picked":["Runic Cube","Calling Bell"],"picked":"Black Star"}],"items_purged_floors":[],"is_endless":false,"potions_floor_spawned":[3,5,10,21],"killed_by":"Snake Plant","ascension_level":15}