{"gold_per_floor":[111,122,122,138,138,172,172,205,205,225,246,259,210,250,250,376,376,400,425,446,446,466,466,486,486,535,535,22,22,42,63,63,184,184,205,223,556,556,572,572,591,591,616,616,631,631,0,50,50,50],"floor_reached":50,"playtime":5600,"items_purged":["Strike_B"],"score":541,"play_id":"5be204dd-d640-49a8-804d-52958517b2f2","local_time":"20190224135943","is_ascension_mode":false,"campfire_choices":[{"data":"Zap","floor":7.0,"key":"SMITH"},{"floor":15.0,"key":"REST"},{"floor":23.0,"key":"REST"},{"data":"Buffer","floor":25.0,"key":"SMITH"},{"data":"Dualcast","floor":27.0,"key":"SMITH"},{"data":"Genetic Algorithm","floor":32.0,"key":"SMITH"},{"floor":40,"key":"REST"},{"data":"Gash","floor":42,"key":"SMITH"},{"data":"Gash","floor":46,"key":"SMITH"},{"data":"Gash","floor":49,"key":"SMITH"}],"neow_cost":"NONE","seed_source_timestamp":0,"circlet_count":0,"master_deck":["Defend_B","Defend_B","Defend_B","Zap+1","Dualcast+1","Streamline","FTL","Gash+1","Injury","Rebound","Melter","Static Discharge","Rebound","Gash+1","Lockon","Buffer+1","Steam+1","Redo+1","Buffer+1","Beam Cell+1","Turbo","Conserve Battery+1","Conserve Battery","Scrape","Gash","Genetic Algorithm+1","Gash+1","Stack","Glacier+1","All For One","Storm","Gash+1","Hologram+1","Cold Snap+1","Gash+1","Chill"],"special_seed":0,"relics":["Cracked Core","Pocketwatch","Bird Faced Urn","Ginger","Pantograph","Astrolabe","Potion Belt","DollysMirror","Nuclear Battery","Blood Vial","Red Mask","Nunchaku"],"potions_floor_usage":[50,50,50],"damage_taken":[{"damage":0.0,"enemies":"Jaw Worm","floor":1.0,"turns":3.0},{"damage":0.0,"enemies":"Small Slimes","floor":2.0,"turns":2.0},{"damage":0.0,"enemies":"Cultist","floor":4.0,"turns":3.0},{"damage":16.0,"enemies":"Lagavulin","floor":6.0,"turns":5.0},{"damage":25.0,"enemies":"3 Sentries","floor":8.0,"turns":6.0},{"damage":1.0,"enemies":"Exordium Wildlife","floor":10.0,"turns":4.0},{"damage":1.0,"enemies":"Large Slime","floor":11.0,"turns":4.0},{"damage":10.0,"enemies":"Looter","floor":12.0,"turns":3.0},{"damage":8.0,"enemies":"Gremlin Nob","floor":14.0,"turns":3.0},{"damage":11.0,"enemies":"Slime Boss","floor":16.0,"turns":5.0},{"damage":22.0,"enemies":"3 Byrds","floor":18.0,"turns":4.0},{"damage":10.0,"enemies":"2 Thieves","floor":19.0,"turns":4.0},{"damage":19.0,"enemies":"Cultist and Chosen","floor":20.0,"turns":5.0},{"damage":23.0,"enemies":"Chosen and Byrds","floor":22.0,"turns":6.0},{"damage":0.0,"enemies":"Snecko","floor":24.0,"turns":6.0},{"damage":9.0,"enemies":"Cultist and Chosen","floor":30.0,"turns":5.0},{"damage":0.0,"enemies":"Sentry and Sphere","floor":31.0,"turns":5.0},{"damage":59.0,"enemies":"Champ","floor":33.0,"turns":11.0},{"damage":20.0,"enemies":"Orb Walker","floor":35.0,"turns":3.0},{"damage":40.0,"enemies":"3 Darklings","floor":36.0,"turns":6.0},{"damage":9.0,"enemies":"Writhing Mass","floor":39.0,"turns":7.0},{"damage":0,"enemies":"Sphere and 2 Shapes","floor":41,"turns":4},{"damage":21,"enemies":"3 Darklings","floor":45,"turns":6},{"damage":19,"enemies":"2 Orb Walkers","floor":48,"turns":5},{"damage":83,"enemies":"Awakened One","floor":50,"turns":10}],"seed_played":"-7431042340096395785","potions_obtained":[{"floor":1.0,"key":"Weak Potion"},{"floor":2.0,"key":"SteroidPotion"},{"floor":8.0,"key":"Block Potion"},{"floor":10.0,"key":"FocusPotion"},{"floor":12.0,"key":"Explosive Potion"},{"floor":19.0,"key":"Weak Potion"},{"floor":20.0,"key":"PowerPotion"},{"floor":24.0,"key":"SteroidPotion"},{"floor":31.0,"key":"GamblersBrew"},{"floor":33.0,"key":"FearPotion"},{"floor":36.0,"key":"Regen Potion"},{"floor":39.0,"key":"Ancient Potion"},{"floor":45,"key":"Fire Potion"}],"is_trial":false,"path_per_floor":["M","M","?","M","?","E","R","E","T","M","M","M","?","E","R","B",null,"M","M","M","?","M","R","M","R","T","R","$","?","M","M","R","B",null,"M","M","?","?","M","R","M","R","T","?","M","R","?","?","R","B"],"character_chosen":"DEFECT","items_purchased":["Gash","Genetic Algorithm","DollysMirror","SkillPotion","Dexterity Potion"],"campfire_rested":3,"item_purchase_floors":[28,28,28,28,28],"current_hp_per_floor":[82,82,82,82,82,66,66,41,41,40,41,33,33,25,49,65,82,62,54,39,66,49,73,79,79,79,79,79,79,74,78,78,27,82,62,30,30,30,42,66,68,68,68,68,57,57,57,44,44,0],"gold":50,"neow_bonus":"TEN_PERCENT_HP_BONUS","is_prod":false,"is_daily":false,"chose_seed":false,"campfire_upgraded":7,"win_rate":0,"timestamp":1551034783,"path_taken":["M","M","?","M","?","E","R","E","T","M","M","M","?","E","R","BOSS","M","M","M","?","M","R","M","R","T","R","$","?","M","?","R","BOSS","M","M","?","?","M","R","M","R","T","?","?","R","?","?","R","BOSS"],"build_version":"2019-01-23","purchased_purges":1,"victory":false,"max_hp_per_floor":[82,82,82,82,82,82,82,82,82,82,82,82,82,82,82,82,82,82,82,82,82,82,82,82,82,82,82,82,82,82,82,82,82,82,82,82,82,82,82,82,82,82,82,82,82,82,82,82,82,82],"card_choices":[{"not_picked":["Recycle","Sunder"],"picked":"Streamline","floor":1.0},{"not_picked":["Scrape","Cold Snap"],"picked":"FTL","floor":2.0},{"not_picked":["Tempest","Cold Snap"],"picked":"Gash","floor":4.0},{"not_picked":["Scrape","Capacitor"],"picked":"Rebound","floor":6.0},{"not_picked":["Consume","Compile Driver"],"picked":"Melter","floor":8.0},{"not_picked":["Force Field","Sweeping Beam"],"picked":"Static Discharge","floor":10.0},{"not_picked":["Sunder","Redo"],"picked":"Rebound","floor":11.0},{"not_picked":["Doom and Gloom","Genetic Algorithm"],"picked":"Gash","floor":12.0},{"not_picked":["Stack","Chill"],"picked":"Lockon","floor":14.0},{"not_picked":["Creative AI","Machine Learning"],"picked":"Buffer","floor":16.0},{"not_picked":["Coolheaded","Doom and Gloom"],"picked":"Beam Cell+1","floor":18.0},{"not_picked":["Storm+1","Streamline"],"picked":"Turbo","floor":19.0},{"not_picked":["Static Discharge+1","FTL"],"picked":"Conserve Battery+1","floor":20.0},{"not_picked":["Leap","Redo+1"],"picked":"Conserve Battery","floor":22.0},{"not_picked":["Creative AI","Steam"],"picked":"Scrape","floor":24.0},{"not_picked":["Blizzard+1","Compile Driver"],"picked":"Stack","floor":30.0},{"not_picked":["Loop","Static Discharge"],"picked":"Glacier+1","floor":31.0},{"not_picked":["Creative AI","Core Surge"],"picked":"All For One","floor":33.0},{"not_picked":["Steam Power+1","Blizzard+1"],"picked":"Storm","floor":35.0},{"not_picked":["Beam Cell+1","Tempest+1"],"picked":"Gash+1","floor":36.0},{"not_picked":["Go for the Eyes","Redo"],"picked":"Hologram+1","floor":39.0},{"not_picked":["Streamline","Loop"],"picked":"Cold Snap+1","floor":41},{"not_picked":["Conserve Battery","Darkness+1","Hello World"],"picked":"SKIP","floor":45},{"not_picked":["Turbo","Stack+1"],"picked":"Chill","floor":48}],"player_experience":166110,"relics_obtained":[{"floor":6.0,"key":"Pocketwatch"},{"floor":8.0,"key":"Bird Faced Urn"},{"floor":9.0,"key":"Ginger"},{"floor":14.0,"key":"Pantograph"},{"floor":26.0,"key":"Potion Belt"},{"floor":43,"key":"Blood Vial"},{"floor":48,"key":"Nunchaku"}],"event_choices":[{"damage_healed":0.0,"max_hp_gain":0.0,"max_hp_loss":0.0,"gold_gain":0.0,"event_name":"Liars Game","player_choice":"Ignored","floor":3.0,"gold_loss":0.0,"damage_taken":0.0},{"damage_healed":0.0,"max_hp_gain":0.0,"max_hp_loss":0.0,"gold_gain":0.0,"event_name":"Golden Idol","player_choice":"Take Wound","floor":5.0,"gold_loss":0.0,"damage_taken":0.0,"relics_obtained":["Golden Idol"],"cards_obtained":["Injury"]},{"damage_healed":0.0,"max_hp_gain":0.0,"max_hp_loss":0.0,"gold_gain":0.0,"event_name":"World of Goop","player_choice":"Left Gold","floor":13.0,"gold_loss":49.0,"damage_taken":0.0},{"damage_healed":27.0,"max_hp_gain":0.0,"max_hp_loss":0.0,"gold_gain":0.0,"event_name":"The Library","player_choice":"Heal","floor":21.0,"gold_loss":0.0,"damage_taken":0.0},{"damage_healed":0.0,"max_hp_gain":0.0,"max_hp_loss":0.0,"gold_gain":0.0,"event_name":"Match and Keep!","player_choice":"0 cards matched","floor":29.0,"gold_loss":0.0,"damage_taken":0.0,"cards_obtained":[]},{"damage_healed":0.0,"max_hp_gain":0.0,"max_hp_loss":0.0,"gold_gain":333.0,"event_name":"The Moai Head","player_choice":"Gave Idol","floor":37.0,"relics_lost":["Golden Idol"],"gold_loss":0.0,"damage_taken":0.0},{"cards_removed":["Defend_B"],"damage_healed":0.0,"max_hp_gain":0.0,"max_hp_loss":0.0,"gold_gain":0.0,"event_name":"Falling","player_choice":"Removed Skill","floor":38.0,"gold_loss":0.0,"damage_taken":0.0},{"damage_healed":0,"gold_gain":0,"player_choice":"Copied","damage_taken":0,"max_hp_gain":0,"max_hp_loss":0,"event_name":"Duplicator","floor":44,"gold_loss":0,"cards_obtained":["Gash"]},{"damage_healed":0,"gold_gain":0,"player_choice":"Paid","damage_taken":0,"relics_obtained":["Red Mask"],"max_hp_gain":0,"max_hp_loss":0,"event_name":"Tomb of Lord Red Mask","floor":47,"gold_loss":631},{"damage_healed":0,"gold_gain":0,"player_choice":"Fight","damage_taken":0,"max_hp_gain":0,"max_hp_loss":0,"event_name":"Mysterious Sphere","floor":48,"gold_loss":0}],"is_beta":false,"boss_relics":[{"not_picked":["Fusion Hammer","Snecko Eye"],"picked":"Astrolabe"},{"not_picked":["White Beast Statue","Cursed Key"],"picked":"Nuclear Battery"}],"items_purged_floors":[28],"is_endless":false,"potions_floor_spawned":[1,2,8,10,12,19,20,24,31,33,36,39,45],"killed_by":"Awakened One","ascension_level":0}