{"gold_per_floor":[112,187,203,203,203,203,219,237,264,292,308,308,308,320,320,422,422,434,434,449,549,212,212,227,227,251,176,176,176,176,194,194,291,341,352,352,370,423,434,462,462,462,462,74,74,92,92,104,104,104],"floor_reached":50,"playtime":7251,"items_purged":["Escape Plan"],"score":545,"play_id":"34c166f3-e1ba-4ea5-921f-a394b7df5cc3","local_time":"20190213232543","is_ascension_mode":false,"campfire_choices":[{"data":"Terror","floor":6.0,"key":"SMITH"},{"floor":12.0,"key":"REST"},{"data":"Masterful Stab","floor":15.0,"key":"SMITH"},{"floor":23.0,"key":"REST"},{"floor":25.0,"key":"REST"},{"data":"Bite","floor":29.0,"key":"SMITH"},{"floor":32.0,"key":"REST"},{"floor":42,"key":"REST"},{"floor":47,"key":"REST"},{"floor":49,"key":"REST"}],"neow_cost":"NONE","seed_source_timestamp":0,"circlet_count":0,"master_deck":["Defend_G","Defend_G","Defend_G","Defend_G","Survivor","Neutralize","Slice","Terror+1","PiercingWail+1","Flying Knee","Flying Knee","Masterful Stab+1","Endless Agony+1","Outmaneuver+1","Distraction+1","Trip+1","Outmaneuver+1","Bite+1","Bite","Bite","Bite","Bite","Writhe","Dagger Spray+1","Venomology+1","Backflip+1","Sucker Punch+1","Backflip+1","Dagger Spray+1","Leg Sweep+1","Deflect+1","Deadly Poison+1","Blind+1","Blade Dance+1","Dodge and Roll+1","Well Laid Plans+1","Dodge and Roll+1","Blur+1"],"special_seed":0,"relics":["Ring of the Snake","Bronze Scales","Bag of Marbles","Oddly Smooth Stone","Empty Cage","Enchiridion","Mango","Toxic Egg 2","Centennial Puzzle","Ninja Scroll","Tiny House","Prayer Wheel","Blood Vial","Mummified Hand","Pantograph"],"potions_floor_usage":[50,50],"damage_taken":[{"damage":0.0,"enemies":"Jaw Worm","floor":1.0,"turns":6.0},{"damage":0.0,"enemies":"Small Slimes","floor":3.0,"turns":3.0},{"damage":0.0,"enemies":"2 Louse","floor":7.0,"turns":2.0},{"damage":0.0,"enemies":"Exordium Wildlife","floor":8.0,"turns":3.0},{"damage":17.0,"enemies":"3 Sentries","floor":10.0,"turns":10.0},{"damage":0.0,"enemies":"Blue Slaver","floor":11.0,"turns":3.0},{"damage":0.0,"enemies":"2 Fungi Beasts","floor":14.0,"turns":2.0},{"damage":59.0,"enemies":"The Guardian","floor":16.0,"turns":9.0},{"damage":0.0,"enemies":"Chosen","floor":18.0,"turns":3.0},{"damage":0.0,"enemies":"Shell Parasite","floor":20.0,"turns":3.0},{"damage":4.0,"enemies":"Colosseum Slavers","floor":21.0,"turns":3.0},{"damage":11.0,"enemies":"Colosseum Nobs","floor":21.0,"turns":5.0},{"damage":27.0,"enemies":"Shelled Parasite and Fungi","floor":24.0,"turns":4.0},{"damage":18.0,"enemies":"Snecko","floor":31.0,"turns":4.0},{"damage":59.0,"enemies":"Automaton","floor":33.0,"turns":10.0},{"damage":8,"enemies":"3 Shapes","floor":35,"turns":4},{"damage":3,"enemies":"3 Darklings","floor":37,"turns":4},{"damage":37,"enemies":"2 Orb Walkers","floor":38,"turns":5},{"damage":28,"enemies":"Spire Growth","floor":39,"turns":5},{"damage":26,"enemies":"Reptomancer","floor":40,"turns":8},{"damage":33,"enemies":"Maw","floor":46,"turns":9},{"damage":27,"enemies":"Sphere and 2 Shapes","floor":48,"turns":6},{"damage":80,"enemies":"Time Eater","floor":50,"turns":7}],"seed_played":"-661742500424322305","potions_obtained":[{"floor":7.0,"key":"Block Potion"},{"floor":8.0,"key":"Explosive Potion"},{"floor":11.0,"key":"Swift Potion"},{"floor":16.0,"key":"SkillPotion"},{"floor":18.0,"key":"Explosive Potion"},{"floor":31.0,"key":"Block Potion"},{"floor":33.0,"key":"SpeedPotion"}],"is_trial":false,"path_per_floor":["M","?","M","?","?","R","M","M","T","E","M","R","?","M","R","B",null,"M","?","M","?","$","R","M","R","T","?","?","R","?","M","R","B",null,"M","?","M","?","M","E","?","R","T","$","?","M","R","M","R","B"],"character_chosen":"THE_SILENT","items_purchased":["Ancient Potion","SmokeBomb","Trip+1","Pantograph","Blind+1","Blade Dance+1"],"campfire_rested":7,"item_purchase_floors":[22,22,22,44,44,44],"current_hp_per_floor":[70,59,59,59,64,64,64,64,64,47,47,69,69,69,69,10,75,75,59,59,58,58,84,57,83,83,83,62,62,62,47,62,21,67,60,77,75,46,26,14,14,37,37,37,37,21,44,28,51,0],"gold":104,"neow_bonus":"RANDOM_COMMON_RELIC","is_prod":false,"is_daily":false,"chose_seed":false,"campfire_upgraded":3,"win_rate":0.0,"timestamp":1550118343,"path_taken":["M","?","M","?","?","R","M","M","T","E","?","R","?","M","R","BOSS","M","?","M","?","$","R","M","R","T","?","?","R","?","M","R","BOSS","M","?","?","?","M","E","?","R","T","$","?","M","R","M","R","BOSS"],"build_version":"2019-01-23","purchased_purges":1,"victory":false,"max_hp_per_floor":[70,70,70,70,75,75,75,75,75,75,75,75,75,75,75,75,75,75,75,75,89,89,89,89,89,89,89,62,62,62,62,62,62,67,67,77,77,77,77,77,77,77,77,77,77,77,77,77,77,77],"card_choices":[{"not_picked":["Underhanded Strike","Flechettes"],"picked":"Slice","floor":1.0},{"not_picked":["Predator","Acrobatics"],"picked":"Terror","floor":3.0},{"not_picked":["Finisher","Heel Hook"],"picked":"PiercingWail","floor":7.0},{"not_picked":["PiercingWail","Deflect"],"picked":"Flying Knee","floor":8.0},{"not_picked":["Acrobatics","Crippling Poison"],"picked":"Escape Plan","floor":10.0},{"not_picked":["Tactician","Sucker Punch"],"picked":"Flying Knee","floor":11.0},{"not_picked":["Dodge and Roll","Poisoned Stab"],"picked":"Masterful Stab","floor":14.0},{"not_picked":["Unload","Glass Knife"],"picked":"Adrenaline","floor":16.0},{"not_picked":["Tactician","Acrobatics"],"picked":"Endless Agony+1","floor":18.0},{"not_picked":["Underhanded Strike","Eviscerate"],"picked":"Outmaneuver","floor":20.0},{"not_picked":["Flechettes","Escape Plan"],"picked":"Distraction","floor":21.0},{"not_picked":["Underhanded Strike+1","Blur+1"],"picked":"Outmaneuver+1","floor":24.0},{"not_picked":["Backflip+1","Dash"],"picked":"Dagger Spray+1","floor":31.0},{"not_picked":["Adrenaline+1","Glass Knife"],"picked":"Venomology+1","floor":33.0},{"not_picked":["Prepared+1","Quick Slash+1"],"picked":"Backflip+1","floor":34},{"not_picked":["Slice+1","Deadly Poison+1"],"picked":"Sucker Punch+1","floor":35},{"not_picked":["Blade Dance+1","Flying Knee+1"],"picked":"Backflip+1","floor":37},{"not_picked":["Venomology+1","Deadly Poison+1"],"picked":"Dagger Spray+1","floor":38},{"not_picked":["Flechettes","Backstab+1"],"picked":"Leg Sweep+1","floor":39},{"not_picked":["Choke","Slice+1"],"picked":"Deflect+1","floor":39},{"not_picked":["Skewer+1","Acrobatics+1"],"picked":"Deadly Poison+1","floor":40},{"not_picked":["Prepared+1","Quick Slash+1"],"picked":"Dodge and Roll+1","floor":46},{"not_picked":["Malaise+1","Flying Knee"],"picked":"Well Laid Plans+1","floor":46},{"not_picked":["Blade Dance+1","Prepared+1"],"picked":"Dodge and Roll+1","floor":48},{"not_picked":["Prepared+1","PiercingWail+1"],"picked":"Blur+1","floor":48}],"player_experience":72836,"relics_obtained":[{"floor":9.0,"key":"Bag of Marbles"},{"floor":10.0,"key":"Oddly Smooth Stone"},{"floor":19.0,"key":"Enchiridion"},{"floor":21.0,"key":"Mango"},{"floor":21.0,"key":"Toxic Egg 2"},{"floor":26.0,"key":"Centennial Puzzle"},{"floor":38,"key":"Prayer Wheel"},{"floor":40,"key":"Blood Vial"},{"floor":43,"key":"Mummified Hand"}],"event_choices":[{"damage_healed":0.0,"max_hp_gain":0.0,"max_hp_loss":0.0,"gold_gain":75.0,"event_name":"World of Goop","player_choice":"Gather Gold","floor":2.0,"gold_loss":0.0,"damage_taken":11.0},{"damage_healed":0.0,"max_hp_gain":0.0,"max_hp_loss":0.0,"gold_gain":0.0,"event_name":"Golden Wing","player_choice":"Ignored","floor":4.0,"gold_loss":0.0,"damage_taken":0.0},{"damage_healed":0.0,"max_hp_gain":5.0,"max_hp_loss":0.0,"gold_gain":0.0,"event_name":"Big Fish","player_choice":"Donut","floor":5.0,"gold_loss":0.0,"damage_taken":0.0},{"damage_healed":0.0,"max_hp_gain":0.0,"max_hp_loss":0.0,"gold_gain":0.0,"event_name":"Living Wall","player_choice":"Grow","floor":13.0,"gold_loss":0.0,"damage_taken":0.0,"cards_upgraded":["PiercingWail"]},{"damage_healed":0.0,"max_hp_gain":0.0,"max_hp_loss":0.0,"gold_gain":0.0,"event_name":"Cursed Tome","player_choice":"Obtained Book","floor":19.0,"gold_loss":0.0,"damage_taken":16.0},{"damage_healed":0.0,"max_hp_gain":0.0,"max_hp_loss":0.0,"gold_gain":0.0,"event_name":"Colosseum","player_choice":"Fight","floor":21.0,"gold_loss":0.0,"damage_taken":0.0},{"damage_healed":0.0,"max_hp_gain":0.0,"max_hp_loss":0.0,"gold_gain":0.0,"event_name":"Colosseum","player_choice":"Fought Nobs","floor":21.0,"gold_loss":0.0,"damage_taken":0.0},{"cards_removed":["Strike_G"],"damage_healed":0.0,"max_hp_gain":0.0,"max_hp_loss":0.0,"gold_gain":0.0,"event_name":"Beggar","player_choice":"Gave Gold","floor":27.0,"gold_loss":75.0,"damage_taken":0.0},{"damage_healed":0.0,"max_hp_gain":0.0,"max_hp_loss":27.0,"gold_gain":0.0,"event_name":"Vampires","player_choice":"Became a vampire","floor":28.0,"gold_loss":0.0,"damage_taken":0.0,"cards_obtained":["Bite","Bite","Bite","Bite","Bite"]},{"damage_healed":0.0,"max_hp_gain":0.0,"max_hp_loss":0.0,"gold_gain":0.0,"event_name":"The Mausoleum","player_choice":"Opened","floor":30.0,"gold_loss":0.0,"damage_taken":0.0,"relics_obtained":["Ninja Scroll"],"cards_obtained":["Writhe"]},{"cards_removed":["Adrenaline"],"damage_healed":7,"gold_gain":0,"player_choice":"Offered Rare","damage_taken":0,"max_hp_gain":10,"max_hp_loss":0,"event_name":"Bonfire Elementals","floor":36,"gold_loss":0},{"damage_healed":0,"gold_gain":0,"player_choice":"Fight","damage_taken":0,"max_hp_gain":0,"max_hp_loss":0,"event_name":"Mysterious Sphere","floor":38,"gold_loss":0},{"cards_removed":["Defend_G"],"damage_healed":0,"gold_gain":0,"player_choice":"Removed Skill","damage_taken":0,"max_hp_gain":0,"max_hp_loss":0,"event_name":"Falling","floor":41,"gold_loss":0},{"damage_healed":0,"gold_gain":0,"player_choice":"Bought 0 Potions","damage_taken":0,"max_hp_gain":0,"max_hp_loss":0,"event_name":"The Woman in Blue","floor":45,"gold_loss":0}],"is_beta":false,"boss_relics":[{"not_picked":["Black Star","Fusion Hammer"],"picked":"Empty Cage"},{"not_picked":["HoveringKite","Astrolabe"],"picked":"Tiny House"}],"items_purged_floors":[22],"is_endless":false,"potions_floor_spawned":[7,8,11,16,18,31,33,39,40,46],"killed_by":"Time Eater","ascension_level":0}