{"gold_per_floor":[113,131,143,143,154,154,164,199,252,283,7,20,39,52,52,151,151,169,169,185,116,133,159,159,176,476,476,490,490,506,522,522,620,620,635,230,244,144,144],"floor_reached":39,"playtime":2382,"items_purged":["Regret","Parasite"],"score":469,"play_id":"44474dff-b612-4436-a42a-43b003247ff3","local_time":"20181228020109","is_ascension_mode":false,"campfire_choices":[{"data":"Zap","floor":6,"key":"SMITH"},{"data":"Machine Learning","floor":15,"key":"SMITH"},{"floor":24,"key":"REST"},{"data":"Echo Form","floor":32,"key":"SMITH"}],"neow_cost":"NONE","seed_source_timestamp":556636250179179,"circlet_count":0,"master_deck":["Strike_B","Strike_B","Strike_B","Defend_B","Defend_B","Defend_B","Zap+1","Dualcast","Coolheaded","Cold Snap","Melter","Defend_G","Self Repair","Ball Lightning","Machine Learning+1","Buffer","Conserve Battery","Capacitor","Glacier","Coolheaded","Echo Form+1","Rebound","Buffer","Heatsinks","Ball Lightning+1","Reboot","Redo+1","Double Energy+1","Loop","Aggregate+1","Compile Driver+1","Machine Learning","Clumsy","Beam Cell+1","Consume"],"relics":["Nuclear Battery","Pantograph","Bottled Lightning","Mummified Hand","Sozu","Bottled Flame","Bronze Scales","Old Coin","MutagenicStrength","Calling Bell","Juzu Bracelet","Shuriken","Torii","Incense Burner"],"potions_floor_usage":[8,23,28,28],"damage_taken":[{"damage":1,"enemies":"Cultist","floor":1,"turns":4},{"damage":0,"enemies":"2 Louse","floor":2,"turns":3},{"damage":6,"enemies":"Small Slimes","floor":3,"turns":3},{"damage":15,"enemies":"3 Louse","floor":5,"turns":3},{"damage":0,"enemies":"Looter","floor":7,"turns":3},{"damage":30,"enemies":"Gremlin Nob","floor":8,"turns":5},{"damage":11,"enemies":"3 Sentries","floor":10,"turns":7},{"damage":1,"enemies":"Blue Slaver","floor":12,"turns":3},{"damage":0,"enemies":"3 Louse","floor":13,"turns":4},{"damage":1,"enemies":"Looter","floor":14,"turns":3},{"damage":14,"enemies":"The Guardian","floor":16,"turns":16},{"damage":8,"enemies":"2 Thieves","floor":18,"turns":5},{"damage":13,"enemies":"Chosen","floor":20,"turns":7},{"damage":3,"enemies":"Snake Plant","floor":22,"turns":6},{"damage":53,"enemies":"Slavers","floor":23,"turns":5},{"damage":18,"enemies":"Centurion and Healer","floor":25,"turns":7},{"damage":3,"enemies":"Chosen and Byrds","floor":28,"turns":4},{"damage":3,"enemies":"Cultist and Chosen","floor":30,"turns":7},{"damage":0,"enemies":"Snecko","floor":31,"turns":6},{"damage":16,"enemies":"Collector","floor":33,"turns":14},{"damage":2,"enemies":"3 Shapes","floor":35,"turns":5},{"damage":6,"enemies":"Orb Walker","floor":37,"turns":3},{"damage":87,"enemies":"2 Orb Walkers","floor":39,"turns":6}],"seed_played":"-8911666772709909289","potions_obtained":[{"floor":3,"key":"Weak Potion"},{"floor":8,"key":"EssenceOfSteel"},{"floor":12,"key":"EssenceOfSteel"},{"floor":13,"key":"AttackPotion"}],"is_trial":false,"path_per_floor":["M","M","M","?","M","R","M","E","T","E","$","M","M","M","R","B",null,"M","T","M","$","M","E","R","M","T","?","M","?","M","M","R","B",null,"M","$","M","$","?"],"character_chosen":"DEFECT","items_purchased":["Mummified Hand","Conserve Battery","Heatsinks","Consume","Incense Burner"],"campfire_rested":1,"item_purchase_floors":[11,11,21,36,36],"current_hp_per_floor":[74,74,68,68,53,53,60,37,37,33,33,39,46,52,52,68,75,75,75,69,69,73,27,49,38,38,38,42,42,53,60,60,66,75,75,75,75,72,0],"gold":144,"neow_bonus":"BOSS_RELIC","is_prod":false,"is_daily":false,"chose_seed":false,"campfire_upgraded":3,"win_rate":0,"timestamp":1545955269,"path_taken":["M","?","M","?","M","R","M","E","T","E","?","M","M","M","R","BOSS","M","?","M","$","M","E","R","M","T","?","M","?","M","M","R","BOSS","M","$","M","$","?"],"build_version":"2018-12-20","purchased_purges":2,"victory":false,"max_hp_per_floor":[75,75,75,75,75,75,75,75,75,75,75,75,75,75,75,75,75,75,75,75,75,75,75,75,75,75,75,75,75,75,75,75,75,75,75,75,75,72,72],"card_choices":[{"not_picked":["Consume","Sweeping Beam"],"picked":"Coolheaded","floor":1},{"not_picked":["Conserve Battery","Static Discharge"],"picked":"Cold Snap","floor":2},{"not_picked":["Leap","Gash"],"picked":"Melter","floor":3},{"not_picked":["Barrage","White Noise"],"picked":"Self Repair","floor":5},{"not_picked":["Compile Driver","Steam"],"picked":"Ball Lightning","floor":7},{"not_picked":["Conserve Battery","Self Repair"],"picked":"Machine Learning","floor":8},{"not_picked":["Thunder Strike","Buffer","Darkness"],"picked":"SKIP","floor":10},{"not_picked":["Thunder Strike","Darkness"],"picked":"Buffer","floor":10},{"not_picked":["Darkness","Beam Cell"],"picked":"Capacitor","floor":12},{"not_picked":["FTL","Coolheaded"],"picked":"Glacier","floor":13},{"not_picked":["Skim","Steam"],"picked":"Coolheaded","floor":14},{"not_picked":["Thunder Strike","Multi-Cast"],"picked":"Echo Form","floor":16},{"not_picked":["Steam","Sweeping Beam"],"picked":"Rebound","floor":18},{"not_picked":["Tempest+1","Steam"],"picked":"Buffer","floor":20},{"not_picked":["Lockon","Cold Snap"],"picked":"Ball Lightning+1","floor":22},{"not_picked":["Sweeping Beam","Static Discharge"],"picked":"Reboot","floor":23},{"not_picked":["Steam","Rip and Tear"],"picked":"Redo+1","floor":25},{"not_picked":["Compile Driver","Darkness"],"picked":"Double Energy+1","floor":28},{"not_picked":["Darkness","Scrape"],"picked":"Aggregate+1","floor":30},{"not_picked":["Coolheaded","Rip and Tear"],"picked":"Compile Driver+1","floor":31},{"not_picked":["Reboot","All For One"],"picked":"Machine Learning","floor":33},{"not_picked":["Sweeping Beam","Compile Driver+1"],"picked":"Beam Cell+1","floor":35},{"not_picked":["Gash+1","Barrage","Steam"],"picked":"SKIP","floor":37}],"player_experience":34193,"relics_obtained":[{"floor":8,"key":"Pantograph"},{"floor":10,"key":"Bottled Lightning"},{"floor":19,"key":"Bottled Flame"},{"floor":23,"key":"Bronze Scales"},{"floor":26,"key":"Old Coin"},{"floor":34,"key":"Juzu Bracelet"},{"floor":34,"key":"Shuriken"},{"floor":34,"key":"Torii"}],"event_choices":[{"cards_removed":["Defend_B"],"damage_healed":0,"gold_gain":0,"player_choice":"Took Card","damage_taken":0,"max_hp_gain":0,"max_hp_loss":0,"event_name":"NoteForYourself","floor":4,"gold_loss":0,"cards_obtained":["Defend_G"]},{"damage_healed":0,"gold_gain":0,"player_choice":"Inject Mutagens","damage_taken":0,"relics_obtained":["MutagenicStrength"],"max_hp_gain":0,"max_hp_loss":0,"event_name":"Drug Dealer","floor":27,"gold_loss":0},{"damage_healed":0,"gold_gain":0,"cards_transformed":["Strike_B"],"player_choice":"Transformed","damage_taken":0,"max_hp_gain":0,"max_hp_loss":0,"event_name":"Transmorgrifier","floor":29,"gold_loss":0,"cards_obtained":["Loop"]},{"damage_healed":0,"gold_gain":0,"player_choice":"Fight","damage_taken":0,"max_hp_gain":0,"max_hp_loss":0,"event_name":"Mysterious Sphere","floor":39,"gold_loss":0}],"is_beta":false,"boss_relics":[{"not_picked":["Velvet Choker","Astrolabe"],"picked":"Sozu"},{"not_picked":["Snecko Eye","Philosopher\u0027s Stone"],"picked":"Calling Bell"}],"items_purged_floors":[36,38],"is_endless":false,"potions_floor_spawned":[3,8,12,13,14,18,22,23,25,33,37],"killed_by":"2 Orb Walkers","ascension_level":0}