{"path_per_floor":["M","?","$","M","?","R","M","E","T","M","E","M","E","M","R","B",null,"M","?","$","?","$","R","M","M","T","M","E","?","M","?","R"],"character_chosen":"IRONCLAD","items_purchased":["Disarm","Champion Belt"],"gold_per_floor":[112,112,2,19,19,19,30,63,89,109,143,154,179,196,196,298,298,312,312,16,16,16,16,32,47,115,131,160,160,173,173,173,173],"floor_reached":33,"campfire_rested":1,"playtime":3183,"current_hp_per_floor":[80,68,68,68,68,68,74,63,63,55,53,53,34,26,52,8,87,87,43,43,43,43,43,39,32,32,38,35,35,34,43,43,0],"items_purged":["Defend_R"],"gold":173,"score":312,"play_id":"ac02be97-6ced-4948-aaab-0c093f162271","local_time":"20180421213312","is_prod":false,"is_daily":false,"chose_seed":false,"is_ascension_mode":false,"campfire_upgraded":3,"timestamp":1524342792,"path_taken":["M","?","?","M","?","R","M","E","T","M","E","?","E","M","R","BOSS","M","?","$","?","?","R","M","?","T","M","E","?","M","?","R","BOSS"],"build_version":"2018-04-19","seed_source_timestamp":0,"purchased_purges":1,"victory":false,"master_deck":["Strike_R","Strike_R","Strike_R","Strike_R","Strike_R","Defend_R","Defend_R","Defend_R","Bash","Seeing Red","Disarm","Thunderclap+1","Twin Strike","Dropkick","Corruption","Immolate","Headbutt+1","Ghostly+1","Ghostly+1","Ghostly","Ghostly","Ghostly","Metallicize","Disarm+1","Seeing Red+1"],"max_hp_per_floor":[80,80,80,80,80,80,80,87,87,87,87,87,87,87,87,87,87,87,43,43,43,43,43,43,43,43,43,43,43,43,43,43,43],"relics":["Burning Blood","Bag of Marbles","Strawberry","Orichalcum","Mummified Hand","Darkstone Periapt","Runic Dome","Champion Belt","Toxic Egg 2","Anchor"],"card_choices":[{"not_picked":["Cleave","Flex"],"picked":"Seeing Red","floor":1.0},{"not_picked":["Twin Strike","Intimidate"],"picked":"Thunderclap","floor":4.0},{"not_picked":["Sword Boomerang","Entrench"],"picked":"Twin Strike","floor":7.0},{"not_picked":["Seeing Red","Reaper"],"picked":"Dropkick","floor":8.0},{"not_picked":["Twin Strike","True Grit"],"picked":"Corruption","floor":13.0},{"not_picked":["Double Tap","Fiend Fire"],"picked":"Immolate","floor":16.0},{"not_picked":["Flex","Iron Wave"],"picked":"Headbutt","floor":18.0},{"not_picked":["Flex","Warcry"],"picked":"Metallicize","floor":25},{"not_picked":["Headbutt","Clothesline"],"picked":"Disarm","floor":27},{"not_picked":["Infernal Blade","Anger"],"picked":"Seeing Red","floor":28}],"player_experience":35347,"potions_floor_usage":[],"damage_taken":[{"damage":5.0,"enemies":"Jaw Worm","floor":1.0,"turns":5.0},{"damage":6.0,"enemies":"Small Slimes","floor":4.0,"turns":4.0},{"damage":0.0,"enemies":"Cultist","floor":7.0,"turns":2.0},{"damage":24.0,"enemies":"3 Sentries","floor":8.0,"turns":8.0},{"damage":14.0,"enemies":"Exordium Thugs","floor":10.0,"turns":5.0},{"damage":8.0,"enemies":"Gremlin Nob","floor":11.0,"turns":3.0},{"damage":6.0,"enemies":"3 Louse","floor":12.0,"turns":3.0},{"damage":25.0,"enemies":"Lagavulin","floor":13.0,"turns":6.0},{"damage":14.0,"enemies":"Large Slime","floor":14.0,"turns":5.0},{"damage":50.0,"enemies":"Slime Boss","floor":16.0,"turns":11.0},{"damage":0.0,"enemies":"3 Byrds","floor":18.0,"turns":4.0},{"damage":10.0,"enemies":"Shell Parasite","floor":24.0,"turns":6.0},{"damage":13,"enemies":"Snecko","floor":25,"turns":6},{"damage":0,"enemies":"Centurion and Healer","floor":27,"turns":7},{"damage":9,"enemies":"Gremlin Leader","floor":28,"turns":8},{"damage":7,"enemies":"Chosen and Byrds","floor":30,"turns":7},{"damage":44,"enemies":"Champ","floor":33,"turns":11}],"event_choices":[{"event_name":"Scrap Ooze","player_choice":"success","floor":2.0,"damage_taken":12.0},{"event_name":"The Cleric","player_choice":"Leave","floor":5.0,"damage_taken":0.0},{"event_name":"Ghosts","player_choice":"Became a Ghost","floor":19.0,"damage_taken":0.0},{"event_name":"Beggar","player_choice":"Ignored","floor":21.0,"damage_taken":0.0},{"event_name":"The Lab","player_choice":"Got Potions","floor":29,"damage_taken":0},{"event_name":"The Library","player_choice":"Heal","floor":31,"damage_taken":0}],"boss_relics":[],"potions_floor_spawned":[4,7,10,11,16,18,24,28],"seed_played":"4015668039172846589","killed_by":"Champ","ascension_level":0,"is_trial":false}