{"path_per_floor":["M","M","M","?","?","R","?","R","T","$","M","M","E","M","R","B",null,"M","$","?","M","$","E","M"],"character_chosen":"IRONCLAD","items_purchased":["Champion Belt","Darkstone Periapt"],"gold_per_floor":[369,382,399,399,399,399,399,399,399,38,63,87,120,138,138,267,267,285,47,47,62,62,106,129,129],"floor_reached":25,"campfire_rested":0,"playtime":939,"current_hp_per_floor":[77,80,80,73,73,73,53,53,53,53,53,59,57,57,57,31,80,67,67,67,58,58,16,46,25],"items_purged":["Strike_R"],"gold":129,"score":223,"play_id":"fb8a033d-c890-4367-9a70-e6bb4b1e7f23","local_time":"20180411224002","is_prod":false,"is_daily":false,"is_ascension_mode":false,"campfire_upgraded":3,"timestamp":1523482802,"path_taken":["M","?","M","?","?","R","?","R","T","$","M","M","E","M","R","BOSS","M","$","?","?","$","E","M","M"],"build_version":"2018-04-05v2","purchased_purges":3,"victory":false,"master_deck":["Strike_R","Strike_R","Strike_R","Strike_R","Defend_R","Defend_R","Defend_R","Bash","Rage","Thunderclap+1","Whirlwind+1","Berserk","Shockwave+1","Double Tap","Juggernaut","Rage+1","Warcry","Headbutt+1"],"max_hp_per_floor":[80,80,80,80,80,80,80,80,80,80,80,80,80,80,80,80,80,80,80,80,80,80,80,80,80],"relics":["Burning Blood","Golden Idol","Ginger","Champion Belt","Pen Nib","Lizard Tail","Darkstone Periapt","Vajra","Mummified Hand"],"card_choices":[{"not_picked":["Perfected Strike","Ghostly Armor"],"picked":"Rage","floor":1},{"not_picked":["Iron Wave","Twin Strike"],"picked":"Thunderclap","floor":2},{"not_picked":["Warcry","Heavy Blade"],"picked":"Whirlwind","floor":3},{"not_picked":["Iron Wave","Flame Barrier"],"picked":"Shockwave","floor":11},{"not_picked":["Armaments","True Grit"],"picked":"Double Tap","floor":13},{"not_picked":["Impervious","Fiend Fire"],"picked":"Juggernaut","floor":16},{"not_picked":["Corruption","Flex"],"picked":"Rage","floor":18},{"not_picked":["Rampage","Dual Wield"],"picked":"Warcry","floor":21},{"not_picked":["Flex","Twin Strike"],"picked":"Headbutt","floor":24}],"player_experience":22911,"potions_floor_usage":[23,24],"damage_taken":[{"damage":9,"enemies":"Cultist","floor":1,"turns":4},{"damage":2,"enemies":"2 Louse","floor":2,"turns":3},{"damage":5,"enemies":"Jaw Worm","floor":3,"turns":3},{"damage":6,"enemies":"Red Slaver","floor":11,"turns":3},{"damage":0,"enemies":"Blue Slaver","floor":12,"turns":2},{"damage":8,"enemies":"3 Sentries","floor":13,"turns":3},{"damage":6,"enemies":"Gremlin Gang","floor":14,"turns":2},{"damage":32,"enemies":"Slime Boss","floor":16,"turns":7},{"damage":19,"enemies":"Shell Parasite","floor":18,"turns":5},{"damage":15,"enemies":"Spheric Guardian","floor":21,"turns":4},{"damage":48,"enemies":"Book of Stabbing","floor":23,"turns":6},{"damage":29,"enemies":"Snecko","floor":24,"turns":5},{"damage":21,"enemies":"Snake Plant","floor":25,"turns":2}],"event_choices":[{"event_name":"Golden Wing","player_choice":"Card Removal","floor":4,"damage_taken":0},{"event_name":"Transmorgrifier","player_choice":"Transform","floor":5,"damage_taken":0},{"event_name":"Golden Idol","player_choice":"Take Damage","floor":7,"damage_taken":0},{"event_name":"Accursed Blacksmith","player_choice":"Rummage","floor":20,"damage_taken":0}],"boss_relics":[{"not_picked":["Astrolabe","Cursed Key"],"picked":"Lizard Tail"}],"potions_floor_spawned":[3,14,16,24],"seed_played":"6260899028434290895","killed_by":"Snake Plant","ascension_level":0,"is_trial":false}