{"gold_per_floor":[117,67,85,85,85,115,168,168,214,234,252,252,263,275,275,379,379,389,409,107,107,32,32],"floor_reached":23,"playtime":1079,"items_purged":["Defend_G"],"score":248,"play_id":"a1962ded-379c-4219-89fa-c002a0048af8","local_time":"20190208161826","is_ascension_mode":true,"campfire_choices":[{"floor":8,"key":"REST"},{"floor":12,"key":"REST"},{"floor":15,"key":"REST"}],"neow_cost":"NONE","seed_source_timestamp":2347146589736380,"circlet_count":0,"master_deck":["Defend_G","Defend_G","Defend_G","Strike_G","Strike_G","Strike_G","Survivor","Neutralize","Blade Dance","Infinite Blades","Dagger Throw","Accuracy","Sucker Punch","Accuracy","Backflip","Corpse Explosion","Dodge and Roll","Backflip+1","Noxious Fumes"],"relics":["Ring of the Snake","Bag of Marbles","Happy Flower","Blue Candle","Oddly Smooth Stone","Snake Skull","Cursed Key","PreservedInsect"],"potions_floor_usage":[16],"damage_taken":[{"damage":3,"enemies":"2 Louse","floor":1,"turns":2},{"damage":0,"enemies":"Small Slimes","floor":3,"turns":2},{"damage":36,"enemies":"Gremlin Nob","floor":6,"turns":5},{"damage":0,"enemies":"Jaw Worm","floor":10,"turns":2},{"damage":14,"enemies":"3 Louse","floor":11,"turns":4},{"damage":1,"enemies":"2 Fungi Beasts","floor":13,"turns":3},{"damage":0,"enemies":"Blue Slaver","floor":14,"turns":3},{"damage":11,"enemies":"Slime Boss","floor":16,"turns":9},{"damage":4,"enemies":"2 Thieves","floor":18,"turns":2},{"damage":7,"enemies":"Spheric Guardian","floor":19,"turns":4},{"damage":43,"enemies":"Gremlin Leader","floor":23,"turns":2}],"seed_played":"459322911651959346","potions_obtained":[{"floor":6,"key":"Dexterity Potion"},{"floor":11,"key":"Energy Potion"},{"floor":14,"key":"Energy Potion"},{"floor":16,"key":"Energy Potion"},{"floor":19,"key":"Poison Potion"}],"is_trial":false,"path_per_floor":["M","?","M","?","?","E","T","R","T","M","M","R","M","M","R","B",null,"M","M","$","?","?","E"],"character_chosen":"THE_SILENT","items_purchased":["PreservedInsect","Noxious Fumes"],"campfire_rested":3,"item_purchase_floors":[20,20],"current_hp_per_floor":[60,60,60,60,53,17,17,38,38,38,24,45,44,44,65,54,66,62,55,55,39,39,0],"gold":32,"neow_bonus":"RANDOM_COMMON_RELIC","is_prod":false,"is_daily":false,"chose_seed":false,"campfire_upgraded":0,"win_rate":0,"timestamp":1549671506,"path_taken":["M","?","M","?","?","E","?","R","T","?","M","R","M","M","R","BOSS","M","M","$","?","?","E"],"build_version":"2019-01-23","purchased_purges":1,"victory":false,"max_hp_per_floor":[70,70,70,70,70,70,70,70,70,70,70,70,70,70,70,70,70,70,70,70,70,70,70],"card_choices":[{"not_picked":["Expertise","Eviscerate"],"picked":"Blade Dance","floor":1},{"not_picked":["Dodge and Roll","Blade Dance"],"picked":"Infinite Blades","floor":3},{"not_picked":["Quick Slash","Deflect"],"picked":"Accuracy","floor":6},{"not_picked":["Escape Plan","Setup"],"picked":"Sucker Punch","floor":10},{"not_picked":["Underhanded Strike","Poisoned Stab"],"picked":"Accuracy","floor":11},{"not_picked":["Outmaneuver","PiercingWail","Setup"],"picked":"SKIP","floor":13},{"not_picked":["Eviscerate","Quick Slash"],"picked":"Backflip","floor":14},{"not_picked":["Venomology","Doppelganger"],"picked":"Corpse Explosion","floor":16},{"not_picked":["Sucker Punch","Outmaneuver"],"picked":"Dodge and Roll","floor":18},{"not_picked":["Finisher","Prepared"],"picked":"Backflip+1","floor":19}],"player_experience":285663,"relics_obtained":[{"floor":6,"key":"Blue Candle"},{"floor":7,"key":"Oddly Smooth Stone"},{"floor":9,"key":"Snake Skull"}],"event_choices":[{"cards_removed":["Strike_G"],"damage_healed":0,"gold_gain":0,"player_choice":"Card Removal","damage_taken":0,"max_hp_gain":0,"max_hp_loss":0,"event_name":"The Cleric","floor":2,"gold_loss":50},{"damage_healed":0,"gold_gain":0,"cards_transformed":["Defend_G"],"player_choice":"Change","damage_taken":0,"max_hp_gain":0,"max_hp_loss":0,"event_name":"Living Wall","floor":4,"gold_loss":0,"cards_obtained":["Dagger Throw"]},{"damage_healed":0,"gold_gain":0,"player_choice":"Success","damage_taken":7,"relics_obtained":["Happy Flower"],"max_hp_gain":0,"max_hp_loss":0,"event_name":"Scrap Ooze","floor":5,"gold_loss":0},{"damage_healed":0,"gold_gain":0,"player_choice":"Obtained Book","damage_taken":16,"max_hp_gain":0,"max_hp_loss":0,"event_name":"Cursed Tome","floor":21,"gold_loss":0},{"cards_removed":["Strike_G"],"damage_healed":0,"gold_gain":0,"player_choice":"Gave Gold","damage_taken":0,"max_hp_gain":0,"max_hp_loss":0,"event_name":"Beggar","floor":22,"gold_loss":75}],"is_beta":false,"boss_relics":[{"not_picked":["Ectoplasm","White Beast Statue"],"picked":"Cursed Key"}],"items_purged_floors":[20],"is_endless":false,"potions_floor_spawned":[6,11,14,16,19],"killed_by":"Gremlin Leader","ascension_level":6}