{"gold_per_floor":[110,110,42,68,30,30,62,62,62,72,72,72,147,147,147,249,249,268,468,483,483,483,515,515,183,234,234],"floor_reached":27,"playtime":913,"items_purged":["Decay"],"score":375,"play_id":"a05cb7bd-0de9-420f-a8c3-3bdbfa288d0a","local_time":"20190215002931","is_ascension_mode":true,"campfire_choices":[{"data":"Zap","floor":6,"key":"SMITH"},{"data":"Tempest","floor":12,"key":"SMITH"},{"floor":15,"key":"REST"}],"neow_cost":"NONE","seed_source_timestamp":86349286259970,"circlet_count":0,"master_deck":["Defend_B","Defend_B","Defend_B","Zap+1","Dualcast","Compile Driver","Defragment+1","Storm+1","Rip and Tear","Beam Cell","Tempest+1","Go for the Eyes","Biased Cognition+1","Injury","Force Field","Stack","Bite","Bite","Bite","Bite","Bite","Shame","Machine Learning+1","Rip and Tear+1"],"relics":["Cracked Core","NeowsBlessing","Frozen Egg 2","Juzu Bracelet","Dream Catcher","Mummified Hand","Calling Bell","Oddly Smooth Stone","Letter Opener","Girya","Emotion Chip","Kunai","Bag of Marbles"],"potions_floor_usage":[20,23],"damage_taken":[{"damage":0,"enemies":"2 Louse","floor":1,"turns":1},{"damage":0,"enemies":"3 Sentries","floor":7,"turns":1},{"damage":0,"enemies":"Cultist","floor":8,"turns":1},{"damage":0,"enemies":"Small Slimes","floor":10,"turns":2},{"damage":24,"enemies":"The Guardian","floor":16,"turns":8},{"damage":24,"enemies":"Shell Parasite","floor":18,"turns":4},{"damage":5,"enemies":"2 Thieves","floor":20,"turns":2},{"damage":38,"enemies":"Book of Stabbing","floor":23,"turns":5},{"damage":6,"enemies":"Chosen and Byrds","floor":27,"turns":1}],"seed_played":"-6239543635955934830","potions_obtained":[{"floor":1,"key":"FearPotion"},{"floor":10,"key":"SkillPotion"},{"floor":20,"key":"Energy Potion"},{"floor":23,"key":"Dexterity Potion"}],"is_trial":false,"path_per_floor":["M","?","$","T","$","R","E","M","T","M","?","R","?","?","R","B",null,"M","?","M","?","?","E","?","$","T","M"],"character_chosen":"DEFECT","items_purchased":["Defragment+1","Storm+1","Kunai"],"campfire_rested":1,"item_purchase_floors":[3,5,25],"current_hp_per_floor":[68,68,68,68,68,68,68,68,68,68,68,68,61,66,80,56,74,50,50,45,45,45,15,6,6,6,0],"gold":234,"neow_bonus":"THREE_ENEMY_KILL","is_prod":false,"is_daily":false,"chose_seed":false,"campfire_upgraded":2,"win_rate":0,"timestamp":1550219371,"path_taken":["M","?","$","?","$","R","E","M","T","M","?","R","?","?","R","BOSS","M","?","M","?","?","E","?","$","T","M"],"build_version":"2019-01-23","purchased_purges":1,"victory":false,"max_hp_per_floor":[75,75,75,75,75,75,75,75,75,75,75,75,75,80,80,80,80,80,80,80,56,56,56,61,61,61,61],"card_choices":[{"not_picked":["Aggregate","Tempest"],"picked":"Compile Driver","floor":1},{"not_picked":["Sunder","Genetic Algorithm"],"picked":"Rip and Tear","floor":7},{"not_picked":["Coolheaded","Barrage","Hologram"],"picked":"SKIP","floor":8},{"not_picked":["Skim","Turbo"],"picked":"Beam Cell","floor":10},{"not_picked":["Steam","Stack"],"picked":"Go for the Eyes","floor":15},{"not_picked":["Reboot","Amplify"],"picked":"Biased Cognition+1","floor":16},{"not_picked":["Beam Cell","Compile Driver+1"],"picked":"Force Field","floor":18},{"not_picked":["Compile Driver","Reinforced Body"],"picked":"Stack","floor":20},{"not_picked":["Redo","Stack"],"picked":"Rip and Tear+1","floor":23}],"player_experience":401636,"relics_obtained":[{"floor":4,"key":"Juzu Bracelet"},{"floor":7,"key":"Dream Catcher"},{"floor":9,"key":"Mummified Hand"},{"floor":17,"key":"Oddly Smooth Stone"},{"floor":17,"key":"Letter Opener"},{"floor":17,"key":"Girya"},{"floor":23,"key":"Emotion Chip"},{"floor":26,"key":"Bag of Marbles"}],"event_choices":[{"damage_healed":0,"gold_gain":0,"player_choice":"Gave Potion","damage_taken":0,"relics_obtained":["Frozen Egg 2"],"max_hp_gain":0,"max_hp_loss":0,"event_name":"WeMeetAgain","floor":2,"gold_loss":0},{"damage_healed":0,"gold_gain":0,"cards_transformed":["Strike_B"],"player_choice":"Change","damage_taken":0,"max_hp_gain":0,"max_hp_loss":0,"event_name":"Living Wall","floor":11,"gold_loss":0,"cards_obtained":["Tempest"]},{"damage_healed":0,"gold_gain":75,"player_choice":"Touch","damage_taken":7,"max_hp_gain":0,"max_hp_loss":0,"event_name":"FaceTrader","floor":13,"gold_loss":0},{"damage_healed":0,"gold_gain":0,"player_choice":"Donut","damage_taken":0,"max_hp_gain":5,"max_hp_loss":0,"event_name":"Big Fish","floor":14,"gold_loss":0},{"damage_healed":0,"gold_gain":200,"player_choice":"Gold","damage_taken":0,"max_hp_gain":0,"max_hp_loss":0,"event_name":"Wheel of Change","floor":19,"gold_loss":0},{"damage_healed":0,"gold_gain":0,"player_choice":"Became a vampire","damage_taken":0,"max_hp_gain":0,"max_hp_loss":24,"event_name":"Vampires","floor":21,"gold_loss":0,"cards_obtained":["Bite","Bite","Bite","Bite","Bite"]},{"damage_healed":0,"gold_gain":0,"cards_transformed":["Pain","Defend_B"],"player_choice":"Became Test Subject","damage_taken":0,"max_hp_gain":0,"max_hp_loss":0,"event_name":"Drug Dealer","floor":22,"gold_loss":0,"cards_obtained":["Shame","Machine Learning"]},{"damage_healed":0,"gold_gain":0,"player_choice":"Shed Blood","damage_taken":14,"max_hp_gain":5,"max_hp_loss":0,"event_name":"Forgotten Altar","floor":24,"gold_loss":0}],"is_beta":false,"boss_relics":[{"not_picked":["Coffee Dripper","Pandora\u0027s Box"],"picked":"Calling Bell"}],"items_purged_floors":[25],"is_endless":false,"potions_floor_spawned":[1,10,20,23],"killed_by":"Chosen and Byrds","ascension_level":8}