{"gold_per_floor":[110,110,110,126,145,183,183,214,239,239,239,257,276,295,295,419,419,443,48,48,69,69,103,48,48,102,146,167,191,224,248,248,374,374,397,397,397,397,463,496,496,509,583,614,639,662,662,677,677,677],"floor_reached":50,"playtime":4817,"items_purged":[],"score":1008,"play_id":"e57452bf-a5de-46b2-9113-e06527d9009c","local_time":"20190221231905","is_ascension_mode":true,"campfire_choices":[{"floor":7.0,"key":"REST"},{"floor":11.0,"key":"REST"},{"floor":15.0,"key":"RECALL"},{"floor":32.0,"key":"REST"},{"floor":41.0,"key":"REST"},{"floor":47,"key":"REST"},{"floor":49,"key":"REST"}],"neow_cost":"NONE","seed_source_timestamp":531320492621963,"circlet_count":0,"master_deck":["AscendersBane","Defend_G","Defend_G","Defend_G","Defend_G","Defend_G","Strike_G","Strike_G","Strike_G","Strike_G","Survivor","Neutralize","Backstab","Footwork","Blade Dance","Dodge and Roll","Dagger Throw","Infinite Blades","Deadly Poison","Envenom","Corpse Explosion","Apotheosis","Dagger Throw","Ghostly","Ghostly","Ghostly","Ghostly","Ghostly","Noxious Fumes+1","Choke","Cloak And Dagger","Cloak And Dagger","Dodge and Roll+1","Leg Sweep+1","Adrenaline+1","Blade Dance+1","Writhe","Master of Strategy+1","Bouncing Flask+1","Deflect+1"],"special_seed":0,"relics":["Fusion Hammer","Strawberry","Golden Idol","PreservedInsect","Bottled Tornado","Oddly Smooth Stone","Black Star","TwistedFunnel","Pen Nib","Ancient Tea Set","Tiny Chest","Snake Skull","Bronze Scales","Dodecahedron","Shuriken","Toxic Egg 2","Busted Crown","Ginger","Anchor","Vajra","Sundial","Singing Bowl","FossilizedHelix"],"potions_floor_usage":[46,48,50],"damage_taken":[{"damage":1.0,"enemies":"Small Slimes","floor":1.0,"turns":4.0},{"damage":0.0,"enemies":"Jaw Worm","floor":4.0,"turns":4.0},{"damage":0.0,"enemies":"Cultist","floor":5.0,"turns":4.0},{"damage":10.0,"enemies":"Lagavulin","floor":6.0,"turns":8.0},{"damage":24.0,"enemies":"3 Sentries","floor":8.0,"turns":9.0},{"damage":0.0,"enemies":"Looter","floor":12.0,"turns":3.0},{"damage":0.0,"enemies":"2 Fungi Beasts","floor":13.0,"turns":4.0},{"damage":0.0,"enemies":"Blue Slaver","floor":14.0,"turns":3.0},{"damage":34.0,"enemies":"Hexaghost","floor":16.0,"turns":10.0},{"damage":6.0,"enemies":"Chosen","floor":18.0,"turns":6.0},{"damage":22.0,"enemies":"Spheric Guardian","floor":21.0,"turns":6.0},{"damage":20.0,"enemies":"Slavers","floor":23.0,"turns":2.0},{"damage":1.0,"enemies":"Book of Stabbing","floor":27.0,"turns":6.0},{"damage":2.0,"enemies":"3 Cultists","floor":28.0,"turns":5.0},{"damage":10.0,"enemies":"Centurion and Healer","floor":29.0,"turns":6.0},{"damage":0.0,"enemies":"Gremlin Leader","floor":30.0,"turns":4.0},{"damage":0.0,"enemies":"Snecko","floor":31.0,"turns":4.0},{"damage":12.0,"enemies":"Collector","floor":33.0,"turns":8.0},{"damage":0.0,"enemies":"3 Darklings","floor":35.0,"turns":2.0},{"damage":0.0,"enemies":"2 Orb Walkers","floor":39.0,"turns":4.0},{"damage":1.0,"enemies":"Giant Head","floor":40.0,"turns":7.0},{"damage":0.0,"enemies":"3 Shapes","floor":42.0,"turns":4.0},{"damage":34.0,"enemies":"Reptomancer","floor":44.0,"turns":5.0},{"damage":1.0,"enemies":"Writhing Mass","floor":45.0,"turns":5.0},{"damage":0,"enemies":"Maw","floor":46,"turns":7},{"damage":0,"enemies":"3 Darklings","floor":48,"turns":4},{"damage":39,"enemies":"Time Eater","floor":50,"turns":8}],"seed_played":"2342440573585639633","potions_obtained":[{"floor":4.0,"key":"SkillPotion"},{"floor":5.0,"key":"Swift Potion"},{"floor":6.0,"key":"Swift Potion"},{"floor":12.0,"key":"Energy Potion"},{"floor":18.0,"key":"PowerPotion"},{"floor":23.0,"key":"Energy Potion"},{"floor":30.0,"key":"EssenceOfSteel"},{"floor":31.0,"key":"Strength Potion"},{"floor":35.0,"key":"SpeedPotion"},{"floor":44.0,"key":"Explosive Potion"},{"floor":46,"key":"PowerPotion"}],"is_trial":false,"path_per_floor":["M","?","?","M","M","E","R","E","T","?","R","M","M","M","R","B",null,"M","$","?","M","?","E","?","$","T","E","M","M","E","M","R","B",null,"M","?","?","?","?","E","R","M","T","E","M","M","R","M","R","B"],"character_chosen":"THE_SILENT","items_purchased":["Apotheosis","TwistedFunnel"],"campfire_rested":6,"item_purchase_floors":[19,19],"current_hp_per_floor":[62,66,47,47,47,37,60,36,36,61,77,77,77,77,77,43,69,63,63,63,41,38,18,18,18,18,17,15,5,5,5,16,4,30,30,30,38,38,38,37,38,38,38,6,7,9,22,24,37,0],"gold":677,"neow_bonus":"BOSS_RELIC","is_prod":false,"is_daily":false,"chose_seed":false,"campfire_upgraded":0,"win_rate":0,"timestamp":1550819945,"path_taken":["M","?","?","M","M","E","R","E","T","?","R","M","M","M","R","BOSS","M","$","?","?","?","E","?","?","T","E","M","?","E","M","R","BOSS","M","?","?","?","?","E","R","M","T","E","?","M","R","M","R","BOSS"],"build_version":"2019-01-23","purchased_purges":0,"victory":false,"max_hp_per_floor":[70,77,77,77,77,77,77,77,77,77,77,77,77,77,77,77,77,77,77,77,77,38,38,38,38,38,38,38,38,38,38,38,38,38,38,38,38,38,38,38,38,38,38,40,42,44,44,46,46,46],"card_choices":[{"not_picked":["Dagger Spray","Masterful Stab"],"picked":"Backstab","floor":1.0},{"not_picked":["Masterful Stab","Prepared"],"picked":"Footwork","floor":4.0},{"not_picked":["Bane","Backstab"],"picked":"Blade Dance","floor":5.0},{"not_picked":["Skewer","Terror"],"picked":"Dodge and Roll","floor":6.0},{"not_picked":["Escape Plan","Deadly Poison"],"picked":"Dagger Throw","floor":8.0},{"not_picked":["Dagger Spray","Dagger Throw"],"picked":"Infinite Blades","floor":12.0},{"not_picked":["Skewer","Prepared"],"picked":"Deadly Poison","floor":13.0},{"not_picked":["Crippling Poison","Dodge and Roll"],"picked":"Envenom","floor":14.0},{"not_picked":["Night Terror","Bullet Time"],"picked":"Corpse Explosion","floor":16.0},{"not_picked":["Riddle With Holes","Acrobatics"],"picked":"Prepared+1","floor":18.0},{"not_picked":["Deflect","Eviscerate"],"picked":"Dagger Throw","floor":21.0},{"not_picked":["Caltrops","Catalyst"],"picked":"Noxious Fumes+1","floor":23.0},{"not_picked":["Heel Hook","Finisher+1"],"picked":"Choke","floor":27.0},{"not_picked":["Outmaneuver","Footwork"],"picked":"Cloak And Dagger","floor":28.0},{"not_picked":["Blade Dance","Grand Finale"],"picked":"Cloak And Dagger","floor":29.0},{"not_picked":["Prepared","PiercingWail"],"picked":"Dodge and Roll","floor":30.0},{"not_picked":["Crippling Poison+1","Prepared+1"],"picked":"Leg Sweep+1","floor":31.0},{"not_picked":["Grand Finale","Tools of the Trade"],"picked":"Adrenaline+1","floor":33.0},{"not_picked":[],"picked":"Blade Dance+1","floor":35.0},{"not_picked":[],"picked":"Master of Strategy+1","floor":38.0},{"not_picked":[],"picked":"Bouncing Flask+1","floor":39.0},{"not_picked":[],"picked":"Deflect+1","floor":40.0},{"not_picked":["Infinite Blades"],"picked":"SKIP","floor":42.0},{"not_picked":["Sucker Punch+1"],"picked":"Singing Bowl","floor":44.0},{"not_picked":["Noxious Fumes"],"picked":"Singing Bowl","floor":45.0},{"not_picked":["Deflect+1"],"picked":"Singing Bowl","floor":46},{"not_picked":["Poisoned Stab"],"picked":"Singing Bowl","floor":48}],"player_experience":468069,"relics_obtained":[{"floor":6.0,"key":"PreservedInsect"},{"floor":8.0,"key":"Bottled Tornado"},{"floor":9.0,"key":"Oddly Smooth Stone"},{"floor":23.0,"key":"Pen Nib"},{"floor":23.0,"key":"Ancient Tea Set"},{"floor":26.0,"key":"Snake Skull"},{"floor":27.0,"key":"Bronze Scales"},{"floor":27.0,"key":"Dodecahedron"},{"floor":30.0,"key":"Shuriken"},{"floor":30.0,"key":"Toxic Egg 2"},{"floor":39.0,"key":"Ginger"},{"floor":40.0,"key":"Anchor"},{"floor":40.0,"key":"Vajra"},{"floor":43.0,"key":"Sundial"},{"floor":44.0,"key":"Singing Bowl"},{"floor":44.0,"key":"FossilizedHelix"}],"event_choices":[{"damage_healed":0.0,"max_hp_gain":0.0,"max_hp_loss":0.0,"gold_gain":0.0,"event_name":"Scrap Ooze","player_choice":"Success","floor":2.0,"gold_loss":0.0,"damage_taken":3.0,"relics_obtained":["Strawberry"]},{"damage_healed":0.0,"max_hp_gain":0.0,"max_hp_loss":0.0,"gold_gain":0.0,"event_name":"Golden Idol","player_choice":"Take Damage","floor":3.0,"gold_loss":0.0,"damage_taken":19.0,"relics_obtained":["Golden Idol"]},{"damage_healed":25.0,"max_hp_gain":0.0,"max_hp_loss":0.0,"gold_gain":0.0,"event_name":"Big Fish","player_choice":"Banana","floor":10.0,"gold_loss":0.0,"damage_taken":0.0},{"cards_removed":["Strike_G"],"damage_healed":0.0,"max_hp_gain":0.0,"max_hp_loss":0.0,"gold_gain":0.0,"event_name":"Bonfire Elementals","player_choice":"Offered Basic","floor":20.0,"gold_loss":0.0,"damage_taken":0.0},{"damage_healed":0.0,"max_hp_gain":0.0,"max_hp_loss":39.0,"gold_gain":0.0,"event_name":"Ghosts","player_choice":"Became a Ghost","floor":22.0,"gold_loss":0.0,"damage_taken":0.0,"cards_obtained":["Ghostly","Ghostly","Ghostly","Ghostly","Ghostly"]},{"damage_healed":0.0,"max_hp_gain":0.0,"max_hp_loss":0.0,"gold_gain":0.0,"event_name":"Addict","player_choice":"Obtained Relic","floor":24.0,"gold_loss":85.0,"damage_taken":0.0,"relics_obtained":["Tiny Chest"]},{"cards_removed":["Prepared"],"damage_healed":0.0,"max_hp_gain":0.0,"max_hp_loss":0.0,"gold_gain":0.0,"event_name":"Falling","player_choice":"Removed Skill","floor":36.0,"gold_loss":0.0,"damage_taken":0.0},{"damage_healed":10.0,"max_hp_gain":0.0,"max_hp_loss":0.0,"gold_gain":0.0,"event_name":"Winding Halls","player_choice":"Writhe","floor":37.0,"gold_loss":0.0,"damage_taken":0.0,"cards_obtained":["Writhe"]},{"damage_healed":0.0,"max_hp_gain":0.0,"max_hp_loss":0.0,"gold_gain":0.0,"event_name":"SensoryStone","player_choice":"Memory 1","floor":38.0,"gold_loss":0.0,"damage_taken":0.0},{"damage_healed":0.0,"max_hp_gain":0.0,"max_hp_loss":0.0,"gold_gain":0.0,"event_name":"Mysterious Sphere","player_choice":"Fight","floor":39.0,"gold_loss":0.0,"damage_taken":0.0}],"is_beta":false,"boss_relics":[{"not_picked":["Empty Cage","Velvet Choker"],"picked":"Black Star"},{"not_picked":["Calling Bell","HoveringKite"],"picked":"Busted Crown"}],"items_purged_floors":[],"is_endless":false,"potions_floor_spawned":[4,5,6,12,18,23,30,31,35,44,46],"killed_by":"Time Eater","ascension_level":10}