{"gold_per_floor":[16,16,35,54,54,54,54,54,79,93,105,130,145,145,145,240,240,260,260,260,278,85,96,96,107,107,107,107,140,156,81,81,186,186,199,211,111,128,128,128,148,161,161,172,172,82,95,112,112,112],"floor_reached":51,"playtime":962,"items_purged":["Strike_R","Corruption"],"score":748,"play_id":"29af138a-380f-4da8-a388-660673454c8d","local_time":"20190225162055","is_ascension_mode":false,"campfire_choices":[{"data":"Armaments","floor":6,"key":"SMITH"},{"data":"Uppercut","floor":8,"key":"SMITH"},{"data":"Whirlwind","floor":15,"key":"SMITH"},{"data":"Immolate","floor":24,"key":"SMITH"},{"data":"Immolate","floor":28,"key":"SMITH"},{"data":"Heavy Blade","floor":32,"key":"SMITH"},{"data":"Inflame","floor":40,"key":"SMITH"},{"floor":45,"key":"REST"},{"floor":49,"key":"REST"}],"neow_cost":"NO_GOLD","seed_source_timestamp":11521928776826,"circlet_count":0,"master_deck":["Bash","Uppercut+1","Heavy Blade+1","Uppercut+1","Armaments+1","Headbutt","Headbutt","Whirlwind+1","Inflame+1","Immolate+1","Shockwave+1","Immolate+1","Seeing Red+1","Burning Pact+1","Bludgeon","Iron Wave","Infernal Blade+1","Sever Soul+1","Inflame","Havoc+1"],"relics":["Burning Blood","Bag of Marbles","Dream Catcher","Kunai","Mark of Pain","Matryoshka","MutagenicStrength","DollysMirror","War Paint","Singing Bowl","Happy Flower","Sundial","Toxic Egg 2","Pandora\u0027s Box","Pantograph"],"potions_floor_usage":[12,16,33,33,48,50],"damage_taken":[{"damage":1,"enemies":"2 Louse","floor":1,"turns":3},{"damage":3,"enemies":"Jaw Worm","floor":3,"turns":3},{"damage":2,"enemies":"Cultist","floor":4,"turns":4},{"damage":19,"enemies":"Large Slime","floor":10,"turns":4},{"damage":9,"enemies":"Blue Slaver","floor":11,"turns":2},{"damage":6,"enemies":"Lagavulin","floor":12,"turns":5},{"damage":8,"enemies":"Exordium Wildlife","floor":13,"turns":4},{"damage":0,"enemies":"Slime Boss","floor":16,"turns":5},{"damage":2,"enemies":"Chosen","floor":18,"turns":3},{"damage":4,"enemies":"Shell Parasite","floor":21,"turns":4},{"damage":21,"enemies":"Sentry and Sphere","floor":23,"turns":5},{"damage":1,"enemies":"Snecko","floor":25,"turns":4},{"damage":16,"enemies":"Book of Stabbing","floor":29,"turns":4},{"damage":10,"enemies":"Chosen and Byrds","floor":30,"turns":3},{"damage":47,"enemies":"Collector","floor":33,"turns":8},{"damage":11,"enemies":"Orb Walker","floor":35,"turns":2},{"damage":0,"enemies":"3 Darklings","floor":36,"turns":2},{"damage":34,"enemies":"Writhing Mass","floor":38,"turns":3},{"damage":14,"enemies":"Transient","floor":41,"turns":5},{"damage":12,"enemies":"Spire Growth","floor":42,"turns":3},{"damage":28,"enemies":"Jaw Worm Horde","floor":44,"turns":3},{"damage":1,"enemies":"4 Shapes","floor":47,"turns":1},{"damage":17,"enemies":"Writhing Mass","floor":48,"turns":3},{"damage":50,"enemies":"Donu and Deca","floor":50,"turns":5}],"seed_played":"1749152145657823146","potions_obtained":[{"floor":1,"key":"Block Potion"},{"floor":10,"key":"SpeedPotion"},{"floor":11,"key":"Strength Potion"},{"floor":29,"key":"SkillPotion"},{"floor":30,"key":"AttackPotion"},{"floor":33,"key":"Poison Potion"},{"floor":36,"key":"SpeedPotion"},{"floor":44,"key":"SteroidPotion"}],"is_trial":false,"path_per_floor":["M","?","M","M","?","R","?","R","T","M","M","E","M","?","R","B",null,"M","?","?","M","$","M","R","M","T","T","R","E","M","$","R","B",null,"M","M","$","M","?","R","M","M","T","M","R","?","M","M","R","B",null],"character_chosen":"IRONCLAD","items_purchased":["DollysMirror"],"campfire_rested":2,"item_purchase_floors":[22],"current_hp_per_floor":[80,38,41,45,71,71,71,71,71,58,55,55,53,37,37,43,80,80,80,80,80,80,65,65,70,70,70,70,60,58,58,58,17,82,79,86,86,60,60,60,54,50,50,30,58,58,65,56,87,56],"gold":112,"neow_bonus":"TRANSFORM_TWO_CARDS","is_prod":false,"is_daily":false,"chose_seed":false,"campfire_upgraded":7,"win_rate":0,"timestamp":1551133255,"path_taken":["M","?","M","M","?","R","?","R","T","M","M","E","?","?","R","BOSS","M","?","?","M","?","M","R","M","T","?","R","E","M","?","R","BOSS","M","M","$","M","?","R","M","M","T","M","R","?","M","M","R","BOSS"],"build_version":"2019-01-23","purchased_purges":2,"victory":true,"max_hp_per_floor":[80,80,80,80,80,80,80,80,80,80,80,80,80,80,80,80,80,80,80,80,80,80,80,80,80,80,80,80,80,82,82,82,82,82,84,86,86,88,88,88,90,92,92,94,94,94,96,98,100,100],"card_choices":[{"not_picked":["Carnage","Infernal Blade"],"picked":"Corruption","floor":1},{"not_picked":["Carnage","Fire Breathing"],"picked":"Uppercut","floor":3},{"not_picked":["Pommel Strike","Anger"],"picked":"Armaments","floor":4},{"not_picked":["Perfected Strike","Havoc"],"picked":"Headbutt","floor":10},{"not_picked":["Havoc","Twin Strike"],"picked":"Headbutt","floor":11},{"not_picked":["Fire Breathing","Body Slam"],"picked":"Whirlwind","floor":12},{"not_picked":["Thunderclap","Sword Boomerang"],"picked":"Inflame","floor":13},{"not_picked":["Impervious","Berserk"],"picked":"Immolate","floor":16},{"not_picked":["Sword Boomerang","Twin Strike"],"picked":"Shockwave+1","floor":18},{"not_picked":["Burning Pact","Pommel Strike+1","Twin Strike"],"picked":"SKIP","floor":21},{"not_picked":["Whirlwind","Body Slam"],"picked":"Seeing Red+1","floor":23},{"not_picked":["Sword Boomerang","Fire Breathing","Perfected Strike"],"picked":"SKIP","floor":25},{"not_picked":["Anger+1","Warcry"],"picked":"Burning Pact+1","floor":29},{"not_picked":["Heavy Blade","Perfected Strike","Dark Embrace"],"picked":"Singing Bowl","floor":30},{"not_picked":["Brutality","Dark Embrace"],"picked":"Bludgeon","floor":33},{"not_picked":["Flame Barrier+1","Pommel Strike+1","Flex+1"],"picked":"Singing Bowl","floor":35},{"not_picked":["Rupture","Flex+1","Rage+1"],"picked":"SKIP","floor":36},{"not_picked":["Rupture","Flex+1","Rage+1"],"picked":"Singing Bowl","floor":36},{"not_picked":["Whirlwind","Evolve+1","Havoc+1"],"picked":"Singing Bowl","floor":38},{"not_picked":["Cleave","Twin Strike+1","Carnage+1"],"picked":"Singing Bowl","floor":41},{"not_picked":["Twin Strike+1","Corruption","Blood for Blood+1"],"picked":"Singing Bowl","floor":42},{"not_picked":["Wild Strike+1","Clothesline","Thunderclap"],"picked":"Singing Bowl","floor":44},{"not_picked":["Warcry+1","Shrug It Off+1"],"picked":"Havoc+1","floor":45},{"not_picked":["Thunderclap","True Grit+1","Immolate"],"picked":"Singing Bowl","floor":47},{"not_picked":["Feel No Pain","Armaments+1","Second Wind+1"],"picked":"Singing Bowl","floor":48},{"not_picked":["Anger","Corruption","Shrug It Off+1"],"picked":"Singing Bowl","floor":49}],"player_experience":924551,"relics_obtained":[{"floor":9,"key":"Dream Catcher"},{"floor":12,"key":"Kunai"},{"floor":26,"key":"War Paint"},{"floor":26,"key":"Singing Bowl"},{"floor":27,"key":"Happy Flower"},{"floor":27,"key":"Sundial"},{"floor":29,"key":"Toxic Egg 2"},{"floor":43,"key":"Pantograph"}],"event_choices":[{"damage_healed":0,"gold_gain":0,"player_choice":"Success","damage_taken":42,"relics_obtained":["Bag of Marbles"],"max_hp_gain":0,"max_hp_loss":0,"event_name":"Scrap Ooze","floor":2,"gold_loss":0},{"damage_healed":26,"gold_gain":0,"player_choice":"Banana","damage_taken":0,"max_hp_gain":0,"max_hp_loss":0,"event_name":"Big Fish","floor":5,"gold_loss":0},{"damage_healed":0,"gold_gain":0,"player_choice":"Upgraded","damage_taken":0,"max_hp_gain":0,"max_hp_loss":0,"event_name":"Upgrade Shrine","floor":7,"gold_loss":0,"cards_upgraded":["Uppercut"]},{"damage_healed":0,"gold_gain":0,"player_choice":"Entered Light","damage_taken":16,"max_hp_gain":0,"max_hp_loss":0,"event_name":"Shining Light","floor":14,"gold_loss":0,"cards_upgraded":["Defend_R","Defend_R"]},{"damage_healed":0,"gold_gain":0,"player_choice":"Opened","damage_taken":0,"relics_obtained":["Matryoshka"],"max_hp_gain":0,"max_hp_loss":0,"event_name":"The Mausoleum","floor":19,"gold_loss":0},{"damage_healed":0,"gold_gain":0,"player_choice":"Inject Mutagens","damage_taken":0,"relics_obtained":["MutagenicStrength"],"max_hp_gain":0,"max_hp_loss":0,"event_name":"Drug Dealer","floor":20,"gold_loss":0},{"cards_removed":["Inflame"],"damage_healed":0,"gold_gain":0,"player_choice":"Removed Power","damage_taken":0,"max_hp_gain":0,"max_hp_loss":0,"event_name":"Falling","floor":39,"gold_loss":0},{"cards_removed":["Twin Strike"],"damage_healed":0,"gold_gain":0,"player_choice":"Upgrade and Remove","damage_taken":0,"max_hp_gain":0,"max_hp_loss":0,"event_name":"Designer","floor":46,"gold_loss":90,"cards_upgraded":["Sever Soul"]}],"is_beta":false,"boss_relics":[{"not_picked":["Black Star","Astrolabe"],"picked":"Mark of Pain"},{"not_picked":["Tiny House","Calling Bell"],"picked":"Pandora\u0027s Box"}],"items_purged_floors":[31,37],"is_endless":false,"potions_floor_spawned":[1,10,11,29,30,33,36,38,44],"ascension_level":0}