{"gold_per_floor":[115,190,190,204,204,234,252,252,252,272,292,292,292,203,203,299,299,319,319,27,27,27,27,27,37,37,37,54,68,68,95,95,200,200,216,226,236,236,236],"floor_reached":39,"playtime":4327,"items_purged":[],"score":479,"play_id":"cd07807f-d893-44d3-ae2c-16c99379cf71","local_time":"20190211034511","is_ascension_mode":true,"campfire_choices":[{"floor":8.0,"key":"REST"},{"data":"Neutralize","floor":13.0,"key":"SMITH"},{"floor":15.0,"key":"REST"},{"data":"Infinite Blades","floor":23.0,"key":"SMITH"},{"data":"Caltrops","floor":27.0,"key":"SMITH"},{"floor":30.0,"key":"REST"},{"data":"Footwork","floor":32.0,"key":"SMITH"}],"neow_cost":"NONE","seed_source_timestamp":1063388106367199,"circlet_count":0,"master_deck":["Defend_G","Defend_G","Defend_G","Defend_G","Defend_G","Strike_G","Strike_G","Strike_G","Strike_G","Survivor","Neutralize+1","Tools of the Trade","Outmaneuver","Prepared","Quick Slash","Caltrops+1","Sucker Punch","PiercingWail","Acrobatics","Infinite Blades+1","Envenom","Underhanded Strike","Setup","Dagger Spray","Writhe","Poisoned Stab+1","Footwork+1","Leg Sweep","Blade Dance+1","Escape Plan+1","Footwork+1"],"special_seed":0,"relics":["Ring of the Snake","Dodecahedron","Mummified Hand","Shuriken","Smiling Mask","Busted Crown","Pantograph","Omamori","Gremlin Horn","Matryoshka","Sozu"],"potions_floor_usage":[],"damage_taken":[{"damage":0.0,"enemies":"Small Slimes","floor":1.0,"turns":6.0},{"damage":0.0,"enemies":"2 Louse","floor":4.0,"turns":4.0},{"damage":46.0,"enemies":"3 Sentries","floor":6.0,"turns":15.0},{"damage":0.0,"enemies":"Cultist","floor":7.0,"turns":4.0},{"damage":5.0,"enemies":"Gremlin Gang","floor":10.0,"turns":6.0},{"damage":7.0,"enemies":"2 Fungi Beasts","floor":11.0,"turns":4.0},{"damage":28.0,"enemies":"Slime Boss","floor":16.0,"turns":8.0},{"damage":17.0,"enemies":"Chosen","floor":18.0,"turns":5.0},{"damage":11.0,"enemies":"3 Byrds","floor":25.0,"turns":4.0},{"damage":7.0,"enemies":"3 Cultists","floor":28.0,"turns":5.0},{"damage":27.0,"enemies":"Snake Plant","floor":29.0,"turns":5.0},{"damage":15.0,"enemies":"Book of Stabbing","floor":31.0,"turns":5.0},{"damage":14.0,"enemies":"Automaton","floor":33.0,"turns":10.0},{"damage":26.0,"enemies":"3 Darklings","floor":35.0,"turns":5.0},{"damage":2.0,"enemies":"3 Shapes","floor":36.0,"turns":17.0},{"damage":15.0,"enemies":"Jaw Worm Horde","floor":37.0,"turns":5.0},{"damage":41,"enemies":"Spire Growth","floor":39,"turns":3}],"seed_played":"5504662231269867636","potions_obtained":[{"floor":6.0,"key":"FearPotion"},{"floor":10.0,"key":"PowerPotion"},{"floor":18.0,"key":"Block Potion"},{"floor":33.0,"key":"FairyPotion"}],"is_trial":false,"path_per_floor":["M","?","?","M","?","E","M","R","T","M","M","?","R","$","R","B",null,"M","?","$","$","?","R","?","M","T","R","M","M","R","E","R","B",null,"M","M","M","?","M"],"character_chosen":"THE_SILENT","items_purchased":["Acrobatics","Infinite Blades","Dagger Spray","Pantograph"],"campfire_rested":3,"item_purchase_floors":[14,14,20,20],"current_hp_per_floor":[70,59,59,59,59,13,13,34,34,29,22,15,15,15,36,8,70,53,53,53,53,53,53,53,42,42,42,35,8,29,14,14,25,70,44,42,27,27,0],"gold":236,"neow_bonus":"ONE_RANDOM_RARE_CARD","is_prod":false,"is_daily":false,"chose_seed":false,"campfire_upgraded":4,"win_rate":0,"timestamp":1549853111,"path_taken":["M","?","?","M","?","E","?","R","T","?","M","?","R","$","R","BOSS","M","?","?","$","?","R","?","M","T","R","M","?","R","E","R","BOSS","M","?","M","?","M"],"build_version":"2019-01-23","purchased_purges":0,"victory":false,"max_hp_per_floor":[70,70,70,70,70,70,70,70,70,70,70,70,70,70,70,70,70,70,70,70,70,70,70,70,70,70,70,70,70,70,70,70,70,70,70,70,70,70,70],"card_choices":[{"not_picked":["Poisoned Stab","Infinite Blades"],"picked":"Outmaneuver","floor":1.0},{"not_picked":["Sucker Punch","Bane"],"picked":"Prepared","floor":4.0},{"not_picked":["Glass Knife","Predator"],"picked":"Quick Slash","floor":6.0},{"not_picked":["Prepared","Slice"],"picked":"Caltrops","floor":7.0},{"not_picked":["Dagger Throw","Deflect"],"picked":"Sucker Punch","floor":10.0},{"not_picked":["Poisoned Stab","Quick Slash"],"picked":"PiercingWail","floor":11.0},{"not_picked":["Corpse Explosion","Wraith Form v2"],"picked":"Envenom","floor":16.0},{"not_picked":[],"picked":"Underhanded Strike","floor":18.0},{"not_picked":[],"picked":"Poisoned Stab+1","floor":25.0},{"not_picked":[],"picked":"Footwork","floor":28.0},{"not_picked":[],"picked":"Leg Sweep","floor":29.0},{"not_picked":[],"picked":"Blade Dance+1","floor":31.0},{"not_picked":["Poisoned Stab"],"picked":"SKIP","floor":35.0},{"not_picked":[],"picked":"Escape Plan+1","floor":36.0},{"not_picked":[],"picked":"Footwork+1","floor":37.0}],"player_experience":107101,"relics_obtained":[{"floor":6.0,"key":"Mummified Hand"},{"floor":9.0,"key":"Shuriken"},{"floor":26.0,"key":"Gremlin Horn"},{"floor":31.0,"key":"Matryoshka"}],"event_choices":[{"damage_healed":0.0,"max_hp_gain":0.0,"max_hp_loss":0.0,"gold_gain":75.0,"event_name":"World of Goop","player_choice":"Gather Gold","floor":2.0,"gold_loss":0.0,"damage_taken":11.0},{"damage_healed":0.0,"max_hp_gain":0.0,"max_hp_loss":0.0,"gold_gain":0.0,"event_name":"Big Fish","player_choice":"Box","floor":3.0,"gold_loss":0.0,"damage_taken":0.0,"relics_obtained":["Dodecahedron"],"cards_obtained":["Regret"]},{"cards_removed":["Regret"],"damage_healed":0.0,"max_hp_gain":0.0,"max_hp_loss":0.0,"gold_gain":0.0,"event_name":"Purifier","player_choice":"Purged","floor":5.0,"gold_loss":0.0,"damage_taken":0.0},{"damage_healed":0.0,"max_hp_gain":0.0,"max_hp_loss":0.0,"gold_gain":0.0,"event_name":"Scrap Ooze","player_choice":"Success","floor":12.0,"gold_loss":0.0,"damage_taken":7.0,"relics_obtained":["Smiling Mask"]},{"damage_healed":0.0,"max_hp_gain":0.0,"max_hp_loss":0.0,"gold_gain":0.0,"cards_transformed":["Strike_G"],"event_name":"Transmorgrifier","player_choice":"Transformed","floor":19.0,"gold_loss":0.0,"damage_taken":0.0,"cards_obtained":["Setup"]},{"damage_healed":0.0,"max_hp_gain":0.0,"max_hp_loss":0.0,"gold_gain":0.0,"event_name":"Ghosts","player_choice":"Ignored","floor":22.0,"gold_loss":0.0,"damage_taken":0.0},{"damage_healed":0.0,"max_hp_gain":0.0,"max_hp_loss":0.0,"gold_gain":0.0,"event_name":"The Mausoleum","player_choice":"Opened","floor":24.0,"gold_loss":0.0,"damage_taken":0.0,"relics_obtained":["Omamori"],"cards_obtained":["Writhe"]},{"damage_healed":0.0,"max_hp_gain":0.0,"max_hp_loss":0.0,"gold_gain":0.0,"event_name":"SensoryStone","player_choice":"Memory 1","floor":38.0,"gold_loss":0.0,"damage_taken":0.0}],"is_beta":false,"boss_relics":[{"not_picked":["Runic Dome","Eternal Feather"],"picked":"Busted Crown"},{"not_picked":["Philosopher\u0027s Stone","WristBlade"],"picked":"Sozu"}],"items_purged_floors":[],"is_endless":false,"potions_floor_spawned":[6,10,18,33],"killed_by":"Spire Growth","ascension_level":4}