{"gold_per_floor":[20,20,33,45,60,94,113,44,44,44,59,85,85,85,85,185,185,201,201,213,213,228,228,253,272,298,298,315,334,354,279,279,375,375,387,397,287,303,17,48,94,94,94,113,113,148,148,165,165,165],"floor_reached":51,"playtime":2716,"items_purged":["Doppelganger"],"score":766,"play_id":"49c564f3-2905-45a0-aab0-272c3c5e6a37","local_time":"20190104225801","is_ascension_mode":false,"campfire_choices":[{"data":"A Thousand Cuts","floor":13.0,"key":"SMITH"},{"data":"Caltrops","floor":15.0,"key":"SMITH"},{"data":"Neutralize","floor":32,"key":"SMITH"},{"floor":45,"key":"REST"},{"data":"Bullet Time","floor":49,"key":"SMITH"}],"neow_cost":"NO_GOLD","seed_source_timestamp":7513452018500,"circlet_count":0,"master_deck":["Survivor","Neutralize+1","Prepared","Masterful Stab","Cloak And Dagger","A Thousand Cuts+1","Acrobatics","Dash","Dagger Spray","Caltrops+1","Corpse Explosion","PiercingWail+1","Backflip+1","Bane+1","Caltrops","Bullet Time+1","Endless Agony","Outmaneuver","Envenom","Skewer","Backflip","Noxious Fumes","PiercingWail+1","Caltrops","Venomology","Blade Dance+1"],"special_seed":0,"relics":["Ring of the Snake","Unceasing Top","Mercury Hourglass","Mango","Thread and Needle","Bird Faced Urn","Omamori","Cursed Key","Nilry\u0027s Codex","Turnip","Bronze Scales","Pandora\u0027s Box","ClockworkSouvenir","Boot","Tough Bandages","Gambling Chip","Dream Catcher"],"potions_floor_usage":[50,50],"damage_taken":[{"damage":0.0,"enemies":"Small Slimes","floor":1.0,"turns":3.0},{"damage":2.0,"enemies":"Cultist","floor":3.0,"turns":5.0},{"damage":3.0,"enemies":"Jaw Worm","floor":4.0,"turns":8.0},{"damage":6.0,"enemies":"Blue Slaver","floor":5.0,"turns":5.0},{"damage":30.0,"enemies":"Gremlin Nob","floor":6.0,"turns":5.0},{"damage":0.0,"enemies":"2 Fungi Beasts","floor":7.0,"turns":3.0},{"damage":0.0,"enemies":"3 Louse","floor":11.0,"turns":3.0},{"damage":3.0,"enemies":"3 Sentries","floor":12.0,"turns":6.0},{"damage":1.0,"enemies":"Hexaghost","floor":16.0,"turns":10.0},{"damage":0.0,"enemies":"Shell Parasite","floor":18.0,"turns":4.0},{"damage":0.0,"enemies":"Chosen","floor":20.0,"turns":4.0},{"damage":14.0,"enemies":"Snake Plant","floor":22.0,"turns":5.0},{"damage":6,"enemies":"Slavers","floor":24,"turns":4},{"damage":0,"enemies":"Chosen and Byrds","floor":25,"turns":5},{"damage":3,"enemies":"Shelled Parasite and Fungi","floor":28,"turns":5},{"damage":0,"enemies":"Snake Plant","floor":29,"turns":3},{"damage":6,"enemies":"3 Cultists","floor":30,"turns":3},{"damage":47,"enemies":"Champ","floor":33,"turns":16},{"damage":9,"enemies":"3 Darklings","floor":35,"turns":2},{"damage":0,"enemies":"3 Shapes","floor":36,"turns":2},{"damage":25,"enemies":"Maw","floor":38,"turns":6},{"damage":33,"enemies":"Reptomancer","floor":40,"turns":6},{"damage":36,"enemies":"2 Orb Walkers","floor":41,"turns":4},{"damage":24,"enemies":"Sphere and 2 Shapes","floor":44,"turns":5},{"damage":5,"enemies":"Nemesis","floor":46,"turns":6},{"damage":0,"enemies":"4 Shapes","floor":48,"turns":3},{"damage":46,"enemies":"Time Eater","floor":50,"turns":10}],"seed_played":"8015632227861146556","potions_obtained":[{"floor":2.0,"key":"FairyPotion"},{"floor":2.0,"key":"SkillPotion"},{"floor":2.0,"key":"Swift Potion"},{"floor":11.0,"key":"Block Potion"},{"floor":24,"key":"Strength Potion"},{"floor":30,"key":"Fire Potion"}],"is_trial":false,"path_per_floor":["M","?","M","M","M","E","M","$","T","?","M","E","R","T","R","B",null,"M","?","M","?","M","?","E","M","T","?","M","M","M","?","R","B",null,"M","M","$","M","$","E","?","?","T","M","R","E","?","M","R","B",null],"character_chosen":"THE_SILENT","items_purchased":["Dash","Noxious Fumes","ClockworkSouvenir","Caltrops"],"campfire_rested":1,"item_purchase_floors":[8,37,39,39],"current_hp_per_floor":[70,70,68,65,59,29,29,29,43,40,40,37,37,37,37,40,84,84,68,74,74,64,48,44,46,46,46,47,51,53,53,53,20,89,80,86,86,66,66,45,19,19,19,11,37,42,42,50,50,18],"gold":165,"neow_bonus":"ONE_RARE_RELIC","is_prod":false,"is_daily":false,"chose_seed":false,"campfire_upgraded":4,"win_rate":0,"timestamp":1546635481,"path_taken":["M","?","M","M","M","E","?","$","T","?","M","E","R","?","R","BOSS","M","?","M","?","M","?","E","M","T","?","M","M","?","?","R","BOSS","M","M","$","M","$","E","?","?","T","?","R","E","?","M","R","BOSS"],"build_version":"2019-01-03v4","purchased_purges":1,"victory":true,"max_hp_per_floor":[70,70,70,70,70,70,70,70,84,84,84,84,84,84,84,84,84,84,84,84,84,84,89,89,89,89,89,89,89,89,89,89,89,89,89,89,89,89,89,89,89,89,89,89,89,89,89,89,89,89],"card_choices":[{"not_picked":["Quick Slash","Calculated Gamble","Prepared"],"picked":"SKIP","floor":1.0},{"not_picked":["Quick Slash","Dagger Throw"],"picked":"Prepared","floor":3.0},{"not_picked":["Dodge and Roll","Deflect"],"picked":"Masterful Stab","floor":4.0},{"not_picked":["Dagger Spray","Slice"],"picked":"Cloak And Dagger","floor":5.0},{"not_picked":["Phantasmal Killer","Heel Hook"],"picked":"A Thousand Cuts","floor":6.0},{"not_picked":["Accuracy","Prepared"],"picked":"Acrobatics","floor":7.0},{"not_picked":["Sucker Punch","Flying Knee"],"picked":"Dagger Spray","floor":11.0},{"not_picked":["Distraction","Heel Hook"],"picked":"Caltrops","floor":12.0},{"not_picked":["Die Die Die","Adrenaline"],"picked":"Corpse Explosion","floor":16.0},{"not_picked":["Sucker Punch+1","Prepared"],"picked":"PiercingWail+1","floor":18.0},{"not_picked":["Poisoned Stab+1","Cloak And Dagger+1"],"picked":"Backflip+1","floor":20.0},{"not_picked":["Finisher","Reflex","PiercingWail"],"picked":"SKIP","floor":22.0},{"not_picked":["Heel Hook","Dagger Spray"],"picked":"Bane+1","floor":24},{"not_picked":["Deflect","Slice","Flechettes"],"picked":"SKIP","floor":25},{"not_picked":["Accuracy","Poisoned Stab","Dodge and Roll"],"picked":"SKIP","floor":28},{"not_picked":["Deadly Poison","Cloak And Dagger","Slice+1"],"picked":"SKIP","floor":29},{"not_picked":["Infinite Blades","Acrobatics","Poisoned Stab"],"picked":"SKIP","floor":30},{"not_picked":["Corpse Explosion","Wraith Form v2"],"picked":"Bullet Time","floor":33},{"not_picked":["Eviscerate+1","Leg Sweep","Masterful Stab"],"picked":"SKIP","floor":35},{"not_picked":["Cloak And Dagger","Sucker Punch+1","Acrobatics+1"],"picked":"SKIP","floor":36},{"not_picked":["Predator","Acrobatics+1"],"picked":"PiercingWail+1","floor":38},{"not_picked":["Reflex","Dagger Spray+1","Finisher+1"],"picked":"SKIP","floor":40},{"not_picked":["Poisoned Stab","Masterful Stab+1","Acrobatics+1"],"picked":"SKIP","floor":44},{"not_picked":["Flechettes+1","Eviscerate","Riddle With Holes"],"picked":"SKIP","floor":46},{"not_picked":["Deflect+1","Acrobatics+1"],"picked":"Blade Dance+1","floor":48}],"player_experience":90347,"relics_obtained":[{"floor":6.0,"key":"Mercury Hourglass"},{"floor":9.0,"key":"Mango"},{"floor":12.0,"key":"Bird Faced Urn"},{"floor":14.0,"key":"Omamori"},{"floor":19.0,"key":"Nilry\u0027s Codex"},{"floor":24,"key":"Turnip"},{"floor":26,"key":"Bronze Scales"},{"floor":40,"key":"Boot"},{"floor":41,"key":"Tough Bandages"},{"floor":43,"key":"Gambling Chip"},{"floor":46,"key":"Dream Catcher"}],"event_choices":[{"damage_healed":0.0,"max_hp_gain":0.0,"max_hp_loss":0.0,"gold_gain":0.0,"event_name":"Lab","player_choice":"Got Potions","floor":2.0,"gold_loss":0.0,"damage_taken":0.0},{"damage_healed":0.0,"max_hp_gain":0.0,"max_hp_loss":0.0,"gold_gain":0.0,"event_name":"Scrap Ooze","player_choice":"Success","floor":10.0,"gold_loss":0.0,"damage_taken":3.0,"relics_obtained":["Thread and Needle"]},{"damage_healed":0.0,"max_hp_gain":0.0,"max_hp_loss":0.0,"gold_gain":0.0,"event_name":"Cursed Tome","player_choice":"Obtained Book","floor":19.0,"gold_loss":0.0,"damage_taken":16.0},{"damage_healed":0.0,"max_hp_gain":0.0,"max_hp_loss":0.0,"gold_gain":0.0,"event_name":"Vampires","player_choice":"Ignored","floor":21.0,"gold_loss":0.0,"damage_taken":0.0},{"damage_healed":0.0,"max_hp_gain":5.0,"max_hp_loss":0.0,"gold_gain":0.0,"event_name":"Forgotten Altar","player_choice":"Shed Blood","floor":23.0,"gold_loss":0.0,"damage_taken":21.0},{"damage_healed":0,"gold_gain":0,"cards_transformed":["Strike_G"],"player_choice":"Transformed","damage_taken":0,"max_hp_gain":0,"max_hp_loss":0,"event_name":"Transmorgrifier","floor":27,"gold_loss":0,"cards_obtained":["Caltrops"]},{"cards_removed":["Defend_G"],"damage_healed":0,"gold_gain":0,"player_choice":"Gave Gold","damage_taken":0,"max_hp_gain":0,"max_hp_loss":0,"event_name":"Beggar","floor":31,"gold_loss":75},{"damage_healed":0,"gold_gain":0,"player_choice":"Fight","damage_taken":0,"max_hp_gain":0,"max_hp_loss":0,"event_name":"Mysterious Sphere","floor":41,"gold_loss":0},{"cards_removed":["Doppelganger"],"damage_healed":0,"gold_gain":0,"player_choice":"Purged","damage_taken":0,"max_hp_gain":0,"max_hp_loss":0,"event_name":"Purifier","floor":42,"gold_loss":0},{"damage_healed":0,"gold_gain":0,"cards_transformed":["Riddle With Holes"],"player_choice":"Transformed","damage_taken":0,"max_hp_gain":0,"max_hp_loss":0,"event_name":"Transmorgrifier","floor":47,"gold_loss":0,"cards_obtained":["Venomology"]}],"is_beta":false,"boss_relics":[{"not_picked":["Tiny House","Philosopher\u0027s Stone"],"picked":"Cursed Key"},{"not_picked":["Runic Dome","Black Star"],"picked":"Pandora\u0027s Box"}],"items_purged_floors":[37],"is_endless":false,"potions_floor_spawned":[11,12,24,28,29,30,33,36,38,40],"ascension_level":0}