{"gold_per_floor":[111,386,405,415,433,464,484,157,181,200,200,375,67,77,77,174,174,174,114,114,0,0,0,0,0,0,0,0,0,0,0,0,0,0,0,0,0,0,0,0,0,0,0,0,0,0,0,0,0,0],"floor_reached":51,"playtime":2285,"items_purged":["Regret"],"score":710,"play_id":"684bfca5-3897-4e74-acd6-cf862a787375","local_time":"20181224225330","is_ascension_mode":false,"campfire_choices":[{"data":"Shockwave","floor":11,"key":"SMITH"},{"data":"Armaments","floor":15,"key":"SMITH"},{"floor":23,"key":"REST"},{"floor":32,"key":"REST"},{"floor":49,"key":"REST"}],"neow_cost":"NONE","seed_source_timestamp":286261766908020,"circlet_count":0,"master_deck":["Strike_R","Strike_R","Strike_R","Strike_R","Strike_R","Defend_R","Defend_R","Defend_R","Defend_R","Bash","Brutality","Headbutt","Cleave","Armaments+1","Shockwave+1","Dropkick","Iron Wave","Ghostly Armor","Combust+1","Juggernaut+1","Body Slam","Clothesline+1","Cleave+1","Metallicize+1","Juggernaut+1","Armaments+1","Juggernaut+1","Battle Trance","Madness","Madness","Fire Breathing+1","Whirlwind+1","Spot Weakness+1","Demon Form+1","Shrug It Off+1"],"relics":["Burning Blood","Pear","Frozen Egg 2","Bronze Scales","Champion Belt","Ectoplasm","FossilizedHelix","Darkstone Periapt","Anchor","Velvet Choker","Magic Flower","Thread and Needle","Pen Nib","Molten Egg 2","Red Mask"],"potions_floor_usage":[16,20,20,30,50,50],"damage_taken":[{"damage":13,"enemies":"Jaw Worm","floor":1,"turns":3},{"damage":7,"enemies":"Cultist","floor":3,"turns":5},{"damage":5,"enemies":"2 Louse","floor":4,"turns":2},{"damage":7,"enemies":"Blue Slaver","floor":5,"turns":5},{"damage":35,"enemies":"Lagavulin","floor":6,"turns":9},{"damage":4,"enemies":"Looter","floor":7,"turns":3},{"damage":7,"enemies":"3 Louse","floor":10,"turns":2},{"damage":3,"enemies":"Gremlin Gang","floor":14,"turns":3},{"damage":44,"enemies":"Slime Boss","floor":16,"turns":9},{"damage":0,"enemies":"3 Byrds","floor":18,"turns":2},{"damage":14,"enemies":"2 Thieves","floor":19,"turns":3},{"damage":20,"enemies":"Colosseum Slavers","floor":20,"turns":4},{"damage":39,"enemies":"Colosseum Nobs","floor":20,"turns":5},{"damage":22,"enemies":"Sentry and Sphere","floor":24,"turns":4},{"damage":9,"enemies":"Snake Plant","floor":25,"turns":4},{"damage":17,"enemies":"3 Cultists","floor":28,"turns":4},{"damage":0,"enemies":"Centurion and Healer","floor":30,"turns":5},{"damage":0,"enemies":"Chosen and Byrds","floor":31,"turns":5},{"damage":46,"enemies":"Collector","floor":33,"turns":10},{"damage":0,"enemies":"3 Shapes","floor":35,"turns":4},{"damage":14,"enemies":"Mind Bloom Boss Battle","floor":36,"turns":5},{"damage":0,"enemies":"Orb Walker","floor":38,"turns":3},{"damage":24,"enemies":"2 Orb Walkers","floor":39,"turns":4},{"damage":15,"enemies":"Nemesis","floor":40,"turns":5},{"damage":31,"enemies":"Spire Growth","floor":41,"turns":4},{"damage":0,"enemies":"Transient","floor":44,"turns":5},{"damage":13,"enemies":"Sphere and 2 Shapes","floor":45,"turns":5},{"damage":10,"enemies":"Maw","floor":47,"turns":7},{"damage":5,"enemies":"Time Eater","floor":50,"turns":8}],"seed_played":"6379327977108536326","potions_obtained":[{"floor":3,"key":"Strength Potion"},{"floor":6,"key":"Swift Potion"},{"floor":10,"key":"BloodPotion"},{"floor":19,"key":"Fire Potion"},{"floor":20,"key":"PowerPotion"},{"floor":33,"key":"Explosive Potion"},{"floor":35,"key":"SpeedPotion"},{"floor":41,"key":"Dexterity Potion"},{"floor":47,"key":"Block Potion"}],"is_trial":false,"path_per_floor":["M","?","M","M","M","E","M","$","T","M","R","?","$","M","R","B",null,"M","M","?","?","?","R","M","M","T","?","M","$","M","M","R","B",null,"M","?","?","M","?","E","M","$","T","M","M","?","M","?","R","B",null],"character_chosen":"IRONCLAD","items_purchased":["Frozen Egg 2","Champion Belt"],"campfire_rested":3,"item_purchase_floors":[8,13],"current_hp_per_floor":[73,73,72,73,72,53,55,55,55,54,54,54,54,57,57,28,90,90,82,35,35,35,62,46,43,43,43,32,32,38,44,71,31,90,90,82,71,80,65,59,37,37,37,46,42,42,41,41,68,72],"gold":0,"neow_bonus":"ONE_RANDOM_RARE_CARD","is_prod":false,"is_daily":false,"chose_seed":false,"campfire_upgraded":2,"win_rate":0.0,"timestamp":1545684810,"path_taken":["M","?","?","M","M","E","M","$","T","M","R","?","$","M","R","BOSS","M","M","?","?","?","R","M","?","T","?","M","$","M","M","R","BOSS","M","?","?","M","?","E","M","$","T","M","?","?","M","?","R","BOSS"],"build_version":"2018-12-20","purchased_purges":1,"victory":true,"max_hp_per_floor":[80,80,80,80,80,90,90,90,90,90,90,90,90,90,90,90,90,90,90,90,90,90,90,90,90,90,90,90,90,90,90,90,90,90,90,90,90,90,90,90,90,90,90,90,90,90,90,90,90,90],"card_choices":[{"not_picked":["True Grit","Warcry"],"picked":"Headbutt","floor":1},{"not_picked":["Twin Strike","Thunderclap"],"picked":"Cleave","floor":3},{"not_picked":["Dark Embrace","Reckless Charge"],"picked":"Armaments","floor":4},{"not_picked":["Twin Strike","Rage"],"picked":"Shockwave","floor":5},{"not_picked":["Uppercut","Iron Wave"],"picked":"Dropkick","floor":6},{"not_picked":["Warcry","Spot Weakness"],"picked":"Iron Wave","floor":7},{"not_picked":["Anger","Rupture+1"],"picked":"Ghostly Armor","floor":10},{"not_picked":["Heavy Blade","Seeing Red"],"picked":"Combust+1","floor":14},{"not_picked":["Dark Embrace+1","Fiend Fire"],"picked":"Juggernaut+1","floor":16},{"not_picked":["Perfected Strike","Heavy Blade+1"],"picked":"Body Slam","floor":18},{"not_picked":["Burning Pact","Rage"],"picked":"Clothesline+1","floor":19},{"not_picked":["Clothesline+1","Heavy Blade"],"picked":"Cleave+1","floor":20},{"not_picked":["Clothesline","True Grit+1"],"picked":"Metallicize+1","floor":24},{"not_picked":["Flex","Headbutt"],"picked":"Juggernaut+1","floor":25},{"not_picked":["True Grit","Anger","Armaments"],"picked":"SKIP","floor":28},{"not_picked":["Hemokinesis","Corruption+1"],"picked":"Armaments+1","floor":30},{"not_picked":["Pommel Strike","Warcry","Corruption+1"],"picked":"SKIP","floor":31},{"not_picked":["Brutality+1","Reaper"],"picked":"Juggernaut+1","floor":33},{"not_picked":["Iron Wave+1","Perfected Strike"],"picked":"Battle Trance","floor":35},{"not_picked":["Anger+1","Body Slam+1"],"picked":"Fire Breathing+1","floor":38},{"not_picked":["Sword Boomerang+1","Pummel+1"],"picked":"Whirlwind+1","floor":39},{"not_picked":["Rage","Clothesline+1"],"picked":"Spot Weakness+1","floor":40},{"not_picked":["Pommel Strike","Anger+1","Clash+1"],"picked":"SKIP","floor":41},{"not_picked":["Headbutt+1","Infernal Blade+1","Thunderclap+1"],"picked":"SKIP","floor":44},{"not_picked":["Thunderclap+1","Pummel+1"],"picked":"Demon Form+1","floor":45},{"not_picked":["Shockwave+1","Headbutt+1"],"picked":"Shrug It Off+1","floor":47}],"player_experience":16688,"relics_obtained":[{"floor":6,"key":"Pear"},{"floor":9,"key":"Bronze Scales"},{"floor":20,"key":"FossilizedHelix"},{"floor":20,"key":"Darkstone Periapt"},{"floor":26,"key":"Anchor"},{"floor":36,"key":"Magic Flower"},{"floor":39,"key":"Thread and Needle"},{"floor":40,"key":"Pen Nib"},{"floor":43,"key":"Molten Egg 2"}],"event_choices":[{"damage_healed":0,"gold_gain":275,"player_choice":"Desecrate","damage_taken":0,"max_hp_gain":0,"max_hp_loss":0,"event_name":"Golden Shrine","floor":2,"gold_loss":0,"cards_obtained":["Regret"]},{"damage_healed":0,"gold_gain":175,"player_choice":"AGREE","damage_taken":0,"max_hp_gain":0,"max_hp_loss":0,"event_name":"Liars Game","floor":12,"gold_loss":0,"cards_obtained":["Doubt"]},{"damage_healed":0,"gold_gain":0,"player_choice":"Fight","damage_taken":0,"max_hp_gain":0,"max_hp_loss":0,"event_name":"Colosseum","floor":20,"gold_loss":0},{"damage_healed":0,"gold_gain":0,"player_choice":"Fought Nobs","damage_taken":0,"max_hp_gain":0,"max_hp_loss":0,"event_name":"Colosseum","floor":20,"gold_loss":0},{"damage_healed":0,"gold_gain":0,"player_choice":"Paid Fearfully","damage_taken":0,"max_hp_gain":0,"max_hp_loss":0,"event_name":"Masked Bandits","floor":21,"gold_loss":114},{"cards_removed":["Doubt"],"damage_healed":0,"gold_gain":0,"player_choice":"Purged","damage_taken":0,"max_hp_gain":0,"max_hp_loss":0,"event_name":"Purifier","floor":22,"gold_loss":0},{"damage_healed":0,"gold_gain":0,"player_choice":"Ignored","damage_taken":0,"max_hp_gain":0,"max_hp_loss":0,"event_name":"The Mausoleum","floor":27,"gold_loss":0},{"damage_healed":0,"gold_gain":0,"player_choice":"Fight","damage_taken":0,"max_hp_gain":0,"max_hp_loss":0,"event_name":"MindBloom","floor":36,"gold_loss":0},{"damage_healed":0,"gold_gain":0,"player_choice":"Embrace Madness","damage_taken":11,"max_hp_gain":0,"max_hp_loss":0,"event_name":"Winding Halls","floor":37,"gold_loss":0,"cards_obtained":["Madness","Madness"]},{"damage_healed":0,"gold_gain":0,"player_choice":"Fight","damage_taken":0,"max_hp_gain":0,"max_hp_loss":0,"event_name":"Mysterious Sphere","floor":39,"gold_loss":0},{"damage_healed":0,"gold_gain":0,"player_choice":"Paid","damage_taken":0,"relics_obtained":["Red Mask"],"max_hp_gain":0,"max_hp_loss":0,"event_name":"Tomb of Lord Red Mask","floor":46,"gold_loss":0},{"damage_healed":0,"gold_gain":0,"player_choice":"Memory 1","damage_taken":0,"max_hp_gain":0,"max_hp_loss":0,"event_name":"SensoryStone","floor":48,"gold_loss":0}],"is_beta":false,"boss_relics":[{"not_picked":["Runic Pyramid","White Beast Statue"],"picked":"Ectoplasm"},{"not_picked":["Coffee Dripper","Sozu"],"picked":"Velvet Choker"}],"items_purged_floors":[8],"is_endless":false,"potions_floor_spawned":[3,6,10,19,20,20,33,35,40,41,45,47],"ascension_level":0}