{"gold_per_floor":[18,18,18,18,18,44,44,61,61,71,246,258,272,285,285,285],"floor_reached":16,"playtime":530,"items_purged":[],"score":127,"play_id":"1e0125db-6f77-4a44-abd0-ad82b2af6c2f","local_time":"20190217024034","is_ascension_mode":false,"campfire_choices":[{"data":"Zap","floor":7,"key":"SMITH"},{"data":"Fission","floor":15,"key":"SMITH"}],"neow_cost":"NO_GOLD","seed_source_timestamp":6127830415637,"circlet_count":0,"master_deck":["Strike_B","Strike_B","Defend_B","Defend_B","Defend_B","Defend_B","Zap+1","Dualcast","Cold Snap","Steam","Hologram","Conserve Battery","BootSequence","Turbo","Beam Cell","Fission+1"],"relics":["Cracked Core","Unceasing Top","Frozen Egg 2","Omamori","Pear"],"potions_floor_usage":[6,16,16],"damage_taken":[{"damage":6,"enemies":"Jaw Worm","floor":1,"turns":4},{"damage":24,"enemies":"Gremlin Nob","floor":6,"turns":5},{"damage":0,"enemies":"2 Louse","floor":8,"turns":2},{"damage":0,"enemies":"Small Slimes","floor":10,"turns":3},{"damage":0,"enemies":"Exordium Thugs","floor":12,"turns":4},{"damage":0,"enemies":"Large Slime","floor":13,"turns":7},{"damage":0,"enemies":"Gremlin Gang","floor":14,"turns":4},{"damage":38,"enemies":"Hexaghost","floor":16,"turns":14}],"seed_played":"896997867939225625","potions_obtained":[{"floor":1,"key":"GamblersBrew"},{"floor":10,"key":"Swift Potion"},{"floor":13,"key":"Energy Potion"},{"floor":14,"key":"Poison Potion"}],"is_trial":false,"path_per_floor":["M","?","?","?","?","E","R","M","T","M","?","M","M","M","R","B"],"character_chosen":"DEFECT","items_purchased":[],"campfire_rested":0,"item_purchase_floors":[],"current_hp_per_floor":[69,69,62,67,49,25,25,25,35,35,35,35,35,35,35,0],"gold":285,"neow_bonus":"ONE_RARE_RELIC","is_prod":false,"is_daily":false,"chose_seed":false,"campfire_upgraded":2,"win_rate":0,"timestamp":1550392834,"path_taken":["M","?","?","?","?","E","R","M","T","M","?","M","M","M","R","BOSS"],"build_version":"2019-01-23","purchased_purges":0,"victory":false,"max_hp_per_floor":[75,75,75,80,80,80,80,80,90,90,90,90,90,90,90,90],"card_choices":[{"not_picked":["Go for the Eyes","Skim"],"picked":"Cold Snap","floor":1},{"not_picked":["Stack","Sweeping Beam"],"picked":"Hologram","floor":6},{"not_picked":["Reprogram","Reinforced Body"],"picked":"Conserve Battery","floor":8},{"not_picked":["Streamline","Cold Snap"],"picked":"BootSequence","floor":10},{"not_picked":["Conserve Battery","Stack"],"picked":"Turbo","floor":12},{"not_picked":["Cold Snap","Leap"],"picked":"Beam Cell","floor":13},{"not_picked":["Gash","Cold Snap"],"picked":"Fission","floor":14}],"player_experience":845709,"relics_obtained":[{"floor":6,"key":"Omamori"},{"floor":9,"key":"Pear"}],"event_choices":[{"damage_healed":0,"gold_gain":0,"cards_transformed":["Strike_B"],"player_choice":"Change","damage_taken":0,"max_hp_gain":0,"max_hp_loss":0,"event_name":"Living Wall","floor":2,"gold_loss":0,"cards_obtained":["Steam"]},{"cards_removed":["Strike_B"],"damage_healed":0,"gold_gain":0,"player_choice":"Card Removal","damage_taken":7,"max_hp_gain":0,"max_hp_loss":0,"event_name":"Golden Wing","floor":3,"gold_loss":0},{"damage_healed":0,"gold_gain":0,"player_choice":"Donut","damage_taken":0,"max_hp_gain":5,"max_hp_loss":0,"event_name":"Big Fish","floor":4,"gold_loss":0},{"damage_healed":0,"gold_gain":0,"player_choice":"Success","damage_taken":18,"relics_obtained":["Frozen Egg 2"],"max_hp_gain":0,"max_hp_loss":0,"event_name":"Scrap Ooze","floor":5,"gold_loss":0},{"damage_healed":0,"gold_gain":175,"player_choice":"AGREE","damage_taken":0,"max_hp_gain":0,"max_hp_loss":0,"event_name":"Liars Game","floor":11,"gold_loss":0,"cards_obtained":["Doubt"]}],"is_beta":false,"boss_relics":[],"items_purged_floors":[],"is_endless":false,"potions_floor_spawned":[1,10,13,14],"killed_by":"Hexaghost","ascension_level":0}