{"gold_per_floor":[115,115,131,208,158,184,184,201,201,220,236,256,281,293,293,393,393,404,504,521,541,173,205,205,120,120,120,151,250,4,24,24,127,127,144,244,256,29,46,76,92,121,121,121,121,156,174,185,185,185,185,185,34,69,69],"floor_reached":56,"playtime":3970,"items_purged":["Defend_B"],"score":1474,"play_id":"6858ecb8-0082-404d-893b-3adaf0c473b8","local_time":"20181228155125","is_ascension_mode":true,"campfire_choices":[{"data":"Zap","floor":7,"key":"SMITH"},{"floor":15,"key":"DIG"},{"floor":24,"key":"RECALL"},{"floor":27,"key":"DIG"},{"data":"Defragment","floor":32,"key":"SMITH"},{"data":"Hologram","floor":45,"key":"SMITH"},{"data":"Go for the Eyes","floor":49,"key":"SMITH"},{"data":"Heatsinks","floor":52,"key":"SMITH"}],"neow_cost":"NONE","seed_source_timestamp":604850641752995,"circlet_count":0,"master_deck":["Strike_B","Strike_B","Strike_B","Defend_B","Defend_B","Defend_B","Zap+1","Dualcast","Streamline","Capacitor","Steam","Doom and Gloom","Self Repair","Consume+1","Genetic Algorithm","Glacier","Rebound","Echo Form","Melter","Heatsinks+1","Defragment+1","Leap","Conserve Battery","Stack+1","Go for the Eyes+1","Buffer","Hologram+1","Seek+1","Capacitor+1","Coolheaded+1","Loop","Defragment+1","Chill+1","Conserve Battery+1"],"relics":["Cracked Core","Regal Pillow","Gremlin Horn","PreservedInsect","Omamori","Shovel","Bird Faced Urn","Sozu","ClockworkSouvenir","Pen Nib","Matryoshka","Centennial Puzzle","Anchor","Bag of Marbles","Bag of Preparation","Oddly Smooth Stone","Kunai","Cursed Key","Torii","Lantern","Orichalcum","Dream Catcher","Toxic Egg 2","Bottled Tornado","Boot","War Paint","Ornamental Fan"],"potions_floor_usage":[6,28,55,55],"damage_taken":[{"damage":1,"enemies":"Cultist","floor":1,"turns":3},{"damage":1,"enemies":"Jaw Worm","floor":3,"turns":3},{"damage":21,"enemies":"Lagavulin","floor":6,"turns":6},{"damage":0,"enemies":"Small Slimes","floor":8,"turns":2},{"damage":0,"enemies":"3 Louse","floor":10,"turns":2},{"damage":5,"enemies":"Red Slaver","floor":11,"turns":3},{"damage":0,"enemies":"Exordium Wildlife","floor":12,"turns":2},{"damage":21,"enemies":"3 Sentries","floor":13,"turns":5},{"damage":0,"enemies":"Large Slime","floor":14,"turns":4},{"damage":37,"enemies":"Hexaghost","floor":16,"turns":11},{"damage":11,"enemies":"Shell Parasite","floor":18,"turns":5},{"damage":0,"enemies":"Spheric Guardian","floor":20,"turns":2},{"damage":41,"enemies":"Shelled Parasite and Fungi","floor":21,"turns":6},{"damage":26,"enemies":"Slavers","floor":23,"turns":4},{"damage":7,"enemies":"Book of Stabbing","floor":28,"turns":7},{"damage":7,"enemies":"Snake Plant","floor":31,"turns":4},{"damage":2,"enemies":"Champ","floor":33,"turns":14},{"damage":4,"enemies":"3 Darklings","floor":35,"turns":9},{"damage":9,"enemies":"Mind Bloom Boss Battle","floor":36,"turns":9},{"damage":6,"enemies":"3 Shapes","floor":37,"turns":4},{"damage":8,"enemies":"Writhing Mass","floor":39,"turns":8},{"damage":1,"enemies":"Reptomancer","floor":40,"turns":7},{"damage":16,"enemies":"3 Darklings","floor":41,"turns":7},{"damage":39,"enemies":"Nemesis","floor":42,"turns":5},{"damage":0,"enemies":"Reptomancer","floor":46,"turns":8},{"damage":3,"enemies":"Sphere and 2 Shapes","floor":47,"turns":3},{"damage":1,"enemies":"Transient","floor":48,"turns":5},{"damage":0,"enemies":"Time Eater","floor":50,"turns":13},{"damage":2,"enemies":"Shield and Spear","floor":54,"turns":8},{"damage":18,"enemies":"The Heart","floor":55,"turns":14}],"seed_played":"658484167748482903","potions_obtained":[{"floor":3,"key":"Ancient Potion"},{"floor":6,"key":"Block Potion"},{"floor":10,"key":"SpeedPotion"},{"floor":12,"key":"Strength Potion"}],"is_trial":false,"path_per_floor":["M","T","M","T","?","E","R","M","T","M","M","M","E","M","R","B",null,"M","?","M","M","$","E","R","?","T","R","E","?","$","M","R","B",null,"M","?","M","$","M","E","M","E","T","?","R","E","M","M","R","B",null,"R","$","E","B",null],"character_chosen":"DEFECT","items_purchased":["ClockworkSouvenir","Leap","Pen Nib","Kunai","Lantern","War Paint"],"campfire_rested":0,"item_purchase_floors":[22,22,22,30,38,53],"current_hp_per_floor":[74,74,73,73,73,52,52,52,52,52,54,61,47,54,54,28,75,75,75,75,60,60,42,42,42,42,42,61,61,61,71,71,73,75,75,75,75,75,75,75,75,53,53,53,53,75,75,75,75,75,75,75,75,75,75],"gold":69,"neow_bonus":"RANDOM_COMMON_RELIC","is_prod":false,"is_daily":false,"chose_seed":false,"campfire_upgraded":5,"win_rate":0,"timestamp":1546005085,"path_taken":["M","?","M","?","?","E","R","M","T","M","M","M","E","M","R","BOSS","M","?","?","M","$","E","R","?","T","R","E","?","$","M","R","BOSS","M","?","M","$","M","E","M","E","T","?","R","E","M","M","R","BOSS","R","$","E","BOSS"],"build_version":"2018-12-20","purchased_purges":1,"victory":true,"max_hp_per_floor":[75,75,75,75,75,75,75,75,75,75,75,75,75,75,75,75,75,75,75,75,75,75,75,75,75,75,75,75,75,75,75,75,75,75,75,75,75,75,75,75,75,75,75,75,75,75,75,75,75,75,75,75,75,75,75],"card_choices":[{"not_picked":["Redo","Turbo"],"picked":"Streamline","floor":1},{"not_picked":["Consume","Loop"],"picked":"Capacitor","floor":3},{"not_picked":["Stack","BootSequence"],"picked":"Steam","floor":6},{"not_picked":["Hello World","Chaos"],"picked":"Doom and Gloom","floor":8},{"not_picked":["Beam Cell","Defragment"],"picked":"Self Repair","floor":10},{"not_picked":["Beam Cell","Chaos"],"picked":"Consume","floor":11},{"not_picked":["Scrape","Consume"],"picked":"Genetic Algorithm","floor":12},{"not_picked":["Seek","Compile Driver"],"picked":"Glacier","floor":13},{"not_picked":["Beam Cell","Streamline"],"picked":"Rebound","floor":14},{"not_picked":["Seek","Creative AI"],"picked":"Echo Form","floor":16},{"not_picked":["Go for the Eyes","FTL"],"picked":"Melter","floor":18},{"not_picked":["Gash","Fusion"],"picked":"Heatsinks","floor":20},{"not_picked":["Sweeping Beam","Stack"],"picked":"Defragment","floor":21},{"not_picked":["Seek","Leap"],"picked":"Conserve Battery","floor":23},{"not_picked":["Sweeping Beam","BootSequence"],"picked":"Stack+1","floor":28},{"not_picked":["Conserve Battery+1","Aggregate+1"],"picked":"Go for the Eyes","floor":31},{"not_picked":["Biased Cognition","Multi-Cast"],"picked":"Buffer","floor":33},{"not_picked":["Leap","Redo+1"],"picked":"Hologram","floor":35},{"not_picked":["Sweeping Beam+1","Ball Lightning+1"],"picked":"Seek","floor":36},{"not_picked":["Gash+1","Steam+1","Ball Lightning"],"picked":"SKIP","floor":37},{"not_picked":["Hologram","Ball Lightning+1"],"picked":"Capacitor+1","floor":39},{"not_picked":["Seek","Go for the Eyes"],"picked":"Coolheaded+1","floor":40},{"not_picked":["Rip and Tear","Self Repair"],"picked":"Loop","floor":41},{"not_picked":["Sweeping Beam","Leap"],"picked":"Defragment+1","floor":42},{"not_picked":["Leap+1","White Noise+1","Stack+1"],"picked":"SKIP","floor":46},{"not_picked":["Sunder+1","Chaos+1","Tempest+1"],"picked":"SKIP","floor":47},{"not_picked":["Streamline","Cold Snap"],"picked":"Chill+1","floor":48},{"not_picked":["Seek+1","Redo+1"],"picked":"Conserve Battery+1","floor":54}],"player_experience":38067,"relics_obtained":[{"floor":2,"key":"Gremlin Horn"},{"floor":6,"key":"PreservedInsect"},{"floor":9,"key":"Omamori"},{"floor":13,"key":"Shovel"},{"floor":15,"key":"Bird Faced Urn"},{"floor":23,"key":"Matryoshka"},{"floor":26,"key":"Anchor"},{"floor":26,"key":"Bag of Marbles"},{"floor":27,"key":"Bag of Preparation"},{"floor":28,"key":"Oddly Smooth Stone"},{"floor":36,"key":"Torii"},{"floor":40,"key":"Orichalcum"},{"floor":42,"key":"Dream Catcher"},{"floor":43,"key":"Toxic Egg 2"},{"floor":43,"key":"Bottled Tornado"},{"floor":46,"key":"Boot"},{"floor":54,"key":"Ornamental Fan"}],"event_choices":[{"cards_removed":["Strike_B"],"damage_healed":0,"gold_gain":0,"player_choice":"Card Removal","damage_taken":0,"max_hp_gain":0,"max_hp_loss":0,"event_name":"The Cleric","floor":5,"gold_loss":50},{"damage_healed":0,"gold_gain":100,"player_choice":"Pray","damage_taken":0,"max_hp_gain":0,"max_hp_loss":0,"event_name":"Golden Shrine","floor":19,"gold_loss":0},{"damage_healed":0,"gold_gain":0,"player_choice":"Obtained Relic","damage_taken":0,"relics_obtained":["Centennial Puzzle"],"max_hp_gain":0,"max_hp_loss":0,"event_name":"Addict","floor":25,"gold_loss":85},{"damage_healed":0,"gold_gain":99,"player_choice":"Stole From Cult","damage_taken":0,"max_hp_gain":0,"max_hp_loss":0,"event_name":"Nest","floor":29,"gold_loss":0},{"damage_healed":0,"gold_gain":0,"player_choice":"Fight","damage_taken":0,"max_hp_gain":0,"max_hp_loss":0,"event_name":"MindBloom","floor":36,"gold_loss":0},{"damage_healed":0,"gold_gain":0,"player_choice":"Got Potions","damage_taken":0,"max_hp_gain":0,"max_hp_loss":0,"event_name":"Lab","floor":44,"gold_loss":0}],"is_beta":false,"boss_relics":[{"not_picked":["Empty Cage","Snecko Eye"],"picked":"Sozu"},{"not_picked":["Eternal Feather","Philosopher\u0027s Stone"],"picked":"Cursed Key"}],"items_purged_floors":[38],"is_endless":false,"potions_floor_spawned":[3,6,10,12,14,18,20,31,33,36,40,42,46],"ascension_level":1}