{"gold_per_floor":[113,133,133,133,145,179,179,210,258,258,35,52,52,84,84,184,184,139,139,139,39,39,39,39,39,39,39,39,39,39,39,39,39,39,39,39,39,39,39,39,39,39,39,39,39,39,39,39,39,39],"floor_reached":51,"playtime":3096,"items_purged":["Defend_R","Strike_R"],"score":1064,"play_id":"539cdbb3-271d-4109-9911-9fa8bbc0ae78","local_time":"20190211231522","is_ascension_mode":true,"campfire_choices":[{"floor":7,"key":"REST"},{"floor":13,"key":"REST"},{"data":"Inflame","floor":15,"key":"SMITH"},{"floor":28,"key":"REST"},{"floor":32,"key":"REST"},{"data":"Heavy Blade","floor":40,"key":"SMITH"},{"data":"Sword Boomerang","floor":49,"key":"SMITH"}],"neow_cost":"NONE","seed_source_timestamp":2629337457276128,"circlet_count":0,"master_deck":["Strike_R","Strike_R","Defend_R+1","Defend_R","Defend_R","Bash+1","Heavy Blade+1","Inflame+1","Sword Boomerang+1","Infernal Blade+1","Shrug It Off+1","Flex","Cleave","Berserk","Pommel Strike","Thunderclap","Burning Pact","Shrug It Off","Seeing Red+1","Clothesline+1","Feel No Pain","Reaper","Spot Weakness+1","Whirlwind","Reaper","Pommel Strike+1","Warcry+1","Flash of Steel","Flex+1","Pommel Strike+1","Shrug It Off"],"relics":["Burning Blood","NeowsBlessing","Pantograph","Vajra","War Paint","Omamori","Dream Catcher","Ectoplasm","Bronze Scales","Red Skull","Self Forming Clay","Happy Flower","Thread and Needle","Blue Candle","Blood Vial","White Beast Statue","Turnip","Regal Pillow","Gremlin Horn","Prayer Wheel"],"potions_floor_usage":[14,23,23,30,31,33,39,39,41,50,50,50],"damage_taken":[{"damage":0,"enemies":"Cultist","floor":1,"turns":1},{"damage":0,"enemies":"Small Slimes","floor":2,"turns":1},{"damage":0,"enemies":"Jaw Worm","floor":5,"turns":1},{"damage":32,"enemies":"Gremlin Nob","floor":6,"turns":4},{"damage":40,"enemies":"Lagavulin","floor":8,"turns":6},{"damage":1,"enemies":"Looter","floor":12,"turns":3},{"damage":0,"enemies":"Gremlin Nob","floor":14,"turns":2},{"damage":31,"enemies":"The Guardian","floor":16,"turns":8},{"damage":22,"enemies":"2 Thieves","floor":18,"turns":3},{"damage":9,"enemies":"Shell Parasite","floor":19,"turns":3},{"damage":15,"enemies":"Snake Plant","floor":20,"turns":3},{"damage":30,"enemies":"Book of Stabbing","floor":23,"turns":4},{"damage":34,"enemies":"Gremlin Leader","floor":25,"turns":3},{"damage":6,"enemies":"Centurion and Healer","floor":27,"turns":3},{"damage":0,"enemies":"Colosseum Slavers","floor":30,"turns":1},{"damage":5,"enemies":"Colosseum Nobs","floor":30,"turns":3},{"damage":0,"enemies":"Book of Stabbing","floor":31,"turns":4},{"damage":59,"enemies":"Champ","floor":33,"turns":8},{"damage":15,"enemies":"3 Darklings","floor":35,"turns":2},{"damage":4,"enemies":"Orb Walker","floor":36,"turns":3},{"damage":10,"enemies":"2 Orb Walkers","floor":39,"turns":3},{"damage":31,"enemies":"Nemesis","floor":41,"turns":5},{"damage":0,"enemies":"Sphere and 2 Shapes","floor":44,"turns":2},{"damage":9,"enemies":"3 Darklings","floor":46,"turns":3},{"damage":13,"enemies":"Maw","floor":48,"turns":7},{"damage":89,"enemies":"Time Eater","floor":50,"turns":8}],"seed_played":"-7143646433674175617","potions_obtained":[{"floor":5,"key":"LiquidBronze"},{"floor":12,"key":"AttackPotion"},{"floor":14,"key":"FairyPotion"},{"floor":16,"key":"Dexterity Potion"},{"floor":19,"key":"Poison Potion"},{"floor":27,"key":"Fire Potion"},{"floor":30,"key":"Weak Potion"},{"floor":31,"key":"EssenceOfSteel"},{"floor":35,"key":"SkillPotion"},{"floor":36,"key":"AttackPotion"},{"floor":39,"key":"AttackPotion"},{"floor":41,"key":"Fire Potion"},{"floor":44,"key":"Dexterity Potion"},{"floor":46,"key":"LiquidBronze"}],"is_trial":false,"path_per_floor":["M","M","?","?","M","E","R","E","T","?","$","M","R","E","R","B",null,"M","M","M","$","?","E","?","E","T","M","R","$","?","E","R","B",null,"M","M","?","?","?","R","E","$","T","M","$","M","?","M","R","B",null],"character_chosen":"IRONCLAD","items_purchased":["Omamori"],"campfire_rested":4,"item_purchase_floors":[11],"current_hp_per_floor":[78,80,80,73,79,53,77,43,43,27,27,32,56,62,62,55,74,58,55,46,46,46,22,22,14,14,14,38,38,45,65,80,37,69,62,71,71,71,74,74,63,63,63,72,72,71,71,76,76,21],"gold":39,"neow_bonus":"THREE_ENEMY_KILL","is_prod":false,"is_daily":false,"chose_seed":false,"campfire_upgraded":3,"win_rate":0,"timestamp":1549955722,"path_taken":["M","?","?","?","M","E","R","E","T","?","$","?","R","E","R","BOSS","M","M","M","$","?","E","?","E","T","?","R","$","?","E","R","BOSS","M","M","?","?","?","R","E","?","T","M","$","?","?","?","R","BOSS"],"build_version":"2019-01-23","purchased_purges":2,"victory":true,"max_hp_per_floor":[80,80,80,80,80,80,80,80,80,80,80,80,80,80,80,80,80,80,80,80,80,80,80,80,80,80,80,80,80,80,80,80,80,80,80,80,76,76,76,76,76,76,76,76,76,76,76,76,76,76],"card_choices":[{"not_picked":["Shrug It Off","Combust"],"picked":"Heavy Blade","floor":1},{"not_picked":["Dropkick","Shrug It Off"],"picked":"Inflame","floor":2},{"not_picked":["Bloodletting","Perfected Strike"],"picked":"Sword Boomerang","floor":5},{"not_picked":["Fiend Fire","Havoc"],"picked":"Infernal Blade","floor":6},{"not_picked":["True Grit","Sword Boomerang"],"picked":"Shrug It Off","floor":8},{"not_picked":["Rupture","Wild Strike"],"picked":"Flex","floor":12},{"not_picked":["Anger","Power Through"],"picked":"Cleave","floor":14},{"not_picked":["Brutality","Exhume"],"picked":"Berserk","floor":16},{"not_picked":["Clothesline","Headbutt"],"picked":"Pommel Strike","floor":18},{"not_picked":["Brutality","Iron Wave"],"picked":"Thunderclap","floor":19},{"not_picked":["Carnage+1","Body Slam"],"picked":"Burning Pact","floor":20},{"not_picked":["Combust","Anger"],"picked":"Shrug It Off","floor":23},{"not_picked":["Thunderclap+1","Shrug It Off"],"picked":"Seeing Red+1","floor":25},{"not_picked":["Pummel+1","Perfected Strike"],"picked":"Clothesline+1","floor":27},{"not_picked":["Twin Strike","Blood for Blood"],"picked":"Feel No Pain","floor":28},{"not_picked":["Warcry","Anger"],"picked":"Reaper","floor":30},{"not_picked":["Thunderclap","Cleave"],"picked":"Spot Weakness+1","floor":31},{"not_picked":["Disarm","Perfected Strike"],"picked":"Whirlwind","floor":32},{"not_picked":["Barricade","Offering"],"picked":"Reaper","floor":33},{"not_picked":["Twin Strike","Iron Wave"],"picked":"Pommel Strike+1","floor":35},{"not_picked":["Hemokinesis+1","Wild Strike+1"],"picked":"Warcry+1","floor":36},{"not_picked":["Discovery","Thinking Ahead"],"picked":"Flash of Steel","floor":38},{"not_picked":["Heavy Blade","Sword Boomerang+1"],"picked":"Flex+1","floor":39},{"not_picked":["Iron Wave","True Grit"],"picked":"Pommel Strike+1","floor":41},{"not_picked":["Anger","Iron Wave","Havoc+1"],"picked":"SKIP","floor":44},{"not_picked":["True Grit+1","Brutality"],"picked":"Dropkick","floor":46},{"not_picked":["Flex","Havoc+1"],"picked":"Shrug It Off","floor":48},{"not_picked":["Twin Strike","Sever Soul+1","Shrug It Off"],"picked":"SKIP","floor":48}],"player_experience":361733,"relics_obtained":[{"floor":6,"key":"Pantograph"},{"floor":8,"key":"Vajra"},{"floor":9,"key":"War Paint"},{"floor":14,"key":"Dream Catcher"},{"floor":23,"key":"Bronze Scales"},{"floor":25,"key":"Self Forming Clay"},{"floor":26,"key":"Happy Flower"},{"floor":30,"key":"Thread and Needle"},{"floor":30,"key":"Blue Candle"},{"floor":31,"key":"Blood Vial"},{"floor":39,"key":"Turnip"},{"floor":41,"key":"Regal Pillow"},{"floor":43,"key":"Gremlin Horn"}],"event_choices":[{"cards_removed":["Strike_R"],"damage_healed":0,"gold_gain":0,"player_choice":"Forget","damage_taken":0,"max_hp_gain":0,"max_hp_loss":0,"event_name":"Living Wall","floor":3,"gold_loss":0},{"cards_removed":["Strike_R"],"damage_healed":0,"gold_gain":0,"player_choice":"Card Removal","damage_taken":7,"max_hp_gain":0,"max_hp_loss":0,"event_name":"Golden Wing","floor":4,"gold_loss":0},{"damage_healed":0,"gold_gain":0,"player_choice":"Entered Light","damage_taken":16,"max_hp_gain":0,"max_hp_loss":0,"event_name":"Shining Light","floor":10,"gold_loss":0,"cards_upgraded":["Shrug It Off","Bash"]},{"damage_healed":0,"gold_gain":0,"player_choice":"Ignored","damage_taken":0,"max_hp_gain":0,"max_hp_loss":0,"event_name":"Beggar","floor":22,"gold_loss":0},{"damage_healed":0,"gold_gain":0,"player_choice":"Stole Relic","damage_taken":0,"relics_obtained":["Red Skull"],"max_hp_gain":0,"max_hp_loss":0,"event_name":"Addict","floor":24,"gold_loss":0,"cards_obtained":["Shame"]},{"damage_healed":0,"gold_gain":0,"player_choice":"Fight","damage_taken":0,"max_hp_gain":0,"max_hp_loss":0,"event_name":"Colosseum","floor":30,"gold_loss":0},{"damage_healed":0,"gold_gain":0,"player_choice":"Fought Nobs","damage_taken":0,"max_hp_gain":0,"max_hp_loss":0,"event_name":"Colosseum","floor":30,"gold_loss":0},{"damage_healed":0,"gold_gain":0,"player_choice":"Max HP","damage_taken":0,"max_hp_gain":0,"max_hp_loss":4,"event_name":"Winding Halls","floor":37,"gold_loss":0},{"damage_healed":0,"gold_gain":0,"player_choice":"Memory 1","damage_taken":0,"max_hp_gain":0,"max_hp_loss":0,"event_name":"SensoryStone","floor":38,"gold_loss":0},{"damage_healed":0,"gold_gain":0,"player_choice":"Fight","damage_taken":0,"max_hp_gain":0,"max_hp_loss":0,"event_name":"Mysterious Sphere","floor":39,"gold_loss":0},{"cards_removed":["Dropkick"],"damage_healed":0,"gold_gain":0,"player_choice":"Gave Card","damage_taken":0,"relics_obtained":["Prayer Wheel"],"max_hp_gain":0,"max_hp_loss":0,"event_name":"WeMeetAgain","floor":47,"gold_loss":0}],"is_beta":false,"boss_relics":[{"not_picked":["Velvet Choker","Runic Pyramid"],"picked":"Ectoplasm"},{"not_picked":["Snecko Eye","Runic Dome"],"picked":"White Beast Statue"}],"items_purged_floors":[11,21],"is_endless":false,"potions_floor_spawned":[5,12,14,16,19,27,30,31,35,36,39,41,44,46,48],"ascension_level":7}