{"gold_per_floor":[113,123,123,137,87,116,116,126,173,185,197,220,232,263,275,287],"floor_reached":16,"playtime":555,"items_purged":[],"score":102,"play_id":"25e22926-12bb-41e1-91de-c4ec4bc6d878","local_time":"20190217010108","is_ascension_mode":false,"campfire_choices":[{"data":"Neutralize","floor":7,"key":"SMITH"},{"data":"Neutralize","floor":10,"key":"SMITH"},{"data":"Footwork","floor":15,"key":"SMITH"}],"neow_cost":"NONE","seed_source_timestamp":137168298663,"circlet_count":0,"master_deck":["Defend_G","Defend_G","Defend_G","Defend_G","Defend_G","Strike_G","Strike_G","Strike_G","Strike_G","Survivor","Neutralize+1","A Thousand Cuts","Crippling Poison","Footwork+1","Neutralize+1","Endless Agony","Cloak And Dagger+1","Sucker Punch"],"relics":["Ring of the Snake","Toxic Egg 2","MawBank"],"potions_floor_usage":[6,12,16],"damage_taken":[{"damage":5,"enemies":"2 Louse","floor":1,"turns":3},{"damage":0,"enemies":"Cultist","floor":2,"turns":4},{"damage":10,"enemies":"Jaw Worm","floor":4,"turns":5},{"damage":20,"enemies":"Gremlin Nob","floor":6,"turns":4},{"damage":2,"enemies":"Red Slaver","floor":8,"turns":4},{"damage":8,"enemies":"Gremlin Gang","floor":12,"turns":4},{"damage":0,"enemies":"Blue Slaver","floor":14,"turns":5},{"damage":26,"enemies":"Hexaghost","floor":16,"turns":11}],"seed_played":"8216090838125843542","potions_obtained":[{"floor":1,"key":"SteroidPotion"},{"floor":4,"key":"LiquidBronze"},{"floor":8,"key":"AttackPotion"}],"is_trial":false,"path_per_floor":["M","M","?","M","?","E","R","M","T","R","$","M","$","M","R","B"],"character_chosen":"THE_SILENT","items_purchased":[],"campfire_rested":0,"item_purchase_floors":[],"current_hp_per_floor":[65,65,65,55,55,35,35,33,33,33,33,25,25,25,25,0],"gold":287,"neow_bonus":"ONE_RANDOM_RARE_CARD","is_prod":false,"is_daily":false,"chose_seed":false,"campfire_upgraded":3,"win_rate":0,"timestamp":1550386868,"path_taken":["M","M","?","?","?","E","R","M","T","R","?","?","?","M","R","BOSS"],"build_version":"2019-01-23","purchased_purges":0,"victory":false,"max_hp_per_floor":[70,70,70,70,70,70,70,70,70,70,70,70,70,70,70,70],"card_choices":[{"not_picked":["Acrobatics","Underhanded Strike"],"picked":"Crippling Poison","floor":1},{"not_picked":["Eviscerate","Caltrops"],"picked":"Footwork","floor":2},{"not_picked":["Crippling Poison","Quick Slash","Night Terror"],"picked":"SKIP","floor":4},{"not_picked":["Choke","Poisoned Stab"],"picked":"Endless Agony","floor":6},{"not_picked":["Bane","Terror+1"],"picked":"Cloak And Dagger+1","floor":8},{"not_picked":["Poisoned Stab","Dagger Throw","Reflex+1"],"picked":"SKIP","floor":12},{"not_picked":["Poisoned Stab","Wraith Form v2"],"picked":"Sucker Punch","floor":14}],"player_experience":840105,"relics_obtained":[{"floor":6,"key":"Toxic Egg 2"},{"floor":9,"key":"MawBank"}],"event_choices":[{"damage_healed":0,"gold_gain":0,"player_choice":"1 cards matched","damage_taken":0,"max_hp_gain":0,"max_hp_loss":0,"event_name":"Match and Keep!","floor":3,"gold_loss":0,"cards_obtained":["Neutralize"]},{"cards_removed":["Strike_G"],"damage_healed":0,"gold_gain":0,"player_choice":"Card Removal","damage_taken":0,"max_hp_gain":0,"max_hp_loss":0,"event_name":"The Cleric","floor":5,"gold_loss":50}],"is_beta":false,"boss_relics":[],"items_purged_floors":[],"is_endless":false,"potions_floor_spawned":[1,4,8],"killed_by":"Hexaghost","ascension_level":0}