{"gold_per_floor":[360,40,40,52,72,103,103,128,128,156,156,170,170,170,170,294,294,307,326,326,326,160,160,189,189,216,258,270,282,323,349,361,477,489,515,527,539,551,106,106,138,189,189,189,34,34,44,62,62,62],"floor_reached":51,"playtime":1481,"items_purged":["Regret"],"score":1118,"play_id":"fa7bfba5-d5ea-42d4-ac71-49889ffe8db8","local_time":"20190220025657","is_ascension_mode":true,"campfire_choices":[{"data":"Whirlwind","floor":7.0,"key":"SMITH"},{"data":"Uppercut","floor":13.0,"key":"SMITH"},{"data":"Parasite","floor":15.0,"key":"PURGE"},{"data":"Strike_R","floor":23.0,"key":"PURGE"},{"data":"Strike_R","floor":25.0,"key":"PURGE"},{"floor":32.0,"key":"REST"},{"data":"Strike_R","floor":40.0,"key":"PURGE"},{"floor":46,"key":"REST"},{"floor":49,"key":"REST"}],"neow_cost":"CURSE","seed_source_timestamp":125652976686778,"circlet_count":0,"master_deck":["AscendersBane","Strike_R","Defend_R","Defend_R","Defend_R","Bash","Carnage+1","Uppercut+1","Shrug It Off","Spot Weakness","Intimidate","Whirlwind+1","Double Tap","True Grit+1","Spot Weakness+1","Apotheosis","Sentinel+1","Seeing Red+1","Impervious","Dark Shackles","Metallicize+1","Twin Strike+1","Headbutt","Flame Barrier+1"],"special_seed":0,"relics":["Burning Blood","Juzu Bracelet","Happy Flower","Peace Pipe","Shuriken","Potion Belt","Bloody Idol","Fusion Hammer","Blood Vial","MawBank","Bronze Scales","Strawberry","Philosopher\u0027s Stone","Darkstone Periapt","Kunai","ClockworkSouvenir","Regal Pillow","Mango","Whetstone","Red Skull"],"potions_floor_usage":[41,50,50,50,50],"damage_taken":[{"damage":18.0,"enemies":"Jaw Worm","floor":1.0,"turns":5.0},{"damage":0.0,"enemies":"Small Slimes","floor":4.0,"turns":4.0},{"damage":0.0,"enemies":"2 Louse","floor":5.0,"turns":3.0},{"damage":32.0,"enemies":"Lagavulin","floor":6.0,"turns":6.0},{"damage":10.0,"enemies":"3 Sentries","floor":8.0,"turns":4.0},{"damage":29.0,"enemies":"Gremlin Nob","floor":10.0,"turns":4.0},{"damage":3.0,"enemies":"2 Fungi Beasts","floor":12.0,"turns":4.0},{"damage":40.0,"enemies":"Slime Boss","floor":16.0,"turns":7.0},{"damage":18.0,"enemies":"2 Thieves","floor":18.0,"turns":4.0},{"damage":0.0,"enemies":"Spheric Guardian","floor":19.0,"turns":2.0},{"damage":30.0,"enemies":"Book of Stabbing","floor":24.0,"turns":5.0},{"damage":48.0,"enemies":"Gremlin Leader","floor":27.0,"turns":5.0},{"damage":32.0,"enemies":"Book of Stabbing","floor":30.0,"turns":5.0},{"damage":25.0,"enemies":"Shelled Parasite and Fungi","floor":31.0,"turns":6.0},{"damage":48.0,"enemies":"Champ","floor":33.0,"turns":8.0},{"damage":7.0,"enemies":"Orb Walker","floor":35.0,"turns":3.0},{"damage":46,"enemies":"Giant Head","floor":41,"turns":6},{"damage":27,"enemies":"2 Orb Walkers","floor":42,"turns":4},{"damage":18,"enemies":"3 Shapes","floor":47,"turns":9},{"damage":16,"enemies":"Jaw Worm Horde","floor":48,"turns":4},{"damage":24,"enemies":"Time Eater","floor":50,"turns":7}],"seed_played":"-1545312159358158325","potions_obtained":[{"floor":1.0,"key":"Regen Potion"},{"floor":4.0,"key":"Energy Potion"},{"floor":10.0,"key":"EssenceOfSteel"},{"floor":12.0,"key":"GamblersBrew"},{"floor":16.0,"key":"GamblersBrew"},{"floor":27.0,"key":"GamblersBrew"},{"floor":31.0,"key":"Dexterity Potion"},{"floor":42,"key":"Regen Potion"},{"floor":47,"key":"SkillPotion"}],"is_trial":false,"path_per_floor":["M","$","?","M","M","E","R","E","T","E","?","M","R","?","R","B",null,"M","M","?","?","$","R","E","R","T","E","$","?","E","M","R","B",null,"M","?","?","T","$","R","E","?","T","?","$","R","M","M","R","B",null],"character_chosen":"IRONCLAD","items_purchased":["Juzu Bracelet","Uppercut","Shrug It Off","Apotheosis","Kunai","ClockworkSouvenir","Red Skull"],"campfire_rested":3,"item_purchase_floors":[2,2,2,22,39,39,45],"current_hp_per_floor":[60,60,60,66,72,59,59,55,55,32,32,35,35,53,53,19,58,46,52,71,71,71,71,52,52,57,27,32,37,30,23,51,21,65,76,78,78,78,78,78,43,43,43,43,43,85,80,77,92,82],"gold":62,"neow_bonus":"TWO_FIFTY_GOLD","is_prod":false,"is_daily":false,"chose_seed":false,"campfire_upgraded":2,"win_rate":0,"timestamp":1550624217,"path_taken":["M","$","?","M","M","E","R","E","T","E","?","M","R","?","R","BOSS","M","M","?","?","?","R","E","R","T","E","$","?","E","M","R","BOSS","M","?","?","?","$","R","E","?","T","?","?","R","M","M","R","BOSS"],"build_version":"2019-01-23","purchased_purges":1,"victory":true,"max_hp_per_floor":[80,80,80,80,80,80,80,80,80,80,74,74,74,74,71,71,71,71,71,71,71,71,71,71,71,71,71,71,71,78,78,78,78,78,78,78,78,78,78,78,78,92,92,92,92,92,92,92,92,92],"card_choices":[{"not_picked":["Havoc","Sever Soul"],"picked":"Carnage","floor":1.0},{"not_picked":["Shrug It Off","True Grit"],"picked":"Spot Weakness","floor":4.0},{"not_picked":["Pommel Strike","Sword Boomerang"],"picked":"Intimidate","floor":5.0},{"not_picked":["Clothesline","True Grit"],"picked":"Whirlwind","floor":6.0},{"not_picked":["Metallicize","Cleave"],"picked":"Spot Weakness","floor":8.0},{"not_picked":["True Grit","Perfected Strike","Disarm"],"picked":"SKIP","floor":10.0},{"not_picked":["Flex","Whirlwind","Fiend Fire"],"picked":"SKIP","floor":12.0},{"not_picked":["Juggernaut","Exhume"],"picked":"Double Tap","floor":16.0},{"not_picked":["Body Slam","Sword Boomerang+1"],"picked":"True Grit+1","floor":18.0},{"not_picked":["Power Through","True Grit+1"],"picked":"Spot Weakness+1","floor":19.0},{"not_picked":["Wild Strike+1","Sever Soul+1","Exhume"],"picked":"SKIP","floor":24.0},{"not_picked":["Flex","Cleave+1"],"picked":"Sentinel+1","floor":27.0},{"not_picked":["Anger","Exhume","Body Slam+1"],"picked":"SKIP","floor":30.0},{"not_picked":["Battle Trance","Thunderclap"],"picked":"Seeing Red+1","floor":31.0},{"not_picked":["Feed","Brutality"],"picked":"Impervious","floor":33.0},{"not_picked":["Perfected Strike","Havoc+1","Iron Wave+1"],"picked":"SKIP","floor":35.0},{"not_picked":["Purity","Dramatic Entrance"],"picked":"Dark Shackles","floor":37.0},{"not_picked":["Spot Weakness+1","Dropkick+1"],"picked":"Metallicize+1","floor":41},{"not_picked":["Wild Strike","Iron Wave+1"],"picked":"Twin Strike","floor":42},{"not_picked":["Armaments","Combust"],"picked":"Headbutt","floor":47},{"not_picked":["Anger","Shockwave+1"],"picked":"Flame Barrier+1","floor":48}],"player_experience":205300,"relics_obtained":[{"floor":6.0,"key":"Happy Flower"},{"floor":8.0,"key":"Peace Pipe"},{"floor":9.0,"key":"Shuriken"},{"floor":10.0,"key":"Potion Belt"},{"floor":24.0,"key":"Blood Vial"},{"floor":26.0,"key":"MawBank"},{"floor":27.0,"key":"Bronze Scales"},{"floor":30.0,"key":"Strawberry"},{"floor":38.0,"key":"Darkstone Periapt"},{"floor":41,"key":"Regal Pillow"},{"floor":42,"key":"Mango"},{"floor":43,"key":"Whetstone"}],"event_choices":[{"damage_healed":0.0,"max_hp_gain":0.0,"max_hp_loss":0.0,"gold_gain":0.0,"event_name":"Liars Game","player_choice":"Ignored","floor":3.0,"gold_loss":0.0,"damage_taken":0.0},{"damage_healed":0.0,"max_hp_gain":0.0,"max_hp_loss":6.0,"gold_gain":0.0,"event_name":"Golden Idol","player_choice":"Lose Max HP","floor":11.0,"gold_loss":0.0,"damage_taken":0.0,"relics_obtained":["Golden Idol"]},{"damage_healed":18.0,"max_hp_gain":0.0,"max_hp_loss":0.0,"gold_gain":0.0,"event_name":"Mushrooms","player_choice":"Healed and dodged fight","floor":14.0,"gold_loss":0.0,"damage_taken":0.0,"cards_obtained":["Parasite"]},{"damage_healed":23.0,"max_hp_gain":0.0,"max_hp_loss":0.0,"gold_gain":0.0,"event_name":"The Library","player_choice":"Heal","floor":20.0,"gold_loss":0.0,"damage_taken":0.0},{"damage_healed":0.0,"max_hp_gain":0.0,"max_hp_loss":0.0,"gold_gain":0.0,"event_name":"Forgotten Altar","player_choice":"Gave Idol","floor":21.0,"relics_lost":["Golden Idol"],"gold_loss":0.0,"damage_taken":0.0,"relics_obtained":["Bloody Idol"]},{"cards_removed":["Defend_R"],"damage_healed":0.0,"max_hp_gain":0.0,"max_hp_loss":0.0,"gold_gain":0.0,"event_name":"Back to Basics","player_choice":"Elegance","floor":29.0,"gold_loss":0.0,"damage_taken":0.0},{"cards_removed":["Spot Weakness"],"damage_healed":0.0,"max_hp_gain":0.0,"max_hp_loss":0.0,"gold_gain":0.0,"event_name":"Falling","player_choice":"Removed Skill","floor":36.0,"gold_loss":0.0,"damage_taken":0.0},{"damage_healed":0.0,"max_hp_gain":0.0,"max_hp_loss":0.0,"gold_gain":0.0,"event_name":"SensoryStone","player_choice":"Memory 1","floor":37.0,"gold_loss":0.0,"damage_taken":0.0},{"damage_healed":0,"gold_gain":0,"player_choice":"Fight","damage_taken":0,"max_hp_gain":0,"max_hp_loss":0,"event_name":"Mysterious Sphere","floor":42,"gold_loss":0},{"cards_removed":["Strike_R"],"damage_healed":0,"gold_gain":0,"player_choice":"Purged","damage_taken":0,"max_hp_gain":0,"max_hp_loss":0,"event_name":"Purifier","floor":44,"gold_loss":0}],"is_beta":false,"boss_relics":[{"not_picked":["Eternal Feather","Pandora\u0027s Box"],"picked":"Fusion Hammer"},{"not_picked":["Tiny House","Snecko Eye"],"picked":"Philosopher\u0027s Stone"}],"items_purged_floors":[2],"is_endless":false,"potions_floor_spawned":[1,4,10,12,16,27,31,42,47],"ascension_level":10}