{"gold_per_floor":[116,116,116,66,76,104,104,104,104,119,129,129,145,179,179,256,256,282,313,250,102,121,121],"floor_reached":23,"playtime":1040,"items_purged":["Decay"],"score":418,"play_id":"5f45c29e-0b51-44c1-b0fe-f6b7fd489151","local_time":"20190226153708","is_ascension_mode":true,"campfire_choices":[{"data":"Bouncing Flask","floor":8,"key":"SMITH"},{"data":"Neutralize","floor":12,"key":"SMITH"},{"floor":15,"key":"REST"}],"neow_cost":"NONE","seed_source_timestamp":1201096893332288,"circlet_count":0,"master_deck":["AscendersBane","Defend_G","Defend_G","Defend_G","Defend_G","Defend_G","Strike_G","Strike_G","Strike_G","Strike_G","Survivor","Neutralize+1","Backflip","Deadly Poison","Bouncing Flask+1","Quick Slash","Dash","Flechettes","Adrenaline","Clumsy","Dagger Spray+1","Noxious Fumes","Well Laid Plans"],"relics":["Ring of the Snake","NeowsBlessing","PreservedInsect","Centennial Puzzle","Bag of Marbles","Calling Bell","MawBank","Letter Opener","FossilizedHelix"],"potions_floor_usage":[18,22,23],"damage_taken":[{"damage":0,"enemies":"Small Slimes","floor":1,"turns":1},{"damage":0,"enemies":"Jaw Worm","floor":5,"turns":1},{"damage":0,"enemies":"Lagavulin","floor":6,"turns":1},{"damage":0,"enemies":"Cultist","floor":10,"turns":3},{"damage":15,"enemies":"Large Slime","floor":11,"turns":6},{"damage":0,"enemies":"Looter","floor":13,"turns":3},{"damage":9,"enemies":"3 Sentries","floor":14,"turns":8},{"damage":5,"enemies":"The Guardian","floor":16,"turns":9},{"damage":16,"enemies":"2 Thieves","floor":18,"turns":4},{"damage":41,"enemies":"3 Byrds","floor":19,"turns":8},{"damage":0,"enemies":"Centurion and Healer","floor":22,"turns":9},{"damage":5,"enemies":"Book of Stabbing","floor":23,"turns":4}],"seed_played":"-3474761435095041031","potions_obtained":[{"floor":11,"key":"GhostInAJar"},{"floor":13,"key":"Energy Potion"},{"floor":18,"key":"GhostInAJar"}],"is_trial":false,"path_per_floor":["M","?","?","$","M","E","$","R","T","M","M","R","M","E","R","B",null,"M","M","?","$","M","E"],"character_chosen":"THE_SILENT","items_purchased":["Deadly Poison","Well Laid Plans"],"campfire_rested":1,"item_purchase_floors":[4,21],"current_hp_per_floor":[59,59,59,59,59,59,59,59,59,59,44,44,44,35,54,49,62,46,5,5,5,5,0],"gold":121,"neow_bonus":"THREE_ENEMY_KILL","is_prod":false,"is_daily":false,"chose_seed":false,"campfire_upgraded":2,"win_rate":0,"timestamp":1551224228,"path_taken":["M","?","?","$","?","E","$","R","T","M","M","R","M","E","R","BOSS","M","M","?","$","M","E"],"build_version":"2019-01-23","purchased_purges":1,"victory":false,"max_hp_per_floor":[66,66,66,66,66,66,66,66,66,66,66,66,66,66,66,66,66,66,66,66,66,66,66],"card_choices":[{"not_picked":["Dodge and Roll","Eviscerate"],"picked":"Backflip","floor":1},{"not_picked":["Choke","Underhanded Strike"],"picked":"Bouncing Flask","floor":5},{"not_picked":["Finisher","Acrobatics"],"picked":"Quick Slash","floor":6},{"not_picked":["Sucker Punch","Tactician","Bouncing Flask"],"picked":"SKIP","floor":10},{"not_picked":["Sucker Punch","Unload"],"picked":"Dash","floor":11},{"not_picked":["Flying Knee","Expertise"],"picked":"Flechettes","floor":13},{"not_picked":["Flechettes","Underhanded Strike","Acrobatics"],"picked":"SKIP","floor":14},{"not_picked":["Night Terror","A Thousand Cuts"],"picked":"Adrenaline","floor":16},{"not_picked":["Dodge and Roll","Calculated Gamble"],"picked":"Dagger Spray+1","floor":18},{"not_picked":["All Out Attack","Expertise"],"picked":"Noxious Fumes","floor":19},{"not_picked":["Underhanded Strike+1","Distraction","Prepared"],"picked":"SKIP","floor":22}],"player_experience":255919,"relics_obtained":[{"floor":6,"key":"PreservedInsect"},{"floor":9,"key":"Centennial Puzzle"},{"floor":14,"key":"Bag of Marbles"},{"floor":17,"key":"MawBank"},{"floor":17,"key":"Letter Opener"},{"floor":17,"key":"FossilizedHelix"}],"event_choices":[{"damage_healed":0,"gold_gain":0,"player_choice":"Ignored","damage_taken":0,"max_hp_gain":0,"max_hp_loss":0,"event_name":"Liars Game","floor":2,"gold_loss":0},{"cards_removed":["Strike_G"],"damage_healed":0,"gold_gain":0,"player_choice":"Purged","damage_taken":0,"max_hp_gain":0,"max_hp_loss":0,"event_name":"Purifier","floor":3,"gold_loss":0},{"cards_removed":["Normality"],"damage_healed":0,"gold_gain":0,"player_choice":"Gave Gold","damage_taken":0,"max_hp_gain":0,"max_hp_loss":0,"event_name":"Beggar","floor":20,"gold_loss":75}],"is_beta":false,"boss_relics":[{"not_picked":["Philosopher\u0027s Stone","Tiny House"],"picked":"Calling Bell"}],"items_purged_floors":[21],"is_endless":false,"potions_floor_spawned":[11,13,14,16,18,19],"killed_by":"Book of Stabbing","ascension_level":17}