{"gold_per_floor":[119,294,310,381,331,331,331,331,331,606,631,631,299,331,331,432,432,451,461,461,461,461,486,486,576,576,608,608,618,618,632,632,632],"floor_reached":33,"playtime":2003,"items_purged":[],"score":528,"play_id":"4e850f3c-4f80-4830-84f2-bf6d16939bea","local_time":"20190209093742","is_ascension_mode":true,"campfire_choices":[{"data":"Self Repair","floor":6,"key":"SMITH"},{"data":"Zap","floor":8,"key":"SMITH"},{"floor":12,"key":"REST"},{"data":"Defragment","floor":15,"key":"SMITH"},{"data":"Ghostly","floor":30,"key":"SMITH"},{"data":"Conserve Battery","floor":32,"key":"SMITH"}],"neow_cost":"NONE","seed_source_timestamp":0,"circlet_count":0,"master_deck":["Strike_B","Strike_B","Defend_B","Defend_B","Defend_B","Zap+1","Dualcast","Self Repair+1","Doubt","Cold Snap","Pain","Regret","Go for the Eyes+1","Self Repair","Defragment+1","Electrodynamics","Compile Driver+1","Conserve Battery+1","Ball Lightning+1","Conserve Battery+1","Ghostly+1","Ghostly","Ghostly","Ghostly","Ghostly","Beam Cell+1","Ball Lightning+1"],"special_seed":0,"relics":["Cracked Core","Juzu Bracelet","Blue Candle","WarpedTongs","Molten Egg 2","Anchor","Art of War","Bag of Preparation","Sundial","Empty Cage","Pocketwatch","Happy Flower","Orichalcum","Dream Catcher"],"potions_floor_usage":[16,23,27],"damage_taken":[{"damage":4,"enemies":"Small Slimes","floor":1,"turns":3},{"damage":6,"enemies":"Jaw Worm","floor":3,"turns":4},{"damage":24,"enemies":"Gremlin Nob","floor":11,"turns":4},{"damage":19,"enemies":"Lagavulin","floor":14,"turns":6},{"damage":30,"enemies":"The Guardian","floor":16,"turns":10},{"damage":3,"enemies":"Chosen","floor":18,"turns":4},{"damage":17,"enemies":"2 Thieves","floor":19,"turns":4},{"damage":52,"enemies":"Slavers","floor":23,"turns":7},{"damage":15,"enemies":"Gremlin Leader","floor":27,"turns":5},{"damage":3,"enemies":"Snake Plant","floor":29,"turns":5},{"damage":10,"enemies":"Cultist and Chosen","floor":31,"turns":7},{"damage":51,"enemies":"Champ","floor":33,"turns":8}],"seed_played":"8252968414809418776","potions_obtained":[{"floor":1,"key":"Strength Potion"},{"floor":3,"key":"Strength Potion"},{"floor":19,"key":"Fire Potion"},{"floor":23,"key":"Explosive Potion"}],"is_trial":false,"path_per_floor":["M","?","M","T","?","R","?","R","T","?","E","R","$","E","R","B",null,"M","M","?","?","?","E","?","?","T","E","?","M","R","M","R","B"],"character_chosen":"DEFECT","items_purchased":["Self Repair","Art of War","Bag of Preparation"],"campfire_rested":1,"item_purchase_floors":[13,13,13],"current_hp_per_floor":[64,64,65,65,65,65,65,65,65,65,51,73,73,71,71,58,71,75,75,75,75,75,40,65,51,51,53,37,37,37,37,37,0],"gold":632,"neow_bonus":"RANDOM_COMMON_RELIC","is_prod":false,"is_daily":false,"chose_seed":false,"campfire_upgraded":5,"win_rate":0,"timestamp":1549733862,"path_taken":["M","?","M","?","?","R","?","R","T","?","E","R","$","E","R","BOSS","M","M","?","?","?","E","?","?","T","E","?","M","R","M","R","BOSS"],"build_version":"2019-01-23","purchased_purges":0,"victory":false,"max_hp_per_floor":[75,75,75,75,75,75,75,75,75,75,75,75,75,75,75,75,75,75,75,75,75,75,75,75,75,75,75,37,37,37,37,37,37],"card_choices":[{"not_picked":["Blizzard","Redo"],"picked":"Self Repair","floor":1},{"not_picked":["Turbo","Barrage"],"picked":"Cold Snap","floor":3},{"not_picked":["Doom and Gloom+1","Aggregate"],"picked":"Go for the Eyes+1","floor":11},{"not_picked":["Static Discharge","Buffer"],"picked":"Defragment","floor":14},{"not_picked":["Buffer","Thunder Strike+1"],"picked":"Electrodynamics","floor":16},{"not_picked":["Cold Snap+1","Barrage+1"],"picked":"Compile Driver+1","floor":18},{"not_picked":["Double Energy","Steam Power"],"picked":"Conserve Battery","floor":19},{"not_picked":["Gash+1","Cold Snap+1"],"picked":"Ball Lightning+1","floor":23},{"not_picked":["Barrage+1","Melter+1"],"picked":"Conserve Battery+1","floor":27},{"not_picked":["Cold Snap+1","Rebound+1"],"picked":"Beam Cell+1","floor":29},{"not_picked":["Streamline+1","Go for the Eyes+1"],"picked":"Ball Lightning+1","floor":31}],"player_experience":300609,"relics_obtained":[{"floor":4,"key":"Blue Candle"},{"floor":9,"key":"Molten Egg 2"},{"floor":11,"key":"Anchor"},{"floor":14,"key":"Sundial"},{"floor":23,"key":"Happy Flower"},{"floor":26,"key":"Orichalcum"},{"floor":27,"key":"Dream Catcher"}],"event_choices":[{"damage_healed":0,"gold_gain":175,"player_choice":"AGREE","damage_taken":0,"max_hp_gain":0,"max_hp_loss":0,"event_name":"Liars Game","floor":2,"gold_loss":0,"cards_obtained":["Doubt"]},{"cards_removed":["Strike_B"],"damage_healed":0,"gold_gain":0,"player_choice":"Card Removal","damage_taken":0,"max_hp_gain":0,"max_hp_loss":0,"event_name":"The Cleric","floor":5,"gold_loss":50},{"damage_healed":0,"gold_gain":0,"player_choice":"Rummage","damage_taken":0,"relics_obtained":["WarpedTongs"],"max_hp_gain":0,"max_hp_loss":0,"event_name":"Accursed Blacksmith","floor":7,"gold_loss":0,"cards_obtained":["Pain"]},{"damage_healed":0,"gold_gain":275,"player_choice":"Desecrate","damage_taken":0,"max_hp_gain":0,"max_hp_loss":0,"event_name":"Golden Shrine","floor":10,"gold_loss":0,"cards_obtained":["Regret"]},{"damage_healed":0,"gold_gain":0,"player_choice":"Gave Potion","damage_taken":0,"relics_obtained":["Pocketwatch"],"max_hp_gain":0,"max_hp_loss":0,"event_name":"WeMeetAgain","floor":20,"gold_loss":0},{"damage_healed":0,"gold_gain":0,"player_choice":"Ignored","damage_taken":0,"max_hp_gain":0,"max_hp_loss":0,"event_name":"Vampires","floor":21,"gold_loss":0},{"damage_healed":0,"gold_gain":0,"player_choice":"Bought 0 Potions","damage_taken":0,"max_hp_gain":0,"max_hp_loss":0,"event_name":"The Woman in Blue","floor":22,"gold_loss":0},{"damage_healed":25,"gold_gain":0,"player_choice":"Heal","damage_taken":0,"max_hp_gain":0,"max_hp_loss":0,"event_name":"The Library","floor":24,"gold_loss":0},{"damage_healed":0,"gold_gain":90,"player_choice":"GOLD ","damage_taken":14,"max_hp_gain":0,"max_hp_loss":0,"event_name":"Knowing Skull","floor":25,"potions_obtained":[],"gold_loss":0,"cards_obtained":[]},{"damage_healed":0,"gold_gain":0,"player_choice":"Became a Ghost","damage_taken":0,"max_hp_gain":0,"max_hp_loss":38,"event_name":"Ghosts","floor":28,"gold_loss":0,"cards_obtained":["Ghostly","Ghostly","Ghostly","Ghostly","Ghostly"]}],"is_beta":false,"boss_relics":[{"not_picked":["FrozenCore","Velvet Choker"],"picked":"Empty Cage"}],"items_purged_floors":[],"is_endless":false,"potions_floor_spawned":[1,3,19,23],"killed_by":"Champ","ascension_level":6}