{"gold_per_floor":[109,109,109,127,151,30,30,66,66,80,104,104,104,128,128,128],"floor_reached":16,"playtime":290,"items_purged":["Strike_R"],"score":170,"play_id":"157a0bf4-b03c-4732-93d2-e6c0b4778ce9","local_time":"20190226195049","is_ascension_mode":true,"campfire_choices":[{"data":"Flame Barrier","floor":7,"key":"SMITH"},{"floor":12,"key":"DIG"},{"floor":15,"key":"REST"}],"neow_cost":"NONE","seed_source_timestamp":88770162189538,"circlet_count":0,"master_deck":["AscendersBane","Strike_R","Strike_R","Strike_R","Strike_R+1","Defend_R","Defend_R","Defend_R","Defend_R","Bash+1","Rampage","Flame Barrier+1","Spot Weakness","Shrug It Off","Headbutt","Intimidate"],"relics":["Burning Blood","NeowsBlessing","Golden Idol","Shovel","Singing Bowl","Lantern","Smiling Mask"],"potions_floor_usage":[8,8],"damage_taken":[{"damage":0,"enemies":"Small Slimes","floor":1,"turns":1},{"damage":0,"enemies":"2 Louse","floor":4,"turns":1},{"damage":0,"enemies":"Jaw Worm","floor":5,"turns":1},{"damage":33,"enemies":"Lagavulin","floor":8,"turns":5},{"damage":1,"enemies":"Red Slaver","floor":10,"turns":4},{"damage":17,"enemies":"Exordium Thugs","floor":11,"turns":5},{"damage":52,"enemies":"Slime Boss","floor":16,"turns":8}],"seed_played":"-6265382263867382595","potions_obtained":[{"floor":1,"key":"EssenceOfSteel"},{"floor":4,"key":"GamblersBrew"},{"floor":5,"key":"Swift Potion"}],"is_trial":false,"path_per_floor":["M","?","?","M","M","$","R","E","T","M","M","R","$","T","R","B"],"character_chosen":"IRONCLAD","items_purchased":["Shrug It Off"],"campfire_rested":1,"item_purchase_floors":[6],"current_hp_per_floor":[74,56,41,47,53,53,53,26,26,31,22,22,22,22,45,0],"gold":128,"neow_bonus":"THREE_ENEMY_KILL","is_prod":false,"is_daily":false,"chose_seed":false,"campfire_upgraded":1,"win_rate":0,"timestamp":1551203449,"path_taken":["M","?","?","M","?","?","R","E","T","M","M","R","$","?","R","BOSS"],"build_version":"2019-01-23","purchased_purges":1,"victory":false,"max_hp_per_floor":[75,75,75,75,75,75,75,75,75,75,77,77,77,77,77,77],"card_choices":[{"not_picked":["Wild Strike","Flex"],"picked":"Rampage","floor":1},{"not_picked":["Sever Soul","Evolve"],"picked":"Flame Barrier","floor":4},{"not_picked":["Inflame","Twin Strike"],"picked":"Spot Weakness","floor":5},{"not_picked":["Iron Wave","Rupture"],"picked":"Headbutt","floor":8},{"not_picked":["Wild Strike","Pommel Strike"],"picked":"Intimidate","floor":10},{"not_picked":["Sword Boomerang","Entrench","Perfected Strike"],"picked":"Singing Bowl","floor":11}],"player_experience":227427,"relics_obtained":[{"floor":8,"key":"Shovel"},{"floor":9,"key":"Singing Bowl"},{"floor":12,"key":"Lantern"},{"floor":14,"key":"Smiling Mask"}],"event_choices":[{"damage_healed":0,"gold_gain":0,"player_choice":"Take Damage","damage_taken":18,"relics_obtained":["Golden Idol"],"max_hp_gain":0,"max_hp_loss":0,"event_name":"Golden Idol","floor":2,"gold_loss":0},{"damage_healed":0,"gold_gain":0,"player_choice":"Entered Light","damage_taken":15,"max_hp_gain":0,"max_hp_loss":0,"event_name":"Shining Light","floor":3,"gold_loss":0,"cards_upgraded":["Strike_R","Bash"]}],"is_beta":false,"boss_relics":[],"items_purged_floors":[6],"is_endless":false,"potions_floor_spawned":[1,4,5],"killed_by":"Slime Boss","ascension_level":14}