{"gold_per_floor":[99,118,118,193,209,209,224,256,256,256,276,321,283,295],"floor_reached":14,"playtime":542,"items_purged":[],"score":126,"play_id":"fe4759ec-b363-44c7-8381-481f6d4712d7","local_time":"20190215001405","is_ascension_mode":true,"campfire_choices":[{"floor":6,"key":"REST"},{"floor":10,"key":"REST"}],"neow_cost":"NONE","seed_source_timestamp":85795805008899,"circlet_count":0,"master_deck":["Strike_B","Strike_B","Strike_B","Defend_B","Defend_B","Defend_B","Defend_B","Zap","Dualcast","White Noise","Consume","Self Repair","Beam Cell","Storm"],"relics":["Cracked Core","NeowsBlessing","Pen Nib","Pear","MawBank"],"potions_floor_usage":[8],"damage_taken":[{"damage":0,"enemies":"Cultist","floor":1,"turns":1},{"damage":0,"enemies":"Small Slimes","floor":2,"turns":1},{"damage":0,"enemies":"Jaw Worm","floor":5,"turns":1},{"damage":22,"enemies":"3 Louse","floor":7,"turns":4},{"damage":45,"enemies":"3 Sentries","floor":8,"turns":6},{"damage":25,"enemies":"Exordium Wildlife","floor":11,"turns":5},{"damage":35,"enemies":"Lots of Slimes","floor":14,"turns":2}],"seed_played":"-7289379898221589291","potions_obtained":[{"floor":5,"key":"LiquidBronze"},{"floor":8,"key":"FearPotion"}],"is_trial":false,"path_per_floor":["M","M","$","?","M","R","M","E","T","R","M","T","?","M"],"character_chosen":"DEFECT","items_purchased":[],"campfire_rested":2,"item_purchase_floors":[],"current_hp_per_floor":[68,68,68,57,57,75,53,15,25,50,32,32,32,0],"gold":295,"neow_bonus":"THREE_ENEMY_KILL","is_prod":false,"is_daily":false,"chose_seed":false,"campfire_upgraded":0,"win_rate":0,"timestamp":1550218445,"path_taken":["M","?","?","?","M","R","M","E","T","R","M","?","?","M"],"build_version":"2019-01-23","purchased_purges":0,"victory":false,"max_hp_per_floor":[75,75,75,75,75,75,75,75,85,85,85,85,85,85],"card_choices":[{"not_picked":["Scrape","Redo","Steam"],"picked":"SKIP","floor":1},{"not_picked":["FTL","Doom and Gloom"],"picked":"White Noise","floor":2},{"not_picked":["Reinforced Body","Darkness"],"picked":"Consume","floor":5},{"not_picked":["Gash","Sunder"],"picked":"Self Repair","floor":7},{"not_picked":["Steam Power","Turbo"],"picked":"Beam Cell","floor":8},{"not_picked":["Streamline","Steam"],"picked":"Storm","floor":11}],"player_experience":401094,"relics_obtained":[{"floor":8,"key":"Pen Nib"},{"floor":9,"key":"Pear"},{"floor":12,"key":"MawBank"}],"event_choices":[{"damage_healed":0,"gold_gain":75,"player_choice":"Gather Gold","damage_taken":11,"max_hp_gain":0,"max_hp_loss":0,"event_name":"World of Goop","floor":4,"gold_loss":0},{"cards_removed":["Strike_B"],"damage_healed":0,"gold_gain":0,"player_choice":"Card Removal","damage_taken":0,"max_hp_gain":0,"max_hp_loss":0,"event_name":"The Cleric","floor":13,"gold_loss":50}],"is_beta":false,"boss_relics":[],"items_purged_floors":[],"is_endless":false,"potions_floor_spawned":[1,5,8],"killed_by":"Lots of Slimes","ascension_level":8}