{"gold_per_floor":[10,185,185,197,212,241,303,303,303,303,315,334,334,350,350,446,446,464,514,534,599,615,615,628,628,628,648,662,160,160,160,160,160],"floor_reached":33,"playtime":1250,"items_purged":["Doubt"],"score":278,"play_id":"c9e65244-b7b2-41bf-81cc-b7bb05c1fe89","local_time":"20190219011108","is_ascension_mode":false,"campfire_choices":[{"data":"Searing Blow","floor":8.0,"key":"SMITH"},{"data":"Searing Blow+1","floor":10.0,"key":"SMITH"},{"data":"Searing Blow+2","floor":13.0,"key":"SMITH"},{"data":"Searing Blow+3","floor":15.0,"key":"SMITH"},{"data":"Searing Blow+4","floor":23.0,"key":"SMITH"},{"data":"Searing Blow+5","floor":25.0,"key":"SMITH"},{"data":"Searing Blow+6","floor":30.0,"key":"SMITH"},{"floor":32.0,"key":"REST"}],"neow_cost":"NO_GOLD","seed_source_timestamp":0,"circlet_count":0,"master_deck":["Strike_R","Strike_R","Strike_R","Strike_R","Strike_R","Defend_R","Defend_R+1","Defend_R","Defend_R","Bash","Fiend Fire","Searing Blow+7","Shrug It Off","True Grit","Metallicize","Shockwave","Burning Pact","Havoc+1","Double Tap","Headbutt+1","Secret Weapon","Bandage Up+1"],"special_seed":0,"relics":["Burning Blood","SsserpentHead","Strawberry","Singing Bowl","Mark of Pain","Ginger","War Paint"],"potions_floor_usage":[33],"damage_taken":[{"damage":0.0,"enemies":"2 Louse","floor":1.0,"turns":3.0},{"damage":0.0,"enemies":"Small Slimes","floor":4.0,"turns":3.0},{"damage":0.0,"enemies":"Cultist","floor":5.0,"turns":2.0},{"damage":51.0,"enemies":"Lagavulin","floor":6.0,"turns":8.0},{"damage":27.0,"enemies":"Exordium Wildlife","floor":7.0,"turns":9.0},{"damage":7.0,"enemies":"Large Slime","floor":11.0,"turns":6.0},{"damage":2.0,"enemies":"Red Slaver","floor":12.0,"turns":5.0},{"damage":1.0,"enemies":"2 Fungi Beasts","floor":14.0,"turns":3.0},{"damage":25.0,"enemies":"Hexaghost","floor":16.0,"turns":9.0},{"damage":11.0,"enemies":"2 Thieves","floor":18.0,"turns":5.0},{"damage":39.0,"enemies":"Colosseum Slavers","floor":19.0,"turns":7.0},{"damage":0.0,"enemies":"3 Byrds","floor":21.0,"turns":6.0},{"damage":18.0,"enemies":"Snake Plant","floor":22.0,"turns":4.0},{"damage":11.0,"enemies":"Centurion and Healer","floor":24.0,"turns":7.0},{"damage":11.0,"enemies":"Snecko","floor":27.0,"turns":3.0},{"damage":23.0,"enemies":"Sentry and Sphere","floor":28.0,"turns":6.0},{"damage":0.0,"enemies":"Shelled Parasite and Fungi","floor":31.0,"turns":1.0},{"damage":70,"enemies":"Champ","floor":33,"turns":8}],"seed_played":"-5675081422592201958","potions_obtained":[{"floor":1.0,"key":"SkillPotion"},{"floor":4.0,"key":"Regen Potion"},{"floor":7.0,"key":"LiquidBronze"},{"floor":16.0,"key":"Ancient Potion"},{"floor":18.0,"key":"PowerPotion"},{"floor":20.0,"key":"AttackPotion"},{"floor":20.0,"key":"SmokeBomb"},{"floor":24.0,"key":"LiquidBronze"}],"is_trial":false,"path_per_floor":["M","?","?","M","M","E","M","R","T","R","M","M","R","M","R","B",null,"M","?","?","M","M","R","M","R","T","M","M","$","R","M","R","B"],"character_chosen":"IRONCLAD","items_purchased":["Secret Weapon","Bandage Up","War Paint"],"campfire_rested":1,"item_purchase_floors":[29,29,29],"current_hp_per_floor":[80,80,80,80,80,42,36,36,36,36,37,41,41,48,48,31,93,88,55,55,63,51,51,48,48,48,43,26,26,26,32,61,0],"gold":160,"neow_bonus":"THREE_RARE_CARDS","is_prod":false,"is_daily":false,"chose_seed":false,"campfire_upgraded":7,"win_rate":0,"timestamp":1550560268,"path_taken":["M","?","?","M","M","E","?","R","T","R","M","M","R","M","R","BOSS","M","?","?","?","M","R","M","R","T","M","M","$","R","M","R","BOSS"],"build_version":"2019-01-23","purchased_purges":1,"victory":false,"max_hp_per_floor":[80,80,80,80,80,87,87,87,87,87,89,89,89,91,91,93,93,93,93,93,95,95,95,97,97,97,97,97,97,97,97,97,97],"card_choices":[{"not_picked":["Impervious","Exhume"],"picked":"Fiend Fire","floor":0.0},{"not_picked":["Bloodletting","Pummel"],"picked":"Searing Blow","floor":1.0},{"not_picked":["Warcry","Perfected Strike","Reckless Charge"],"picked":"SKIP","floor":4.0},{"not_picked":["Warcry","Wild Strike"],"picked":"Shrug It Off","floor":5.0},{"not_picked":["Flex","Perfected Strike"],"picked":"True Grit","floor":6.0},{"not_picked":["Wild Strike","Impervious"],"picked":"Metallicize","floor":7.0},{"not_picked":["Heavy Blade","Cleave","Twin Strike"],"picked":"Singing Bowl","floor":11.0},{"not_picked":["Bludgeon","Feel No Pain"],"picked":"Shockwave","floor":12.0},{"not_picked":["Heavy Blade","Searing Blow","Reckless Charge"],"picked":"Singing Bowl","floor":14.0},{"not_picked":["Impervious","Brutality","Limit Break"],"picked":"Singing Bowl","floor":16.0},{"not_picked":["Spot Weakness+1","Ghostly Armor+1"],"picked":"Burning Pact","floor":18.0},{"not_picked":["Thunderclap","Armaments","Anger"],"picked":"Singing Bowl","floor":21.0},{"not_picked":["Flame Barrier+1","Thunderclap"],"picked":"Havoc+1","floor":22.0},{"not_picked":["Clash+1","Rage","Combust"],"picked":"Singing Bowl","floor":24.0},{"not_picked":["Body Slam","Anger"],"picked":"Double Tap","floor":27.0},{"not_picked":["Second Wind","Clash"],"picked":"Headbutt+1","floor":28.0}],"player_experience":874725,"relics_obtained":[{"floor":6.0,"key":"Strawberry"},{"floor":9.0,"key":"Singing Bowl"},{"floor":26.0,"key":"Ginger"}],"event_choices":[{"damage_healed":0.0,"max_hp_gain":0.0,"max_hp_loss":0.0,"gold_gain":175.0,"event_name":"Liars Game","player_choice":"AGREE","floor":2.0,"gold_loss":0.0,"damage_taken":0.0,"cards_obtained":["Doubt"]},{"damage_healed":0.0,"max_hp_gain":0.0,"max_hp_loss":0.0,"gold_gain":0.0,"event_name":"FaceTrader","player_choice":"Trade","floor":3.0,"gold_loss":0.0,"damage_taken":0.0,"relics_obtained":["SsserpentHead"]},{"damage_healed":0.0,"max_hp_gain":0.0,"max_hp_loss":0.0,"gold_gain":0.0,"event_name":"Colosseum","player_choice":"Fight","floor":19.0,"gold_loss":0.0,"damage_taken":0.0},{"damage_healed":0.0,"max_hp_gain":0.0,"max_hp_loss":0.0,"gold_gain":0.0,"event_name":"Colosseum","player_choice":"Fled From Nobs","floor":19.0,"gold_loss":0.0,"damage_taken":0.0},{"damage_healed":0.0,"max_hp_gain":0.0,"max_hp_loss":0.0,"gold_gain":0.0,"event_name":"The Woman in Blue","player_choice":"Bought 2 Potions","floor":20.0,"gold_loss":0.0,"damage_taken":0.0}],"is_beta":false,"boss_relics":[{"not_picked":["Pandora\u0027s Box","Orrery"],"picked":"Mark of Pain"}],"items_purged_floors":[29],"is_endless":false,"potions_floor_spawned":[1,4,7,16,18,19,24,27,31],"killed_by":"Champ","ascension_level":0}