{"gold_per_floor":[116,116,116,127,142,174,174,189,189,189,189,207,221,239,239,344,344,364,364,364,376,4,4,29,29,29,29,29,62,81,101,101,203,203,219,219,300,57,70,70,0,0,0,0,0,0,51,77,77,77],"floor_reached":51,"playtime":3218,"items_purged":["Defend_R","Normality"],"score":975,"play_id":"c34adcd0-c1fb-413a-afbf-bdeee0362a83","local_time":"20190213004351","is_ascension_mode":true,"campfire_choices":[{"floor":7,"key":"REST"},{"floor":11,"key":"REST"},{"data":"Demon Form","floor":15,"key":"SMITH"},{"floor":23,"key":"REST"},{"floor":25,"key":"REST"},{"data":"1","floor":28,"key":"LIFT"},{"data":"2","floor":32,"key":"LIFT"},{"floor":40,"key":"REST"},{"data":"3","floor":42,"key":"LIFT"},{"data":"Armaments","floor":45,"key":"SMITH"},{"floor":49,"key":"REST"}],"neow_cost":"PERCENT_DAMAGE","seed_source_timestamp":2720921047987206,"circlet_count":0,"master_deck":["Strike_R","Strike_R","Strike_R","Strike_R","Defend_R","Defend_R","Defend_R","Bash+1","Pommel Strike","Flex","Armaments+1","Twin Strike","Demon Form+1","Shrug It Off+1","Armaments+1","Reaper","Immolate","Flex+1","Battle Trance+1","Reaper","Double Tap+1","Shrug It Off+1","PanicButton+1","True Grit+1","Pommel Strike+1","Flame Barrier+1"],"relics":["Burning Blood","FossilizedHelix","Toxic Egg 2","Kunai","Black Star","MutagenicStrength","Gambling Chip","Mummified Hand","Darkstone Periapt","Girya","Magic Flower","Omamori","Calling Bell","Potion Belt","Paper Frog","Ice Cream","Self Forming Clay","Art of War","Red Mask","Blood Vial","Charon\u0027s Ashes","Centennial Puzzle","PreservedInsect"],"potions_floor_usage":[16,24,24,33,50,50,50,50],"damage_taken":[{"damage":4,"enemies":"Jaw Worm","floor":1,"turns":5},{"damage":0,"enemies":"Cultist","floor":4,"turns":3},{"damage":8,"enemies":"2 Louse","floor":5,"turns":2},{"damage":46,"enemies":"Gremlin Nob","floor":6,"turns":5},{"damage":10,"enemies":"Gremlin Gang","floor":8,"turns":6},{"damage":0,"enemies":"Large Slime","floor":12,"turns":5},{"damage":0,"enemies":"Blue Slaver","floor":13,"turns":3},{"damage":0,"enemies":"Looter","floor":14,"turns":3},{"damage":42,"enemies":"Hexaghost","floor":16,"turns":8},{"damage":21,"enemies":"Shell Parasite","floor":18,"turns":5},{"damage":18,"enemies":"Chosen","floor":21,"turns":4},{"damage":65,"enemies":"Slavers","floor":24,"turns":5},{"damage":57,"enemies":"Gremlin Leader","floor":29,"turns":6},{"damage":22,"enemies":"Centurion and Healer","floor":30,"turns":7},{"damage":16,"enemies":"Snake Plant","floor":31,"turns":3},{"damage":63,"enemies":"Champ","floor":33,"turns":9},{"damage":19,"enemies":"Orb Walker","floor":35,"turns":3},{"damage":40,"enemies":"3 Darklings","floor":39,"turns":3},{"damage":67,"enemies":"2 Orb Walkers","floor":47,"turns":7},{"damage":81,"enemies":"Reptomancer","floor":48,"turns":9},{"damage":145,"enemies":"Donu and Deca","floor":50,"turns":10}],"seed_played":"1196863020542642315","potions_obtained":[{"floor":6,"key":"PowerPotion"},{"floor":14,"key":"GamblersBrew"},{"floor":18,"key":"PowerPotion"},{"floor":21,"key":"EssenceOfSteel"},{"floor":30,"key":"SneckoOil"},{"floor":33,"key":"Ancient Potion"},{"floor":47,"key":"SpeedPotion"},{"floor":48,"key":"Fire Potion"}],"is_trial":false,"path_per_floor":["M","?","$","M","M","E","R","M","T","?","R","M","M","M","R","B",null,"M","?","?","M","$","R","E","R","T","?","R","E","M","M","R","B",null,"M","?","T","$","M","R","?","R","T","$","R","?","?","E","R","B",null],"character_chosen":"IRONCLAD","items_purchased":["Gambling Chip","Art of War"],"campfire_rested":6,"item_purchase_floors":[22,38],"current_hp_per_floor":[53,53,53,59,57,17,41,37,37,37,61,67,73,79,79,64,76,73,73,58,46,46,71,40,65,65,57,57,36,81,74,74,58,84,74,74,74,74,60,87,87,87,87,87,87,86,28,15,40,10],"gold":77,"neow_bonus":"ONE_RARE_RELIC","is_prod":false,"is_daily":false,"chose_seed":false,"campfire_upgraded":2,"win_rate":0,"timestamp":1550047431,"path_taken":["M","?","$","?","M","E","R","M","T","?","R","?","M","M","R","BOSS","M","?","?","M","$","R","E","R","T","?","R","E","?","M","R","BOSS","M","?","?","$","?","R","?","R","T","?","R","?","?","E","R","BOSS"],"build_version":"2019-01-23","purchased_purges":2,"victory":true,"max_hp_per_floor":[80,80,80,80,80,80,80,80,80,80,80,80,80,80,80,80,80,80,80,85,85,85,85,85,85,85,85,85,85,85,85,85,85,91,91,91,91,91,91,91,91,91,91,91,91,86,86,86,86,86],"card_choices":[{"not_picked":["Clothesline","Perfected Strike"],"picked":"Pommel Strike","floor":1},{"not_picked":["Havoc","Wild Strike"],"picked":"Flex","floor":4},{"not_picked":["Anger","Flex"],"picked":"Armaments","floor":5},{"not_picked":["Sever Soul","Hemokinesis"],"picked":"Twin Strike","floor":6},{"not_picked":["Flex+1","Clothesline"],"picked":"Demon Form","floor":8},{"not_picked":["Anger","Pommel Strike"],"picked":"Shrug It Off+1","floor":12},{"not_picked":["Heavy Blade","Thunderclap"],"picked":"Armaments+1","floor":13},{"not_picked":["Sword Boomerang","Headbutt"],"picked":"Reaper","floor":14},{"not_picked":["Fiend Fire","Exhume+1"],"picked":"Immolate","floor":16},{"not_picked":["Armaments+1","Body Slam","True Grit+1"],"picked":"SKIP","floor":18},{"not_picked":["Warcry+1","Armaments+1"],"picked":"Flex+1","floor":21},{"not_picked":["Flex+1","Corruption+1"],"picked":"Battle Trance+1","floor":24},{"not_picked":["Sword Boomerang","True Grit+1"],"picked":"Reaper","floor":29},{"not_picked":["Headbutt","Dual Wield+1","Clash"],"picked":"SKIP","floor":30},{"not_picked":["Havoc+1","Cleave","Entrench+1"],"picked":"SKIP","floor":31},{"not_picked":["Bludgeon","Brutality"],"picked":"Double Tap+1","floor":33},{"not_picked":["Bloodletting+1","Rampage"],"picked":"Shrug It Off+1","floor":35},{"not_picked":["Metamorphosis+1","Madness+1"],"picked":"PanicButton+1","floor":36},{"not_picked":["Clash+1","Blood for Blood+1"],"picked":"True Grit+1","floor":39},{"not_picked":["Shrug It Off+1","Twin Strike"],"picked":"Pommel Strike+1","floor":47},{"not_picked":["Warcry+1","Clash+1"],"picked":"Flame Barrier+1","floor":48}],"player_experience":376798,"relics_obtained":[{"floor":6,"key":"Toxic Egg 2"},{"floor":9,"key":"Kunai"},{"floor":24,"key":"Mummified Hand"},{"floor":24,"key":"Darkstone Periapt"},{"floor":26,"key":"Girya"},{"floor":29,"key":"Magic Flower"},{"floor":29,"key":"Omamori"},{"floor":34,"key":"Potion Belt"},{"floor":34,"key":"Paper Frog"},{"floor":34,"key":"Ice Cream"},{"floor":37,"key":"Self Forming Clay"},{"floor":43,"key":"Blood Vial"},{"floor":47,"key":"Charon\u0027s Ashes"},{"floor":48,"key":"Centennial Puzzle"},{"floor":48,"key":"PreservedInsect"}],"event_choices":[{"cards_removed":["Strike_R"],"damage_healed":0,"gold_gain":0,"player_choice":"Purged","damage_taken":0,"max_hp_gain":0,"max_hp_loss":0,"event_name":"Purifier","floor":2,"gold_loss":0},{"damage_healed":0,"gold_gain":0,"player_choice":"Forge","damage_taken":0,"max_hp_gain":0,"max_hp_loss":0,"event_name":"Accursed Blacksmith","floor":10,"gold_loss":0,"cards_upgraded":["Bash"]},{"damage_healed":0,"gold_gain":0,"player_choice":"Inject Mutagens","damage_taken":0,"relics_obtained":["MutagenicStrength"],"max_hp_gain":0,"max_hp_loss":0,"event_name":"Drug Dealer","floor":19,"gold_loss":0},{"damage_healed":0,"gold_gain":0,"player_choice":"Shed Blood","damage_taken":20,"max_hp_gain":5,"max_hp_loss":0,"event_name":"Forgotten Altar","floor":20,"gold_loss":0},{"damage_healed":0,"gold_gain":0,"player_choice":"","damage_taken":8,"max_hp_gain":0,"max_hp_loss":0,"event_name":"Knowing Skull","floor":27,"potions_obtained":[],"gold_loss":0,"cards_obtained":[]},{"damage_healed":0,"gold_gain":0,"player_choice":"Memory 1","damage_taken":0,"max_hp_gain":0,"max_hp_loss":0,"event_name":"SensoryStone","floor":36,"gold_loss":0},{"damage_healed":0,"gold_gain":0,"player_choice":"Paid","damage_taken":0,"relics_obtained":["Red Mask"],"max_hp_gain":0,"max_hp_loss":0,"event_name":"Tomb of Lord Red Mask","floor":41,"gold_loss":70},{"damage_healed":0,"gold_gain":0,"player_choice":"Max HP","damage_taken":0,"max_hp_gain":0,"max_hp_loss":5,"event_name":"Winding Halls","floor":46,"gold_loss":0},{"damage_healed":0,"gold_gain":0,"player_choice":"Fight","damage_taken":0,"max_hp_gain":0,"max_hp_loss":0,"event_name":"Mysterious Sphere","floor":47,"gold_loss":0}],"is_beta":false,"boss_relics":[{"not_picked":["Orrery","Runic Dome"],"picked":"Black Star"},{"not_picked":["Sozu","Tiny House"],"picked":"Calling Bell"}],"items_purged_floors":[22,38],"is_endless":false,"potions_floor_spawned":[6,14,18,21,30,33,47,48],"ascension_level":8}