{"gold_per_floor":[112,131,131,150,150,190,190,206,206,244,268,268,48,48,48,179,179,197,197,287,301,216,216,216],"floor_reached":24,"playtime":1138,"items_purged":[],"score":280,"play_id":"ac9dcf34-7666-4678-8a6c-c0c1d35e0af2","local_time":"20190208011030","is_ascension_mode":true,"campfire_choices":[{"floor":7,"key":"REST"},{"floor":12,"key":"REST"},{"floor":15,"key":"REST"},{"floor":23,"key":"REST"}],"neow_cost":"NONE","seed_source_timestamp":2292608742555803,"circlet_count":0,"master_deck":["Strike_R","Strike_R","Strike_R","Defend_R","Defend_R","Defend_R","Bash","Cleave","Flex","Thunderclap","Impervious","Heavy Blade","Sword Boomerang","Immolate","Armaments","Inflame","Berserk","Thunderclap+1","Rampage+1","Anger+1","Ghostly","Ghostly","Ghostly","Ghostly","Ghostly"],"relics":["Burning Blood","NeowsBlessing","Golden Idol","Bottled Lightning","Gremlin Horn","Charon\u0027s Ashes","Blood Vial","Self Forming Clay","Astrolabe","Anchor"],"potions_floor_usage":[8,16,16,24],"damage_taken":[{"damage":0,"enemies":"Cultist","floor":1,"turns":1},{"damage":0,"enemies":"Small Slimes","floor":2,"turns":1},{"damage":0,"enemies":"2 Louse","floor":4,"turns":1},{"damage":48,"enemies":"Lagavulin","floor":6,"turns":8},{"damage":19,"enemies":"Blue Slaver","floor":8,"turns":4},{"damage":35,"enemies":"3 Sentries","floor":10,"turns":6},{"damage":0,"enemies":"Gremlin Gang","floor":11,"turns":1},{"damage":55,"enemies":"Hexaghost","floor":16,"turns":11},{"damage":17,"enemies":"2 Thieves","floor":18,"turns":3},{"damage":8,"enemies":"Shell Parasite","floor":21,"turns":7},{"damage":43,"enemies":"Book of Stabbing","floor":24,"turns":6}],"seed_played":"-2569760846528015407","potions_obtained":[{"floor":2,"key":"Swift Potion"},{"floor":6,"key":"BloodPotion"},{"floor":8,"key":"Dexterity Potion"},{"floor":21,"key":"Swift Potion"}],"is_trial":false,"path_per_floor":["M","M","?","M","?","E","R","M","T","E","M","R","$","T","R","B",null,"M","?","?","M","?","R","E"],"character_chosen":"IRONCLAD","items_purchased":["Blood Vial","Inflame"],"campfire_rested":4,"item_purchase_floors":[13,13],"current_hp_per_floor":[80,80,60,66,66,24,48,43,43,14,20,44,44,44,68,21,65,56,40,28,28,28,40,0],"gold":216,"neow_bonus":"THREE_ENEMY_KILL","is_prod":false,"is_daily":false,"chose_seed":false,"campfire_upgraded":0,"win_rate":0,"timestamp":1549617030,"path_taken":["M","?","?","M","?","E","R","M","T","E","?","R","?","?","R","BOSS","M","?","?","?","?","R","E"],"build_version":"2019-01-23","purchased_purges":0,"victory":false,"max_hp_per_floor":[80,80,80,80,80,80,80,80,80,80,80,80,80,80,80,80,80,80,40,40,40,40,40,40],"card_choices":[{"not_picked":["True Grit","Headbutt"],"picked":"Cleave","floor":1},{"not_picked":["Twin Strike","Clothesline"],"picked":"Flex","floor":2},{"not_picked":["Anger","Dual Wield"],"picked":"Thunderclap","floor":4},{"not_picked":["Clash","Disarm"],"picked":"Heavy Blade","floor":6},{"not_picked":["Havoc","Combust"],"picked":"Sword Boomerang","floor":8},{"not_picked":["True Grit","Entrench"],"picked":"Immolate","floor":10},{"not_picked":["Thunderclap","Cleave"],"picked":"Armaments","floor":11},{"not_picked":["Limit Break","Barricade"],"picked":"Berserk","floor":16},{"not_picked":["Entrench","Power Through+1","Clothesline"],"picked":"SKIP","floor":18},{"not_picked":["Wild Strike+1","Rampage","Heavy Blade"],"picked":"SKIP","floor":21}],"player_experience":268647,"relics_obtained":[{"floor":6,"key":"Bottled Lightning"},{"floor":9,"key":"Gremlin Horn"},{"floor":10,"key":"Charon\u0027s Ashes"},{"floor":14,"key":"Self Forming Clay"}],"event_choices":[{"damage_healed":0,"gold_gain":0,"player_choice":"Take Damage","damage_taken":20,"relics_obtained":["Golden Idol"],"max_hp_gain":0,"max_hp_loss":0,"event_name":"Golden Idol","floor":3,"gold_loss":0},{"damage_healed":0,"gold_gain":0,"player_choice":"1 cards matched","damage_taken":0,"max_hp_gain":0,"max_hp_loss":0,"event_name":"Match and Keep!","floor":5,"gold_loss":0,"cards_obtained":["Impervious"]},{"damage_healed":0,"gold_gain":0,"player_choice":"Became a Ghost","damage_taken":0,"max_hp_gain":0,"max_hp_loss":40,"event_name":"Ghosts","floor":19,"gold_loss":0,"cards_obtained":["Ghostly","Ghostly","Ghostly","Ghostly","Ghostly"]},{"damage_healed":0,"gold_gain":90,"player_choice":"GOLD ","damage_taken":12,"max_hp_gain":0,"max_hp_loss":0,"event_name":"Knowing Skull","floor":20,"potions_obtained":[],"gold_loss":0,"cards_obtained":[]},{"damage_healed":0,"gold_gain":0,"player_choice":"Obtained Relic","damage_taken":0,"relics_obtained":["Anchor"],"max_hp_gain":0,"max_hp_loss":0,"event_name":"Addict","floor":22,"gold_loss":85}],"is_beta":false,"boss_relics":[{"not_picked":["Orrery","Fusion Hammer"],"picked":"Astrolabe"}],"items_purged_floors":[],"is_endless":false,"potions_floor_spawned":[2,6,8,21],"killed_by":"Book of Stabbing","ascension_level":5}