{"gold_per_floor":[115,115,127,143,155,185,217,261,273,285,372,384,430,26,26,26],"floor_reached":16,"playtime":932,"items_purged":[],"score":138,"play_id":"d0bfa88d-39ff-4afc-bbcd-77437feaf90a","local_time":"20190211022130","is_ascension_mode":true,"campfire_choices":[{"floor":10.0,"key":"REST"},{"floor":15.0,"key":"REST"}],"neow_cost":"PERCENT_DAMAGE","seed_source_timestamp":1062189459645000,"circlet_count":0,"master_deck":["Strike_R","Strike_R","Strike_R","Strike_R","Defend_R","Defend_R","Defend_R","Defend_R","Bash","Metallicize","Cleave","Warcry","Whirlwind","Cleave","Brutality","Flame Barrier","Metallicize"],"special_seed":0,"relics":["Burning Blood","Mango","MawBank","Ornamental Fan","Bottled Tornado","Gremlin Horn","PreservedInsect","ClockworkSouvenir"],"potions_floor_usage":[],"damage_taken":[{"damage":2.0,"enemies":"Small Slimes","floor":1.0,"turns":4.0},{"damage":3.0,"enemies":"Cultist","floor":3.0,"turns":3.0},{"damage":4.0,"enemies":"Jaw Worm","floor":4.0,"turns":5.0},{"damage":8.0,"enemies":"Red Slaver","floor":5.0,"turns":5.0},{"damage":35.0,"enemies":"Gremlin Nob","floor":6.0,"turns":5.0},{"damage":0.0,"enemies":"3 Louse","floor":7.0,"turns":1.0},{"damage":52.0,"enemies":"Lagavulin","floor":8.0,"turns":7.0},{"damage":14.0,"enemies":"Gremlin Nob","floor":13.0,"turns":4.0},{"damage":0,"enemies":"The Guardian","floor":16,"turns":2}],"seed_played":"4796034889084254039","potions_obtained":[{"floor":1.0,"key":"Block Potion"},{"floor":5.0,"key":"Ancient Potion"},{"floor":8.0,"key":"Strength Potion"},{"floor":13.0,"key":"Explosive Potion"}],"is_trial":false,"path_per_floor":["M","?","M","M","M","E","M","E","T","R","?","$","E","$","R","B"],"character_chosen":"IRONCLAD","items_purchased":["PreservedInsect","ClockworkSouvenir","Metallicize"],"campfire_rested":2,"item_purchase_floors":[14,14,14],"current_hp_per_floor":[74,74,77,79,77,48,54,8,8,36,25,25,17,17,45,45],"gold":26,"neow_bonus":"ONE_RARE_RELIC","is_prod":false,"is_daily":false,"chose_seed":false,"campfire_upgraded":0,"win_rate":0,"timestamp":1549848090,"path_taken":["M","?","M","M","?","E","M","E","T","R","?","?","E","$","R","BOSS"],"build_version":"2019-01-23","purchased_purges":0,"victory":false,"max_hp_per_floor":[94,94,94,94,94,94,94,94,94,94,94,94,94,94,94,94],"card_choices":[{"not_picked":["Havoc","Twin Strike"],"picked":"Metallicize","floor":1.0},{"not_picked":["Headbutt","Armaments"],"picked":"Cleave","floor":3.0},{"not_picked":["Wild Strike","Carnage"],"picked":"Warcry","floor":4.0},{"not_picked":["Rupture","Perfected Strike","Dual Wield"],"picked":"SKIP","floor":5.0},{"not_picked":["Spot Weakness","Rage"],"picked":"Whirlwind","floor":6.0},{"not_picked":["Pummel","Thunderclap"],"picked":"Cleave","floor":7.0},{"not_picked":["Pommel Strike","Hemokinesis"],"picked":"Brutality","floor":8.0},{"not_picked":["Corruption","Clothesline"],"picked":"Flame Barrier","floor":13.0}],"player_experience":106169,"relics_obtained":[{"floor":6.0,"key":"MawBank"},{"floor":8.0,"key":"Ornamental Fan"},{"floor":9.0,"key":"Bottled Tornado"},{"floor":13.0,"key":"Gremlin Horn"}],"event_choices":[{"cards_removed":["Strike_R"],"damage_healed":0.0,"max_hp_gain":0.0,"max_hp_loss":0.0,"gold_gain":0.0,"event_name":"Bonfire Elementals","player_choice":"Offered Basic","floor":2.0,"gold_loss":0.0,"damage_taken":0.0},{"damage_healed":0.0,"max_hp_gain":0.0,"max_hp_loss":0.0,"gold_gain":75.0,"event_name":"World of Goop","player_choice":"Gather Gold","floor":11.0,"gold_loss":0.0,"damage_taken":11.0}],"is_beta":false,"boss_relics":[],"items_purged_floors":[],"is_endless":false,"potions_floor_spawned":[1,5,8,13],"killed_by":"The Guardian","ascension_level":3}