{"path_per_floor":["M","?","M","?","M","E","M","R","T","R","M","M","E","$","R","B",null,"M","M","?","M","?","E","M","R","T","?","R","E","R","M","R","B",null,"M","?","M","?","M","E","M","M","T","$","?","R","T","M","R"],"character_chosen":"THE_SILENT","items_purchased":["Bane","Snake Skull","Apotheosis","Prepared","Well Laid Plans"],"gold_per_floor":[112,112,132,307,317,347,365,365,388,388,404,416,451,47,47,145,145,70,70,70,70,70,70,70,70,70,70,70,70,70,70,70,70,70,70,70,70,70,70,70,70,70,70,2,2,2,2,2,2,2],"floor_reached":50,"campfire_rested":4,"playtime":4602,"current_hp_per_floor":[63,63,61,61,58,44,41,41,41,70,70,65,35,35,70,56,70,65,65,65,47,47,37,51,51,51,51,51,61,61,52,52,39,63,57,57,42,39,34,43,48,30,30,30,22,55,55,46,63,0],"items_purged":[],"gold":2,"score":574,"play_id":"a2ada155-1781-4da8-a271-7a0794e311be","local_time":"20180417224628","is_prod":false,"is_daily":false,"chose_seed":false,"is_ascension_mode":false,"campfire_upgraded":5,"timestamp":1524001588,"path_taken":["M","?","M","?","M","E","M","R","T","R","M","?","E","$","R","BOSS","M","?","?","M","?","E","?","R","T","?","R","E","R","M","R","BOSS","M","?","?","?","M","E","M","?","T","$","?","R","?","M","R","BOSS"],"build_version":"2018-04-12","seed_source_timestamp":518974812412625,"purchased_purges":0,"victory":false,"master_deck":["Defend_G","Defend_G","Defend_G","Defend_G","Defend_G","Survivor+1","Neutralize+1","Noxious Fumes+1","Dagger Throw+1","Blur","All Out Attack+1","Acrobatics","Leg Sweep+1","Dash+1","Dagger Throw+1","Bane+1","Apotheosis+1","Prepared","Glass Knife+1","Dodge and Roll","Bite+1","Bite+1","Bite+1","Bite+1","Bite+1","Terror+1","Predator+1","Night Terror+1","Die Die Die+1","Dagger Throw+1","After Image","Acrobatics+1","Predator+1","Backflip+1","Outmaneuver+1","Footwork+1","Well Laid Plans","Madness+1","Madness+1","Flying Knee+1","Bane+1"],"max_hp_per_floor":[70,70,70,70,70,70,70,70,70,70,70,70,70,70,70,70,70,70,70,70,70,49,63,63,63,63,63,63,63,63,63,63,63,63,63,63,63,63,63,63,63,63,63,63,63,63,63,63,63,63],"relics":["Ring of the Snake","Molten Egg 2","Regal Pillow","Bottled Flame","Snake Skull","Ectoplasm","Mango","Meat on the Bone","Toxic Egg 2","Lizard Tail","Shovel","Omamori","Dream Catcher","Paper Crane"],"card_choices":[{"not_picked":["Caltrops","Finisher"],"picked":"Noxious Fumes","floor":1},{"not_picked":["Heel Hook","Flechettes"],"picked":"Dagger Throw","floor":3},{"not_picked":["Deadly Poison","PiercingWail"],"picked":"Blur","floor":5},{"not_picked":["Distraction","Infinite Blades"],"picked":"All Out Attack","floor":6},{"not_picked":["Poisoned Stab","Underhanded Strike"],"picked":"Acrobatics","floor":7},{"not_picked":["PiercingWail","Blur"],"picked":"Leg Sweep","floor":11},{"not_picked":["Malaise","Wraith Form v2"],"picked":"Dash","floor":12},{"not_picked":["Deflect","PiercingWail"],"picked":"Dagger Throw","floor":13},{"not_picked":["Die Die Die","Night Terror"],"picked":"Glass Knife","floor":16},{"not_picked":["Prepared","Riddle With Holes"],"picked":"Dodge and Roll","floor":19},{"not_picked":["Prepared","Outmaneuver"],"picked":"Terror","floor":24},{"not_picked":["Outmaneuver","Sucker Punch"],"picked":"Predator","floor":29},{"not_picked":["Acrobatics","Deadly Poison"],"picked":"Night Terror","floor":31},{"not_picked":["Night Terror","Unload"],"picked":"Die Die Die","floor":33},{"not_picked":["Acrobatics","PiercingWail"],"picked":"Dagger Throw","floor":35},{"not_picked":["Dagger Spray","Skewer"],"picked":"After Image","floor":37},{"not_picked":["Expertise","Prepared"],"picked":"Acrobatics","floor":38},{"not_picked":["Caltrops","Sucker Punch"],"picked":"Predator","floor":39},{"not_picked":["Calculated Gamble","Prepared"],"picked":"Backflip","floor":40},{"not_picked":["Backflip","Prepared"],"picked":"Outmaneuver","floor":41},{"not_picked":["All Out Attack","Dagger Throw"],"picked":"Footwork","floor":42},{"not_picked":["Acrobatics","Flechettes"],"picked":"Flying Knee","floor":46},{"not_picked":["PiercingWail","Caltrops"],"picked":"Bane","floor":49}],"player_experience":28870,"potions_floor_usage":[6,18,33,40,42,42,50],"damage_taken":[{"damage":7,"enemies":"Cultist","floor":1,"turns":6},{"damage":2,"enemies":"Small Slimes","floor":3,"turns":4},{"damage":3,"enemies":"2 Louse","floor":5,"turns":3},{"damage":14,"enemies":"Gremlin Nob","floor":6,"turns":4},{"damage":3,"enemies":"Large Slime","floor":7,"turns":5},{"damage":0,"enemies":"3 Louse","floor":11,"turns":3},{"damage":5,"enemies":"Blue Slaver","floor":12,"turns":4},{"damage":30,"enemies":"Lagavulin","floor":13,"turns":7},{"damage":14,"enemies":"Slime Boss","floor":16,"turns":9},{"damage":5,"enemies":"2 Thieves","floor":18,"turns":4},{"damage":0,"enemies":"Shell Parasite","floor":19,"turns":6},{"damage":18,"enemies":"3 Cultists","floor":21,"turns":6},{"damage":39,"enemies":"Slavers","floor":23,"turns":7},{"damage":4,"enemies":"Snake Plant","floor":24,"turns":5},{"damage":5,"enemies":"Gremlin Leader","floor":29,"turns":7},{"damage":17,"enemies":"Cultist and Chosen","floor":31,"turns":6},{"damage":43,"enemies":"Collector","floor":33,"turns":8},{"damage":6,"enemies":"3 Shapes","floor":35,"turns":3},{"damage":27,"enemies":"3 Darklings","floor":37,"turns":6},{"damage":12,"enemies":"Mysterious Sphere","floor":38,"turns":4},{"damage":8,"enemies":"4 Shapes","floor":39,"turns":2},{"damage":70,"enemies":"Giant Head","floor":40,"turns":8},{"damage":4,"enemies":"Maw","floor":41,"turns":6},{"damage":42,"enemies":"3 Darklings","floor":42,"turns":3},{"damage":21,"enemies":"4 Shapes","floor":48,"turns":5},{"damage":63,"enemies":"Donu and Deca","floor":50,"turns":4}],"event_choices":[{"event_name":"Living Wall","player_choice":"Grow","floor":2,"damage_taken":0},{"event_name":"Liars Game","player_choice":"agreed","floor":4,"damage_taken":0},{"event_name":"N\u0027loth","player_choice":"Ignored","floor":20,"damage_taken":0},{"event_name":"Vampires","player_choice":"Became a vampire","floor":22,"damage_taken":0},{"event_name":"Accursed Blacksmith","player_choice":"Ignore","floor":27,"damage_taken":0},{"event_name":"Purifier","player_choice":"One Purge","floor":36,"damage_taken":0},{"event_name":"Mysterious Sphere","player_choice":"Fight","floor":38,"damage_taken":0},{"event_name":"Winding Halls","player_choice":"Embrace Madness","floor":45,"damage_taken":0}],"boss_relics":[{"not_picked":["Philosopher\u0027s Stone","Orrery"],"picked":"Ectoplasm"},{"not_picked":["Astrolabe","Black Star"],"picked":"Lizard Tail"}],"potions_floor_spawned":[1,3,12,13,23,24,29,31,33,35,37,38,48],"seed_played":"-3667997384198961139","killed_by":"Donu and Deca","ascension_level":0,"is_trial":false}