{"gold_per_floor":[118,118,133,151,226,226,244,244,244,244,244,271,271,300,300,397,397,413,413,413,433,433,433,498,498,546,546,646,672,672,672,672,773,773,788,788,801,824,824,854,864,896,949,949,984,1002,569,589,589,589,589,589,91,118,118],"floor_reached":56,"playtime":4517,"items_purged":["Writhe","Shame"],"score":1477,"play_id":"fee112a1-829a-4b0d-8852-c6a10491d84a","local_time":"20190216023136","is_ascension_mode":true,"campfire_choices":[{"data":"Cleave","floor":6.0,"key":"SMITH"},{"data":"Uppercut","floor":8.0,"key":"SMITH"},{"data":"Bash","floor":11.0,"key":"SMITH"},{"data":"Reaper","floor":13.0,"key":"SMITH"},{"data":"Inflame","floor":15.0,"key":"SMITH"},{"data":"Double Tap","floor":23.0,"key":"SMITH"},{"floor":25.0,"key":"RECALL"},{"data":"Disarm","floor":27.0,"key":"SMITH"},{"data":"True Grit","floor":30.0,"key":"SMITH"},{"data":"True Grit","floor":32.0,"key":"SMITH"},{"data":"Deep Breath","floor":49.0,"key":"SMITH"},{"data":"Evolve","floor":52.0,"key":"SMITH"}],"neow_cost":"TEN_PERCENT_HP_LOSS","seed_source_timestamp":55836809589200,"circlet_count":0,"master_deck":["Strike_R+1","Strike_R+1","Strike_R+1","Strike_R+1","Defend_R+1","Defend_R+1","Defend_R+1","Defend_R+1","Bash+1","Disarm+1","Uppercut+1","Cleave+1","True Grit+1","Reaper+1","Inflame+1","Double Tap+1","True Grit+1","Twin Strike+1","Ghostly Armor+1","Shame","Shrug It Off+1","Twin Strike+1","Impervious","Uppercut+1","Deep Breath+1","Wild Strike+1","Corruption","Shrug It Off+1","Decay","Inflame+1","Perfected Strike+1","Evolve+1","Warcry+1","Exhume","Intimidate+1"],"special_seed":0,"relics":["Burning Blood","FossilizedHelix","Dodecahedron","Blood Vial","Juzu Bracelet","Thread and Needle","Cursed Key","Molten Egg 2","Tiny Chest","Anchor","Torii","Blue Candle","Mango","MutagenicStrength","Busted Crown","Orichalcum","Kunai","Darkstone Periapt","Centennial Puzzle","Sundial","Paper Frog","Bottled Tornado","Happy Flower"],"potions_floor_usage":[55,55],"damage_taken":[{"damage":0.0,"enemies":"Jaw Worm","floor":1.0,"turns":3.0},{"damage":3.0,"enemies":"2 Louse","floor":3.0,"turns":4.0},{"damage":0.0,"enemies":"Cultist","floor":4.0,"turns":4.0},{"damage":0.0,"enemies":"2 Fungi Beasts","floor":7.0,"turns":2.0},{"damage":0.0,"enemies":"Gremlin Nob","floor":12.0,"turns":3.0},{"damage":13.0,"enemies":"Lagavulin","floor":14.0,"turns":6.0},{"damage":24.0,"enemies":"Slime Boss","floor":16.0,"turns":12.0},{"damage":0.0,"enemies":"Chosen","floor":18.0,"turns":4.0},{"damage":0.0,"enemies":"2 Thieves","floor":21.0,"turns":4.0},{"damage":6.0,"enemies":"Slavers","floor":24.0,"turns":4.0},{"damage":0.0,"enemies":"Colosseum Slavers","floor":28.0,"turns":3.0},{"damage":0.0,"enemies":"Colosseum Nobs","floor":28.0,"turns":3.0},{"damage":0.0,"enemies":"Gremlin Leader","floor":29.0,"turns":8.0},{"damage":20.0,"enemies":"Collector","floor":33.0,"turns":8.0},{"damage":0.0,"enemies":"Orb Walker","floor":35.0,"turns":3.0},{"damage":0.0,"enemies":"3 Darklings","floor":37.0,"turns":5.0},{"damage":2.0,"enemies":"Reptomancer","floor":40.0,"turns":6.0},{"damage":16.0,"enemies":"Sphere and 2 Shapes","floor":41.0,"turns":9.0},{"damage":2.0,"enemies":"Nemesis","floor":42.0,"turns":7.0},{"damage":24.0,"enemies":"Reptomancer","floor":45.0,"turns":10.0},{"damage":0.0,"enemies":"Jaw Worm Horde","floor":46.0,"turns":1.0},{"damage":0.0,"enemies":"Writhing Mass","floor":48.0,"turns":4.0},{"damage":65.0,"enemies":"Awakened One","floor":50.0,"turns":17.0},{"damage":31.0,"enemies":"Shield and Spear","floor":54.0,"turns":5.0},{"damage":54,"enemies":"The Heart","floor":55,"turns":11}],"seed_played":"-5576526438491075633","potions_obtained":[{"floor":4.0,"key":"Poison Potion"},{"floor":12.0,"key":"LiquidBronze"},{"floor":16.0,"key":"Ancient Potion"},{"floor":21.0,"key":"Explosive Potion"},{"floor":22.0,"key":"Block Potion"},{"floor":22.0,"key":"BloodPotion"},{"floor":28.0,"key":"SkillPotion"},{"floor":33.0,"key":"Strength Potion"}],"is_trial":false,"path_per_floor":["M","?","M","M","?","R","M","R","T","T","R","E","R","E","R","B",null,"M","?","?","M","?","R","E","R","T","R","?","E","R","?","R","B",null,"M","?","M","T","?","E","M","E","T","?","E","M","$","M","R","B",null,"R","$","E","B",null],"character_chosen":"IRONCLAD","items_purchased":["Paper Frog","Perfected Strike+1","Evolve","Exhume","Bottled Tornado"],"campfire_rested":0,"item_purchase_floors":[47,47,47,53,53],"current_hp_per_floor":[72,60,63,69,69,69,72,72,72,72,72,72,72,65,65,69,72,72,72,72,72,72,72,72,72,72,72,72,86,86,86,86,72,86,86,86,86,86,86,86,76,82,88,88,72,92,92,92,92,52,92,92,92,67,21],"gold":118,"neow_bonus":"ONE_RARE_RELIC","is_prod":false,"is_daily":false,"chose_seed":false,"campfire_upgraded":11,"win_rate":0,"timestamp":1550280696,"path_taken":["M","?","M","M","?","R","M","R","T","?","R","E","R","E","R","BOSS","M","?","?","M","?","R","E","R","T","R","?","E","R","?","R","BOSS","M","?","M","?","?","E","M","E","T","?","E","M","$","M","R","BOSS","R","$","E","BOSS"],"build_version":"2019-01-23","purchased_purges":2,"victory":true,"max_hp_per_floor":[72,72,72,72,72,72,72,72,72,72,72,72,72,72,72,72,72,72,72,72,72,72,72,72,72,72,72,72,86,86,86,86,86,86,86,86,86,86,86,86,86,86,92,92,92,92,92,92,92,92,92,92,92,92,92],"card_choices":[{"not_picked":["Sword Boomerang","Combust"],"picked":"Disarm","floor":1.0},{"not_picked":["Clash","Armaments"],"picked":"Uppercut","floor":3.0},{"not_picked":["Clothesline","Wild Strike"],"picked":"Cleave","floor":4.0},{"not_picked":["Armaments","Entrench"],"picked":"True Grit","floor":7.0},{"not_picked":["Twin Strike","Pummel"],"picked":"Reaper","floor":12.0},{"not_picked":["Anger","Clothesline"],"picked":"Inflame","floor":14.0},{"not_picked":["Bludgeon","Juggernaut"],"picked":"Double Tap","floor":16.0},{"not_picked":["Second Wind","Hemokinesis"],"picked":"True Grit","floor":18.0},{"not_picked":["Armaments","Iron Wave+1"],"picked":"Twin Strike+1","floor":21.0},{"not_picked":["Intimidate","Power Through"],"picked":"Ghostly Armor+1","floor":24.0},{"not_picked":["Perfected Strike+1","Sever Soul+1"],"picked":"Shrug It Off+1","floor":28.0},{"not_picked":["Infernal Blade+1","Combust+1"],"picked":"Twin Strike+1","floor":29.0},{"not_picked":["Double Tap","Barricade"],"picked":"Impervious","floor":33.0},{"not_picked":[],"picked":"Uppercut+1","floor":35.0},{"not_picked":["Dual Wield"],"picked":"SKIP","floor":37.0},{"not_picked":[],"picked":"Deep Breath","floor":39.0},{"not_picked":[],"picked":"Wild Strike+1","floor":40.0},{"not_picked":[],"picked":"Corruption","floor":41.0},{"not_picked":[],"picked":"Shrug It Off+1","floor":42.0},{"not_picked":[],"picked":"Inflame+1","floor":45.0},{"not_picked":["Havoc"],"picked":"SKIP","floor":46.0},{"not_picked":[],"picked":"Warcry+1","floor":48.0},{"not_picked":[],"picked":"Intimidate+1","floor":54.0}],"player_experience":201161,"relics_obtained":[{"floor":9.0,"key":"Blood Vial"},{"floor":12.0,"key":"Juzu Bracelet"},{"floor":14.0,"key":"Thread and Needle"},{"floor":24.0,"key":"Tiny Chest"},{"floor":26.0,"key":"Anchor"},{"floor":28.0,"key":"Torii"},{"floor":28.0,"key":"Blue Candle"},{"floor":29.0,"key":"Mango"},{"floor":38.0,"key":"Orichalcum"},{"floor":40.0,"key":"Kunai"},{"floor":42.0,"key":"Darkstone Periapt"},{"floor":43.0,"key":"Centennial Puzzle"},{"floor":45.0,"key":"Sundial"},{"floor":54.0,"key":"Happy Flower"}],"event_choices":[{"damage_healed":0.0,"max_hp_gain":0.0,"max_hp_loss":0.0,"gold_gain":0.0,"event_name":"Scrap Ooze","player_choice":"Success","floor":2.0,"gold_loss":0.0,"damage_taken":12.0,"relics_obtained":["Dodecahedron"]},{"damage_healed":0.0,"max_hp_gain":0.0,"max_hp_loss":0.0,"gold_gain":75.0,"event_name":"Golden Wing","player_choice":"Gained Gold","floor":5.0,"gold_loss":0.0,"damage_taken":0.0},{"damage_healed":0.0,"max_hp_gain":0.0,"max_hp_loss":0.0,"gold_gain":0.0,"event_name":"Back to Basics","player_choice":"Simplicity","floor":19.0,"gold_loss":0.0,"damage_taken":0.0,"cards_upgraded":["Strike_R","Strike_R","Strike_R","Strike_R","Strike_R","Defend_R","Defend_R","Defend_R","Defend_R"]},{"damage_healed":0.0,"max_hp_gain":0.0,"max_hp_loss":0.0,"gold_gain":0.0,"event_name":"The Mausoleum","player_choice":"Opened","floor":20.0,"gold_loss":0.0,"damage_taken":0.0,"relics_obtained":["Molten Egg 2"],"cards_obtained":["Writhe"]},{"damage_healed":0.0,"max_hp_gain":0.0,"max_hp_loss":0.0,"gold_gain":0.0,"event_name":"Lab","player_choice":"Got Potions","floor":22.0,"gold_loss":0.0,"damage_taken":0.0},{"damage_healed":0.0,"max_hp_gain":0.0,"max_hp_loss":0.0,"gold_gain":0.0,"event_name":"Colosseum","player_choice":"Fight","floor":28.0,"gold_loss":0.0,"damage_taken":0.0},{"damage_healed":0.0,"max_hp_gain":0.0,"max_hp_loss":0.0,"gold_gain":0.0,"event_name":"Colosseum","player_choice":"Fought Nobs","floor":28.0,"gold_loss":0.0,"damage_taken":0.0},{"damage_healed":0.0,"max_hp_gain":0.0,"max_hp_loss":0.0,"gold_gain":0.0,"event_name":"Drug Dealer","player_choice":"Inject Mutagens","floor":31.0,"gold_loss":0.0,"damage_taken":0.0,"relics_obtained":["MutagenicStrength"]},{"damage_healed":0.0,"max_hp_gain":0.0,"max_hp_loss":0.0,"gold_gain":0.0,"event_name":"Tomb of Lord Red Mask","player_choice":"Ignored","floor":36.0,"gold_loss":0.0,"damage_taken":0.0},{"damage_healed":0.0,"max_hp_gain":0.0,"max_hp_loss":0.0,"gold_gain":0.0,"event_name":"SensoryStone","player_choice":"Memory 1","floor":39.0,"gold_loss":0.0,"damage_taken":0.0},{"cards_removed":["Strike_R"],"damage_healed":0.0,"max_hp_gain":0.0,"max_hp_loss":0.0,"gold_gain":0.0,"event_name":"Falling","player_choice":"Removed Attack","floor":44.0,"gold_loss":0.0,"damage_taken":0.0}],"is_beta":false,"boss_relics":[{"not_picked":["Coffee Dripper","White Beast Statue"],"picked":"Cursed Key"},{"not_picked":["Black Blood","Velvet Choker"],"picked":"Busted Crown"}],"items_purged_floors":[47,53],"is_endless":false,"potions_floor_spawned":[4,12,16,21,28,28,33,35,37,42,45,48,54],"ascension_level":4}