{"gold_per_floor":[116,136,136,136,154,154,10,42,88,88,102,113,126,126,126,126],"floor_reached":16,"playtime":742,"items_purged":[],"score":143,"play_id":"008872e1-b86e-4ebb-ba62-e7ef36db935f","local_time":"20190129194340","is_ascension_mode":true,"campfire_choices":[{"floor":6.0,"key":"REST"},{"floor":15,"key":"REST"}],"neow_cost":"NONE","seed_source_timestamp":177514672751304,"circlet_count":0,"master_deck":["Strike_B","Strike_B","Strike_B","Strike_B","Defend_B","Defend_B","Defend_B","Defend_B","Zap+1","Dualcast","Coolheaded","Genetic Algorithm+1","Go for the Eyes+1","Auto Shields","Conserve Battery","Melter","Leap"],"special_seed":0,"relics":["Fusion Hammer","Dream Catcher","Juzu Bracelet","DataDisk"],"potions_floor_usage":[16],"damage_taken":[{"damage":2.0,"enemies":"Jaw Worm","floor":1.0,"turns":3.0},{"damage":0.0,"enemies":"2 Louse","floor":2.0,"turns":3.0},{"damage":12.0,"enemies":"Small Slimes","floor":5.0,"turns":3.0},{"damage":34.0,"enemies":"3 Sentries","floor":8.0,"turns":14.0},{"damage":1.0,"enemies":"Exordium Wildlife","floor":11.0,"turns":4.0},{"damage":13.0,"enemies":"Large Slime","floor":12.0,"turns":7.0},{"damage":9,"enemies":"Gremlin Gang","floor":13,"turns":7},{"damage":28,"enemies":"Hexaghost","floor":16,"turns":16}],"seed_played":"271263820503213784","potions_obtained":[{"floor":5.0,"key":"Energy Potion"},{"floor":12.0,"key":"FearPotion"},{"floor":13,"key":"Swift Potion"}],"is_trial":false,"path_per_floor":["M","M","?","?","M","R","$","E","T","?","M","M","M","?","R","B"],"character_chosen":"DEFECT","items_purchased":["Dream Catcher"],"campfire_rested":2,"item_purchase_floors":[7],"current_hp_per_floor":[66,66,66,66,54,75,75,41,41,26,25,12,3,3,25,0],"gold":126,"neow_bonus":"BOSS_RELIC","is_prod":false,"is_daily":false,"chose_seed":false,"campfire_upgraded":0,"win_rate":0,"timestamp":1548809020,"path_taken":["M","M","?","?","M","R","$","E","T","?","M","M","M","?","R","BOSS"],"build_version":"2019-01-23","purchased_purges":0,"victory":false,"max_hp_per_floor":[75,75,75,75,75,75,75,75,75,75,75,75,75,75,75,75],"card_choices":[{"not_picked":["Steam","Barrage"],"picked":"Coolheaded","floor":1.0},{"not_picked":["Doom and Gloom","Reinforced Body"],"picked":"Genetic Algorithm","floor":2.0},{"not_picked":["Cold Snap","Compile Driver"],"picked":"Go for the Eyes","floor":5.0},{"not_picked":["Fusion","Stack","Coolheaded"],"picked":"SKIP","floor":8.0},{"not_picked":["Coolheaded","Reboot"],"picked":"Auto Shields","floor":11.0},{"not_picked":["Hologram","Blizzard"],"picked":"Conserve Battery","floor":12.0},{"not_picked":["Consume","Conserve Battery"],"picked":"Melter","floor":13},{"not_picked":["Recycle","Consume"],"picked":"Leap","floor":15}],"player_experience":366769,"relics_obtained":[{"floor":8.0,"key":"Juzu Bracelet"},{"floor":9.0,"key":"DataDisk"}],"event_choices":[{"damage_healed":0.0,"max_hp_gain":0.0,"max_hp_loss":0.0,"gold_gain":0.0,"event_name":"Golden Wing","player_choice":"Ignored","floor":3.0,"gold_loss":0.0,"damage_taken":0.0},{"damage_healed":0.0,"max_hp_gain":0.0,"max_hp_loss":0.0,"gold_gain":0.0,"event_name":"Living Wall","player_choice":"Grow","floor":4.0,"gold_loss":0.0,"damage_taken":0.0,"cards_upgraded":["Zap"]},{"damage_healed":0.0,"max_hp_gain":0.0,"max_hp_loss":0.0,"gold_gain":0.0,"event_name":"Shining Light","player_choice":"Entered Light","floor":10.0,"gold_loss":0.0,"damage_taken":15.0,"cards_upgraded":["Go for the Eyes","Genetic Algorithm"]},{"damage_healed":0,"gold_gain":0,"player_choice":"Ignored","damage_taken":0,"max_hp_gain":0,"max_hp_loss":0,"event_name":"Liars Game","floor":14,"gold_loss":0}],"is_beta":false,"boss_relics":[],"items_purged_floors":[],"is_endless":false,"potions_floor_spawned":[5,12,13],"killed_by":"Hexaghost","ascension_level":8}