{"gold_per_floor":[116,129,129,79,27,27,58,58,58,74,88,88,118,193,193,293,293,311,311,22,40,58,86,86,111,159,159,179,196,196,226,226,328,328,347,361,372,383,383,383,408,408,487,504,504,523,423,492,492,492,492,492,32,60,60],"floor_reached":56,"playtime":8486,"items_purged":["Strike_G","Writhe","Pain"],"score":1414,"play_id":"5a23970c-d6d7-4324-a573-c5a5ff25bda5","local_time":"20190211193810","is_ascension_mode":true,"campfire_choices":[{"data":"Cloak And Dagger","floor":6.0,"key":"SMITH"},{"data":"Backflip","floor":8.0,"key":"SMITH"},{"data":"Well Laid Plans","floor":12.0,"key":"SMITH"},{"data":"Neutralize","floor":15.0,"key":"SMITH"},{"data":"Burst","floor":24.0,"key":"SMITH"},{"data":"Accuracy","floor":27.0,"key":"SMITH"},{"data":"Infinite Blades","floor":32.0,"key":"SMITH"},{"floor":40.0,"key":"RECALL"},{"data":"Blade Dance","floor":45.0,"key":"SMITH"},{"data":"Burst","floor":49.0,"key":"SMITH"},{"data":"Wraith Form v2","floor":52.0,"key":"SMITH"}],"neow_cost":"NONE","seed_source_timestamp":0,"circlet_count":0,"master_deck":["Defend_G","Defend_G","Defend_G+1","Defend_G","Defend_G","Strike_G","Strike_G+1","Strike_G","Survivor+1","Neutralize+1","Backflip+1","Dagger Throw","Cloak And Dagger+1","Well Laid Plans+1","Flechettes+1","Acrobatics","Infinite Blades+1","Burst+1","Accuracy+1","Blur","Blade Dance+1","Backflip+1","Blade Dance+1","Dodge and Roll+1","Wraith Form v2+1","Outmaneuver+1","Infinite Blades","Outmaneuver+1","Panacea","Burst+1","Regret","Backflip","Choke+1","Caltrops"],"special_seed":0,"relics":["Ring of the Serpent","NeowsBlessing","Mango","Meat on the Bone","Whetstone","Cursed Key","Nloth\u0027s Gift","War Paint","Vajra","Lantern","Oddly Smooth Stone","Ice Cream","Tough Bandages","Shuriken","Pantograph","Bottled Tornado"],"potions_floor_usage":[55,55,55],"damage_taken":[{"damage":0.0,"enemies":"Cultist","floor":1.0,"turns":1.0},{"damage":0.0,"enemies":"Small Slimes","floor":2.0,"turns":1.0},{"damage":0.0,"enemies":"Gremlin Nob","floor":7.0,"turns":1.0},{"damage":0.0,"enemies":"Jaw Worm","floor":10.0,"turns":3.0},{"damage":0.0,"enemies":"Gremlin Gang","floor":11.0,"turns":4.0},{"damage":7.0,"enemies":"3 Sentries","floor":13.0,"turns":7.0},{"damage":22.0,"enemies":"The Guardian","floor":16.0,"turns":12.0},{"damage":0.0,"enemies":"Chosen","floor":18.0,"turns":4.0},{"damage":0.0,"enemies":"2 Thieves","floor":21.0,"turns":4.0},{"damage":24.0,"enemies":"Snake Plant","floor":22.0,"turns":6.0},{"damage":29.0,"enemies":"Slavers","floor":23.0,"turns":9.0},{"damage":30.0,"enemies":"Gremlin Leader","floor":25.0,"turns":8.0},{"damage":14.0,"enemies":"Shelled Parasite and Fungi","floor":28.0,"turns":4.0},{"damage":0.0,"enemies":"Sentry and Sphere","floor":29.0,"turns":3.0},{"damage":7.0,"enemies":"Slavers","floor":31.0,"turns":6.0},{"damage":5.0,"enemies":"Automaton","floor":33.0,"turns":10.0},{"damage":0.0,"enemies":"Orb Walker","floor":35.0,"turns":3.0},{"damage":2.0,"enemies":"3 Darklings","floor":36.0,"turns":5.0},{"damage":0.0,"enemies":"Spire Growth","floor":37.0,"turns":5.0},{"damage":0.0,"enemies":"Transient","floor":38.0,"turns":5.0},{"damage":6.0,"enemies":"Nemesis","floor":41.0,"turns":5.0},{"damage":0.0,"enemies":"Maw","floor":44.0,"turns":7.0},{"damage":0.0,"enemies":"Spire Growth","floor":46.0,"turns":5.0},{"damage":37.0,"enemies":"Donu and Deca","floor":50.0,"turns":8.0},{"damage":24.0,"enemies":"Shield and Spear","floor":54.0,"turns":8.0},{"damage":76,"enemies":"The Heart","floor":55,"turns":9}],"seed_played":"2898881095643452167","potions_obtained":[{"floor":2.0,"key":"Energy Potion"},{"floor":11.0,"key":"AttackPotion"},{"floor":21.0,"key":"SteroidPotion"},{"floor":25.0,"key":"AttackPotion"},{"floor":28.0,"key":"Block Potion"},{"floor":41.0,"key":"LiquidBronze"},{"floor":44.0,"key":"Ancient Potion"}],"is_trial":false,"path_per_floor":["M","M","?","?","$","R","E","R","T","M","M","R","E","?","R","B",null,"M","?","$","M","M","E","R","E","T","R","M","M","?","E","R","B",null,"M","M","M","M","?","R","E","?","T","M","R","M","$","T","R","B",null,"R","$","E","B",null],"character_chosen":"THE_SILENT","items_purchased":["Cloak And Dagger","Blur","War Paint","Pantograph","Caltrops"],"campfire_rested":0,"item_purchase_floors":[5,20,20,53,53],"current_hp_per_floor":[70,70,84,84,84,84,84,84,84,84,84,84,77,66,66,44,84,84,84,84,84,60,43,43,25,25,25,23,35,35,40,40,47,84,84,82,82,82,82,82,76,76,76,76,76,76,76,76,76,51,84,84,84,60,20],"gold":60,"neow_bonus":"THREE_ENEMY_KILL","is_prod":false,"is_daily":false,"chose_seed":false,"campfire_upgraded":10,"win_rate":0,"timestamp":1549910290,"path_taken":["M","?","?","?","$","R","E","R","T","M","M","R","E","?","R","BOSS","M","?","$","M","M","E","R","E","T","R","M","?","?","E","R","BOSS","M","M","M","?","?","R","E","?","T","M","R","M","$","?","R","BOSS","R","$","E","BOSS"],"build_version":"2019-01-23","purchased_purges":3,"victory":true,"max_hp_per_floor":[70,70,84,84,84,84,84,84,84,84,84,84,84,84,84,84,84,84,84,84,84,84,84,84,84,84,84,84,84,84,84,84,84,84,84,84,84,84,84,84,84,84,84,84,84,84,84,84,84,84,84,84,84,84,84],"card_choices":[{"not_picked":["Outmaneuver","Prepared"],"picked":"Backflip","floor":1.0},{"not_picked":["Poisoned Stab","Catalyst"],"picked":"Dagger Throw","floor":2.0},{"not_picked":["Prepared","Bane"],"picked":"Well Laid Plans","floor":7.0},{"not_picked":["Endless Agony","Underhanded Strike","Poisoned Stab"],"picked":"Flechettes","floor":10.0},{"not_picked":["Deflect","Night Terror","Poisoned Stab"],"picked":"Acrobatics","floor":11.0},{"not_picked":["Deflect","Finisher","Dagger Spray"],"picked":"Infinite Blades","floor":13.0},{"not_picked":["Night Terror","Storm of Steel","Phantasmal Killer"],"picked":"Burst","floor":16.0},{"not_picked":["Predator","Dagger Spray","Slice"],"picked":"Accuracy","floor":18.0},{"not_picked":["Deadly Poison+1","Slice","Poisoned Stab"],"picked":"SKIP","floor":21.0},{"not_picked":["Well Laid Plans+1","Outmaneuver"],"picked":"Blade Dance","floor":22.0},{"not_picked":["Quick Slash","Bane"],"picked":"Backflip+1","floor":23.0},{"not_picked":["Flying Knee+1","Doppelganger"],"picked":"Blade Dance+1","floor":25.0},{"not_picked":["Dagger Throw","Predator","Grand Finale"],"picked":"SKIP","floor":28.0},{"not_picked":["Escape Plan","Sucker Punch+1"],"picked":"Dodge and Roll+1","floor":29.0},{"not_picked":["Blade Dance+1","Tactician","Slice"],"picked":"SKIP","floor":31.0},{"not_picked":["Expertise","Dagger Throw","Setup+1"],"picked":"SKIP","floor":35.0},{"not_picked":["Slice","Catalyst"],"picked":"Outmaneuver+1","floor":36.0},{"not_picked":["Bouncing Flask+1","Noxious Fumes+1"],"picked":"Infinite Blades","floor":37.0},{"not_picked":["Dodge and Roll","Cloak And Dagger"],"picked":"Outmaneuver+1","floor":38.0},{"not_picked":["Trip","Metamorphosis"],"picked":"Panacea","floor":39.0},{"not_picked":["Sucker Punch+1","Deflect"],"picked":"Burst","floor":41.0},{"not_picked":["Deflect","Catalyst"],"picked":"Backflip","floor":44.0},{"not_picked":["Bullet Time","Slice"],"picked":"Choke+1","floor":46.0},{"not_picked":["Poisoned Stab+1","Outmaneuver","Sucker Punch"],"picked":"SKIP","floor":54.0}],"player_experience":111428,"relics_obtained":[{"floor":7.0,"key":"Meat on the Bone"},{"floor":9.0,"key":"Question Card"},{"floor":13.0,"key":"Whetstone"},{"floor":23.0,"key":"Vajra"},{"floor":25.0,"key":"Lantern"},{"floor":26.0,"key":"Oddly Smooth Stone"},{"floor":31.0,"key":"Ice Cream"},{"floor":41.0,"key":"Tough Bandages"},{"floor":48.0,"key":"Shuriken"},{"floor":54.0,"key":"Bottled Tornado"}],"event_choices":[{"damage_healed":0.0,"max_hp_gain":0.0,"max_hp_loss":0.0,"gold_gain":0.0,"event_name":"Big Fish","player_choice":"Box","floor":3.0,"gold_loss":0.0,"damage_taken":0.0,"relics_obtained":["Mango"],"cards_obtained":["Regret"]},{"cards_removed":["Regret"],"damage_healed":0.0,"max_hp_gain":0.0,"max_hp_loss":0.0,"gold_gain":0.0,"event_name":"The Cleric","player_choice":"Card Removal","floor":4.0,"gold_loss":50.0,"damage_taken":0.0},{"damage_healed":0.0,"max_hp_gain":0.0,"max_hp_loss":0.0,"gold_gain":75.0,"event_name":"World of Goop","player_choice":"Gather Gold","floor":14.0,"gold_loss":0.0,"damage_taken":11.0},{"damage_healed":0.0,"max_hp_gain":0.0,"max_hp_loss":0.0,"gold_gain":0.0,"event_name":"N\u0027loth","player_choice":"Traded Relic","floor":19.0,"relics_lost":["Question Card"],"gold_loss":0.0,"damage_taken":0.0,"relics_obtained":["Nloth\u0027s Gift"]},{"damage_healed":0.0,"max_hp_gain":0.0,"max_hp_loss":0.0,"gold_gain":0.0,"cards_transformed":["Strike_G"],"event_name":"Transmorgrifier","player_choice":"Transformed","floor":30.0,"gold_loss":0.0,"damage_taken":0.0,"cards_obtained":["Wraith Form v2"]},{"damage_healed":0.0,"max_hp_gain":0.0,"max_hp_loss":0.0,"gold_gain":0.0,"event_name":"SensoryStone","player_choice":"Memory 1","floor":39.0,"gold_loss":0.0,"damage_taken":0.0},{"damage_healed":0.0,"max_hp_gain":0.0,"max_hp_loss":0.0,"gold_gain":0.0,"event_name":"Tomb of Lord Red Mask","player_choice":"Ignored","floor":42.0,"gold_loss":0.0,"damage_taken":0.0}],"is_beta":false,"boss_relics":[{"not_picked":["Calling Bell","Black Star"],"picked":"Cursed Key"},{"not_picked":["Eternal Feather","Tiny House"],"picked":"Ring of the Serpent"}],"items_purged_floors":[20,47,53],"is_endless":false,"potions_floor_spawned":[2,11,21,25,28,41,44],"ascension_level":4}