{"gold_per_floor":[116,66,66,341,356,381,381,381,458,476,476,508,508,535,535,535],"floor_reached":16,"playtime":621,"items_purged":[],"score":204,"play_id":"1a5cc23e-379f-4e1f-8ddc-0d4a5f271ec6","local_time":"20190222000928","is_ascension_mode":true,"campfire_choices":[{"data":"Zap","floor":7.0,"key":"SMITH"},{"data":"White Noise","floor":11.0,"key":"SMITH"},{"floor":15.0,"key":"REST"}],"neow_cost":"NONE","seed_source_timestamp":538495596173547,"circlet_count":0,"master_deck":["Strike_B","Strike_B","Strike_B","Strike_B","Defend_B","Defend_B","Defend_B","Zap+1","Dualcast","Hologram","Regret","Gash","Conserve Battery","White Noise+1","Coolheaded"],"special_seed":0,"relics":["Cracked Core","NeowsBlessing","Smiling Mask","Letter Opener","Frozen Egg 2","Mercury Hourglass","Centennial Puzzle"],"potions_floor_usage":[16],"damage_taken":[{"damage":0.0,"enemies":"Jaw Worm","floor":1.0,"turns":1.0},{"damage":0.0,"enemies":"2 Louse","floor":5.0,"turns":1.0},{"damage":0.0,"enemies":"Lagavulin","floor":6.0,"turns":1.0},{"damage":4.0,"enemies":"Cultist","floor":10.0,"turns":4.0},{"damage":30.0,"enemies":"3 Sentries","floor":12.0,"turns":5.0},{"damage":29.0,"enemies":"Lagavulin","floor":14.0,"turns":4.0},{"damage":34,"enemies":"Slime Boss","floor":16,"turns":9}],"seed_played":"-8382701938768674794","potions_obtained":[{"floor":6.0,"key":"FearPotion"},{"floor":12.0,"key":"Poison Potion"}],"is_trial":false,"path_per_floor":["M","?","$","?","M","E","R","?","T","M","R","E","T","E","R","B"],"character_chosen":"DEFECT","items_purchased":[],"campfire_rested":1,"item_purchase_floors":[],"current_hp_per_floor":[68,68,68,68,68,68,68,73,73,69,69,39,39,10,34,0],"gold":535,"neow_bonus":"THREE_ENEMY_KILL","is_prod":false,"is_daily":false,"chose_seed":false,"campfire_upgraded":2,"win_rate":0,"timestamp":1550822968,"path_taken":["M","?","$","?","?","E","R","?","T","M","R","E","?","E","R","BOSS"],"build_version":"2019-01-23","purchased_purges":0,"victory":false,"max_hp_per_floor":[75,75,75,75,75,75,75,80,80,80,80,80,80,80,80,80],"card_choices":[{"not_picked":["Rebound","Compile Driver"],"picked":"Hologram","floor":1.0},{"not_picked":["Double Energy","Steam"],"picked":"Gash","floor":5.0},{"not_picked":["Doom and Gloom","Chaos"],"picked":"Conserve Battery","floor":6.0},{"not_picked":["Capacitor","Go for the Eyes"],"picked":"White Noise","floor":10.0},{"not_picked":["Fusion","Heatsinks","Chaos"],"picked":"SKIP","floor":12.0},{"not_picked":["Core Surge","Redo"],"picked":"Coolheaded","floor":14.0}],"player_experience":472886,"relics_obtained":[{"floor":6.0,"key":"Smiling Mask"},{"floor":9.0,"key":"Letter Opener"},{"floor":12.0,"key":"Frozen Egg 2"},{"floor":13.0,"key":"Mercury Hourglass"},{"floor":14.0,"key":"Centennial Puzzle"}],"event_choices":[{"cards_removed":["Defend_B"],"damage_healed":0.0,"max_hp_gain":0.0,"max_hp_loss":0.0,"gold_gain":0.0,"event_name":"The Cleric","player_choice":"Card Removal","floor":2.0,"gold_loss":50.0,"damage_taken":0.0},{"damage_healed":0.0,"max_hp_gain":0.0,"max_hp_loss":0.0,"gold_gain":275.0,"event_name":"Golden Shrine","player_choice":"Desecrate","floor":4.0,"gold_loss":0.0,"damage_taken":0.0,"cards_obtained":["Regret"]},{"damage_healed":0.0,"max_hp_gain":5.0,"max_hp_loss":0.0,"gold_gain":0.0,"event_name":"Big Fish","player_choice":"Donut","floor":8.0,"gold_loss":0.0,"damage_taken":0.0}],"is_beta":false,"boss_relics":[],"items_purged_floors":[],"is_endless":false,"potions_floor_spawned":[6,12],"killed_by":"Slime Boss","ascension_level":9}