{"gold_per_floor":[119,79,95,109,128,128,143,172,172,17,52,69,26,26,26,127,127,137,137,137,412,424,424,441,451,451,0,0,13,23,38,38,136,136,152,25,125,141,141,141,141,161,234,234,247,247,47,47,47,47],"floor_reached":51,"playtime":4862,"items_purged":["Regret","Shame"],"score":759,"play_id":"d03b3278-b0a3-49f2-8c16-e2dc72c2c630","local_time":"20190226011258","is_ascension_mode":false,"campfire_choices":[{"data":"Zap","floor":6,"key":"SMITH"},{"floor":15,"key":"REST"},{"floor":23,"key":"REST"},{"floor":32,"key":"REST"},{"data":"1","floor":40,"key":"LIFT"},{"floor":44,"key":"REST"},{"data":"2","floor":46,"key":"LIFT"},{"data":"3","floor":49,"key":"LIFT"}],"neow_cost":"NONE","seed_source_timestamp":2962293768131353,"circlet_count":0,"master_deck":["Strike_B+1","Strike_B+1","Defend_B+1","Defend_B+1","Defend_B+1","Defend_B+1","Zap+1","Dualcast+1","Gash+1","Gash+1","Rebound+1","Rebound+1","Go for the Eyes+1","Double Energy+1","Turbo+1","Gash+1","Buffer+1","Steam+1","Glacier+1","Thunder Strike+1","Gash+1","Stack+1","Gash+1","Hologram+1","Reboot+1","Rip and Tear+1","Seek+1","Steam+1","Seek+1","All For One+1","Injury","Injury","Conserve Battery+1","Gash+1","Gash+1","Seek+1","Stack+1"],"relics":["Cracked Core","Frozen Egg 2","Mummified Hand","Lantern","Toxic Egg 2","Fusion Hammer","Boot","Pantograph","Calling Bell","PreservedInsect","Ornamental Fan","Girya","Mark of the Bloom","Kunai","Pen Nib"],"potions_floor_usage":[8,11,16,16,16,16,16,18,22,24,29,29,30,42,42,50],"damage_taken":[{"damage":6,"enemies":"Jaw Worm","floor":1,"turns":3},{"damage":1,"enemies":"Cultist","floor":3,"turns":3},{"damage":1,"enemies":"2 Louse","floor":4,"turns":2},{"damage":0,"enemies":"Large Slime","floor":5,"turns":5},{"damage":2,"enemies":"2 Fungi Beasts","floor":7,"turns":3},{"damage":9,"enemies":"Lagavulin","floor":8,"turns":6},{"damage":13,"enemies":"3 Sentries","floor":11,"turns":4},{"damage":7,"enemies":"3 Louse","floor":12,"turns":3},{"damage":44,"enemies":"Hexaghost","floor":16,"turns":6},{"damage":12,"enemies":"Shell Parasite","floor":18,"turns":6},{"damage":17,"enemies":"2 Thieves","floor":22,"turns":4},{"damage":36,"enemies":"Sentry and Sphere","floor":24,"turns":8},{"damage":23,"enemies":"Shelled Parasite and Fungi","floor":25,"turns":7},{"damage":7,"enemies":"Centurion and Healer","floor":29,"turns":6},{"damage":4,"enemies":"Snecko","floor":30,"turns":7},{"damage":2,"enemies":"Cultist and Chosen","floor":31,"turns":5},{"damage":47,"enemies":"Automaton","floor":33,"turns":10},{"damage":7,"enemies":"3 Darklings","floor":35,"turns":6},{"damage":1,"enemies":"Orb Walker","floor":38,"turns":2},{"damage":8,"enemies":"3 Darklings","floor":42,"turns":4},{"damage":9,"enemies":"Maw","floor":45,"turns":5},{"damage":0,"enemies":"Awakened One","floor":50,"turns":7}],"seed_played":"-1773060885263537272","potions_obtained":[{"floor":2,"key":"FocusPotion"},{"floor":2,"key":"EntropicBrew"},{"floor":2,"key":"Poison Potion"},{"floor":5,"key":"Block Potion"},{"floor":8,"key":"PowerPotion"},{"floor":12,"key":"Strength Potion"},{"floor":16,"key":"Dexterity Potion"},{"floor":18,"key":"Poison Potion"},{"floor":22,"key":"Poison Potion"},{"floor":25,"key":"FearPotion"},{"floor":38,"key":"Weak Potion"},{"floor":42,"key":"Energy Potion"}],"is_trial":false,"path_per_floor":["M","?","M","M","M","R","M","E","T","$","E","M","?","?","R","B",null,"M","?","?","?","M","R","M","M","T","$","?","M","M","M","R","B",null,"M","$","?","M","?","R","?","M","T","R","M","R","$","T","R","B",null],"character_chosen":"DEFECT","items_purchased":["Lantern","Pantograph","Reboot+1","Strength Potion","Poison Potion","SpeedPotion","PowerPotion"],"campfire_rested":4,"item_purchase_floors":[10,27,27,27,36,47,47],"current_hp_per_floor":[76,76,75,74,74,74,72,63,63,63,50,43,43,43,67,37,82,70,70,70,70,53,77,41,18,18,18,18,11,7,5,29,7,82,75,75,75,74,74,74,74,66,66,66,57,57,57,57,57,57],"gold":47,"neow_bonus":"TEN_PERCENT_HP_BONUS","is_prod":false,"is_daily":false,"chose_seed":false,"campfire_upgraded":1,"win_rate":0,"timestamp":1551161578,"path_taken":["M","?","M","M","M","R","M","E","T","?","E","M","?","?","R","BOSS","M","?","?","?","M","R","?","M","T","$","?","?","M","M","R","BOSS","M","$","?","?","?","R","?","?","T","R","M","R","$","?","R","BOSS"],"build_version":"2019-01-23","purchased_purges":2,"victory":true,"max_hp_per_floor":[82,82,82,82,82,82,82,82,82,82,82,82,82,82,82,82,82,82,82,82,82,82,82,82,82,82,82,82,82,82,82,82,82,82,82,82,82,82,82,82,82,82,82,82,82,82,82,82,82,82],"card_choices":[{"not_picked":["Force Field","Sweeping Beam"],"picked":"Gash","floor":1},{"not_picked":["Conserve Battery","Rebound"],"picked":"Gash","floor":3},{"not_picked":["Heatsinks","Stack"],"picked":"Rebound","floor":4},{"not_picked":["Stack","Leap"],"picked":"Rebound","floor":5},{"not_picked":["Stack","Capacitor"],"picked":"Go for the Eyes","floor":7},{"not_picked":["Doom and Gloom","Core Surge"],"picked":"Double Energy","floor":8},{"not_picked":["Coolheaded","Compile Driver"],"picked":"Turbo","floor":11},{"not_picked":["Consume+1","Hello World+1"],"picked":"Gash","floor":12},{"not_picked":["Fission+1","Thunder Strike"],"picked":"Buffer+1","floor":16},{"not_picked":["Doom and Gloom","Beam Cell"],"picked":"Steam+1","floor":18},{"not_picked":["Lockon","Steam Power+1"],"picked":"Stack+1","floor":22},{"not_picked":["Hologram+1","Conserve Battery+1"],"picked":"Gash","floor":24},{"not_picked":["Stack+1","Auto Shields+1"],"picked":"Hologram+1","floor":25},{"not_picked":["Recycle+1","Stack+1"],"picked":"Seek+1","floor":29},{"not_picked":["Cold Snap","Aggregate+1"],"picked":"Steam+1","floor":30},{"not_picked":["Steam Power+1","Static Discharge+1"],"picked":"Seek+1","floor":31},{"not_picked":["Electrodynamics+1","Creative AI+1"],"picked":"All For One","floor":33},{"not_picked":["Doom and Gloom","Steam+1"],"picked":"Conserve Battery+1","floor":35},{"not_picked":["Coolheaded+1","Darkness+1"],"picked":"Gash+1","floor":38},{"not_picked":["Rip and Tear","Hologram+1"],"picked":"Seek+1","floor":42},{"not_picked":["Steam+1","Rip and Tear+1"],"picked":"Stack+1","floor":45}],"player_experience":177837,"relics_obtained":[{"floor":8,"key":"Frozen Egg 2"},{"floor":9,"key":"Mummified Hand"},{"floor":11,"key":"Toxic Egg 2"},{"floor":26,"key":"Boot"},{"floor":34,"key":"PreservedInsect"},{"floor":34,"key":"Ornamental Fan"},{"floor":34,"key":"Girya"},{"floor":43,"key":"Kunai"},{"floor":48,"key":"Pen Nib"}],"event_choices":[{"damage_healed":0,"gold_gain":0,"player_choice":"Bought 3 Potions","damage_taken":0,"max_hp_gain":0,"max_hp_loss":0,"event_name":"The Woman in Blue","floor":2,"gold_loss":0},{"damage_healed":0,"gold_gain":0,"player_choice":"Left Gold","damage_taken":0,"max_hp_gain":0,"max_hp_loss":0,"event_name":"World of Goop","floor":13,"gold_loss":43},{"damage_healed":0,"gold_gain":0,"player_choice":"Ignored","damage_taken":0,"max_hp_gain":0,"max_hp_loss":0,"event_name":"Shining Light","floor":14,"gold_loss":0},{"damage_healed":0,"gold_gain":0,"cards_transformed":["Strike_B","Strike_B"],"player_choice":"Became Test Subject","damage_taken":0,"max_hp_gain":0,"max_hp_loss":0,"event_name":"Drug Dealer","floor":19,"gold_loss":0,"cards_obtained":["Glacier","Thunder Strike"]},{"damage_healed":0,"gold_gain":0,"player_choice":"Read","damage_taken":0,"max_hp_gain":0,"max_hp_loss":0,"event_name":"The Library","floor":20,"gold_loss":0,"cards_obtained":["Gash"]},{"damage_healed":0,"gold_gain":275,"player_choice":"Desecrate","damage_taken":0,"max_hp_gain":0,"max_hp_loss":0,"event_name":"Golden Shrine","floor":21,"gold_loss":0,"cards_obtained":["Regret"]},{"damage_healed":0,"gold_gain":0,"player_choice":"1 cards matched","damage_taken":0,"max_hp_gain":0,"max_hp_loss":0,"event_name":"Match and Keep!","floor":28,"gold_loss":0,"cards_obtained":["Rip and Tear"]},{"damage_healed":0,"gold_gain":100,"player_choice":"Pray","damage_taken":0,"max_hp_gain":0,"max_hp_loss":0,"event_name":"Golden Shrine","floor":37,"gold_loss":0},{"damage_healed":0,"gold_gain":0,"player_choice":"Upgrade","damage_taken":0,"relics_obtained":["Mark of the Bloom"],"max_hp_gain":0,"max_hp_loss":0,"event_name":"MindBloom","floor":39,"gold_loss":0,"cards_upgraded":["Strike_B","Strike_B","Defend_B","Defend_B","Defend_B","Defend_B","Dualcast","Gash","Gash","Rebound","Rebound","Go for the Eyes","Double Energy","Gash","Thunder Strike","Gash","Gash","Rip and Tear","All For One"]},{"damage_healed":0,"gold_gain":0,"player_choice":"Copied","damage_taken":0,"max_hp_gain":0,"max_hp_loss":0,"event_name":"Duplicator","floor":41,"gold_loss":0,"cards_obtained":["Gash"]}],"is_beta":false,"boss_relics":[{"not_picked":["Black Star","Velvet Choker"],"picked":"Fusion Hammer"},{"not_picked":["Cursed Key","Runic Pyramid"],"picked":"Calling Bell"}],"items_purged_floors":[36,47],"is_endless":false,"potions_floor_spawned":[5,8,12,16,18,22,25,38,42],"ascension_level":0}