{"gold_per_floor":[115,132,146,108,108,108,133,149,149,164,164,164,183,258,258,258],"floor_reached":16,"playtime":995,"items_purged":[],"score":117,"play_id":"cfaf7fa8-a338-407e-b7a0-d4b5a8861e48","local_time":"20190115025731","is_ascension_mode":true,"campfire_choices":[{"data":"Metallicize","floor":6,"key":"SMITH"},{"floor":15,"key":"REST"}],"neow_cost":"NONE","seed_source_timestamp":225572160938894,"circlet_count":0,"master_deck":["Strike_R","Strike_R","Strike_R","Strike_R","Strike_R","Defend_R","Defend_R","Defend_R","Defend_R","Bash","Pommel Strike","Thunderclap","Cleave","Metallicize+1","Headbutt","Pommel Strike","Warcry"],"relics":["Burning Blood","Dream Catcher","Centennial Puzzle","Golden Idol"],"potions_floor_usage":[7,7,16],"damage_taken":[{"damage":3,"enemies":"Jaw Worm","floor":1,"turns":5},{"damage":1,"enemies":"Cultist","floor":2,"turns":3},{"damage":2,"enemies":"2 Louse","floor":3,"turns":2},{"damage":12,"enemies":"Gremlin Nob","floor":7,"turns":4},{"damage":7,"enemies":"Large Slime","floor":8,"turns":5},{"damage":9,"enemies":"Looter","floor":10,"turns":4},{"damage":24,"enemies":"Exordium Wildlife","floor":13,"turns":5},{"damage":51,"enemies":"Hexaghost","floor":16,"turns":14}],"seed_played":"-3359616698963827329","potions_obtained":[{"floor":2,"key":"FearPotion"},{"floor":3,"key":"SteroidPotion"},{"floor":7,"key":"Block Potion"}],"is_trial":false,"path_per_floor":["M","M","M","$","?","R","E","M","T","M","?","?","M","?","R","B"],"character_chosen":"IRONCLAD","items_purchased":["Metallicize"],"campfire_rested":1,"item_purchase_floors":[4],"current_hp_per_floor":[88,88,88,88,88,88,82,81,81,78,78,56,38,27,53,2],"gold":258,"neow_bonus":"TEN_PERCENT_HP_BONUS","is_prod":false,"is_daily":false,"chose_seed":false,"campfire_upgraded":1,"win_rate":0,"timestamp":1547549851,"path_taken":["M","M","M","$","?","R","E","M","T","?","?","?","M","?","R","BOSS"],"build_version":"2019-01-10","purchased_purges":0,"victory":false,"max_hp_per_floor":[88,88,88,88,88,88,88,88,88,88,88,88,88,88,88,88],"card_choices":[{"not_picked":["Warcry","Burning Pact"],"picked":"Pommel Strike","floor":1},{"not_picked":["Sword Boomerang","Rupture"],"picked":"Thunderclap","floor":2},{"not_picked":["Flex","Rupture"],"picked":"Cleave","floor":3},{"not_picked":["Second Wind","Body Slam","Burning Pact"],"picked":"SKIP","floor":7},{"not_picked":["True Grit","Barricade"],"picked":"Headbutt","floor":8},{"not_picked":["Uppercut","Entrench"],"picked":"Pommel Strike","floor":10},{"not_picked":["Wild Strike","Thunderclap","Cleave"],"picked":"SKIP","floor":13},{"not_picked":["Twin Strike","Headbutt"],"picked":"Warcry","floor":15}],"player_experience":166907,"relics_obtained":[{"floor":7,"key":"Dream Catcher"},{"floor":9,"key":"Centennial Puzzle"}],"event_choices":[{"damage_healed":0,"gold_gain":0,"player_choice":"Bought 0 Potions","damage_taken":0,"max_hp_gain":0,"max_hp_loss":0,"event_name":"The Woman in Blue","floor":5,"gold_loss":0},{"damage_healed":0,"gold_gain":0,"player_choice":"Ignored","damage_taken":0,"max_hp_gain":0,"max_hp_loss":0,"event_name":"Liars Game","floor":11,"gold_loss":0},{"damage_healed":0,"gold_gain":0,"player_choice":"Take Damage","damage_taken":22,"relics_obtained":["Golden Idol"],"max_hp_gain":0,"max_hp_loss":0,"event_name":"Golden Idol","floor":12,"gold_loss":0},{"damage_healed":0,"gold_gain":75,"player_choice":"Gather Gold","damage_taken":11,"max_hp_gain":0,"max_hp_loss":0,"event_name":"World of Goop","floor":14,"gold_loss":0}],"is_beta":false,"boss_relics":[],"items_purged_floors":[],"is_endless":false,"potions_floor_spawned":[2,3,7],"killed_by":"Hexaghost","ascension_level":3}