{"gold_per_floor":[114,189,189,238,254,283,283,51,105,118,131,131,159,159,159,257,257,267,267,0,0,68,68,103,119,119,119,219,219,44,72,72,167,167,180,28,0,0,0,34,34,48,48,81,81,114,114,143,143,143],"floor_reached":51,"playtime":3590,"items_purged":["Regret"],"score":1181,"play_id":"d2361efa-1299-439d-b483-8dd308a45225","local_time":"20190210175749","is_ascension_mode":true,"campfire_choices":[{"floor":7,"key":"REST"},{"floor":12,"key":"REST"},{"floor":15,"key":"REST"},{"floor":23,"key":"REST"},{"floor":27,"key":"REST"},{"floor":32,"key":"REST"},{"data":"Apotheosis","floor":41,"key":"SMITH"},{"floor":49,"key":"REST"}],"neow_cost":"NONE","seed_source_timestamp":2523343717675206,"circlet_count":0,"master_deck":["Defend_G","Defend_G","Defend_G","Defend_G","Strike_G+1","Strike_G","Strike_G+1","Survivor","Neutralize","Choke","Dagger Throw","Noxious Fumes","Acrobatics","Prepared","Underhanded Strike","Tools of the Trade","Underhanded Strike","Cloak And Dagger","Endless Agony","Cloak And Dagger","Apotheosis+1","Dagger Spray","Flash of Steel","Dagger Throw+1","Slice","Choke","Underhanded Strike+1"],"relics":["Empty Cage","Meat on the Bone","Omamori","Anchor","PreservedInsect","Tiny Chest","Whetstone","Juzu Bracelet","Busted Crown","Lantern","Bottled Flame","Pen Nib","Blue Candle","WingedGreaves","Frozen Egg 2","Snake Skull","Cursed Key","Vajra","Red Mask","Shuriken","Regal Pillow","Bottled Lightning","Bird Faced Urn","Happy Flower","Bag of Marbles"],"potions_floor_usage":[13,16,28,33,50,50,50,50,50,50],"damage_taken":[{"damage":3,"enemies":"Jaw Worm","floor":1,"turns":4},{"damage":4,"enemies":"2 Louse","floor":5,"turns":3},{"damage":32,"enemies":"Gremlin Nob","floor":6,"turns":5},{"damage":0,"enemies":"Small Slimes","floor":10,"turns":3},{"damage":18,"enemies":"Gremlin Gang","floor":11,"turns":4},{"damage":28,"enemies":"Lagavulin","floor":13,"turns":7},{"damage":56,"enemies":"Hexaghost","floor":16,"turns":12},{"damage":9,"enemies":"Shell Parasite","floor":18,"turns":7},{"damage":58,"enemies":"Book of Stabbing","floor":24,"turns":6},{"damage":17,"enemies":"2 Thieves","floor":25,"turns":4},{"damage":18,"enemies":"Colosseum Slavers","floor":28,"turns":4},{"damage":3,"enemies":"Colosseum Nobs","floor":28,"turns":4},{"damage":21,"enemies":"Slavers","floor":31,"turns":5},{"damage":47,"enemies":"Collector","floor":33,"turns":9},{"damage":1,"enemies":"3 Shapes","floor":35,"turns":6},{"damage":0,"enemies":"Giant Head","floor":40,"turns":5},{"damage":0,"enemies":"3 Darklings","floor":42,"turns":4},{"damage":5,"enemies":"Reptomancer","floor":44,"turns":4},{"damage":0,"enemies":"Giant Head","floor":46,"turns":5},{"damage":10,"enemies":"Reptomancer","floor":48,"turns":4},{"damage":9,"enemies":"Donu and Deca","floor":50,"turns":5}],"seed_played":"2934073904751398463","potions_obtained":[{"floor":6,"key":"Weak Potion"},{"floor":11,"key":"EssenceOfSteel"},{"floor":13,"key":"FairyPotion"},{"floor":18,"key":"PowerPotion"},{"floor":25,"key":"Ancient Potion"},{"floor":31,"key":"AttackPotion"},{"floor":33,"key":"EssenceOfSteel"},{"floor":35,"key":"EntropicBrew"},{"floor":40,"key":"Swift Potion"}],"is_trial":false,"path_per_floor":["M","?","?","T","M","E","R","$","T","M","M","R","E","?","R","B",null,"M","?","?","?","T","R","E","M","T","R","?","?","$","E","R","B",null,"M","$","?","T","?","E","R","M","T","E","$","E","?","E","R","B",null],"character_chosen":"THE_SILENT","items_purchased":["PreservedInsect","Apotheosis","Vajra"],"campfire_rested":7,"item_purchase_floors":[8,30,36],"current_hp_per_floor":[60,49,49,49,45,25,46,46,46,46,40,61,45,38,59,15,56,47,47,47,47,47,68,22,17,17,38,41,28,28,19,41,19,61,60,60,60,60,60,60,60,60,60,55,55,59,59,51,75,66],"gold":143,"neow_bonus":"BOSS_RELIC","is_prod":false,"is_daily":false,"chose_seed":false,"campfire_upgraded":1,"win_rate":0,"timestamp":1549850269,"path_taken":["M","?","?","?","?","E","R","$","T","M","M","R","E","?","R","BOSS","M","?","?","?","?","R","E","M","T","R","?","?","$","E","R","BOSS","M","$","?","?","?","E","R","M","T","E","?","E","?","E","R","BOSS"],"build_version":"2019-01-23","purchased_purges":1,"victory":true,"max_hp_per_floor":[70,70,70,70,70,70,70,70,70,70,70,70,70,70,70,70,70,70,70,70,70,70,70,70,70,70,70,70,75,75,75,75,75,75,75,75,75,75,75,75,75,75,75,75,75,75,75,75,75,75],"card_choices":[{"not_picked":["Underhanded Strike","Acrobatics"],"picked":"Choke","floor":1},{"not_picked":["Concentrate","Skewer"],"picked":"Dagger Throw","floor":5},{"not_picked":["PiercingWail","Acrobatics"],"picked":"Noxious Fumes","floor":6},{"not_picked":["Blade Dance","Bane"],"picked":"Acrobatics","floor":10},{"not_picked":["Predator","Reflex"],"picked":"Prepared","floor":11},{"not_picked":["Concentrate","Outmaneuver"],"picked":"Underhanded Strike","floor":13},{"not_picked":["Storm of Steel","Burst"],"picked":"Tools of the Trade","floor":16},{"not_picked":[],"picked":"Underhanded Strike","floor":18},{"not_picked":["Acrobatics"],"picked":"SKIP","floor":24},{"not_picked":[],"picked":"Endless Agony","floor":25},{"not_picked":[],"picked":"Cloak And Dagger","floor":28},{"not_picked":["Setup"],"picked":"SKIP","floor":31},{"not_picked":[],"picked":"Dagger Spray","floor":35},{"not_picked":[],"picked":"Flash of Steel","floor":39},{"not_picked":[],"picked":"Dagger Throw+1","floor":40},{"not_picked":["Underhanded Strike+1"],"picked":"SKIP","floor":42},{"not_picked":[],"picked":"Slice","floor":44},{"not_picked":["Eviscerate+1"],"picked":"SKIP","floor":46},{"not_picked":[],"picked":"Underhanded Strike+1","floor":48}],"player_experience":337563,"relics_obtained":[{"floor":4,"key":"Omamori"},{"floor":6,"key":"Anchor"},{"floor":9,"key":"Tiny Chest"},{"floor":13,"key":"Whetstone"},{"floor":22,"key":"Bottled Flame"},{"floor":24,"key":"Pen Nib"},{"floor":26,"key":"Blue Candle"},{"floor":28,"key":"WingedGreaves"},{"floor":28,"key":"Frozen Egg 2"},{"floor":31,"key":"Snake Skull"},{"floor":38,"key":"Shuriken"},{"floor":40,"key":"Regal Pillow"},{"floor":43,"key":"Bottled Lightning"},{"floor":44,"key":"Bird Faced Urn"},{"floor":46,"key":"Happy Flower"},{"floor":48,"key":"Bag of Marbles"}],"event_choices":[{"damage_healed":0,"gold_gain":75,"player_choice":"Gather Gold","damage_taken":11,"max_hp_gain":0,"max_hp_loss":0,"event_name":"World of Goop","floor":2,"gold_loss":0},{"damage_healed":0,"gold_gain":0,"player_choice":"Box","damage_taken":0,"relics_obtained":["Meat on the Bone"],"max_hp_gain":0,"max_hp_loss":0,"event_name":"Big Fish","floor":3,"gold_loss":0,"cards_obtained":["Regret"]},{"damage_healed":0,"gold_gain":0,"player_choice":"Success","damage_taken":7,"relics_obtained":["Juzu Bracelet"],"max_hp_gain":0,"max_hp_loss":0,"event_name":"Scrap Ooze","floor":14,"gold_loss":0},{"damage_healed":0,"gold_gain":0,"player_choice":"Gave Potion","damage_taken":0,"relics_obtained":["Lantern"],"max_hp_gain":0,"max_hp_loss":0,"event_name":"WeMeetAgain","floor":19,"gold_loss":0},{"damage_healed":0,"gold_gain":0,"player_choice":"Paid Fearfully","damage_taken":0,"max_hp_gain":0,"max_hp_loss":0,"event_name":"Masked Bandits","floor":20,"gold_loss":267},{"damage_healed":0,"gold_gain":0,"player_choice":"Read","damage_taken":0,"max_hp_gain":0,"max_hp_loss":0,"event_name":"The Library","floor":21,"gold_loss":0,"cards_obtained":["Cloak And Dagger"]},{"damage_healed":0,"gold_gain":0,"player_choice":"Fight","damage_taken":0,"max_hp_gain":0,"max_hp_loss":0,"event_name":"Colosseum","floor":28,"gold_loss":0},{"damage_healed":0,"gold_gain":0,"player_choice":"Fought Nobs","damage_taken":0,"max_hp_gain":0,"max_hp_loss":0,"event_name":"Colosseum","floor":28,"gold_loss":0},{"damage_healed":0,"gold_gain":0,"player_choice":"Shed Blood","damage_taken":18,"max_hp_gain":5,"max_hp_loss":0,"event_name":"Forgotten Altar","floor":29,"gold_loss":0},{"damage_healed":0,"gold_gain":0,"player_choice":"Paid","damage_taken":0,"relics_obtained":["Red Mask"],"max_hp_gain":0,"max_hp_loss":0,"event_name":"Tomb of Lord Red Mask","floor":37,"gold_loss":28},{"damage_healed":0,"gold_gain":0,"player_choice":"Memory 1","damage_taken":0,"max_hp_gain":0,"max_hp_loss":0,"event_name":"SensoryStone","floor":39,"gold_loss":0},{"damage_healed":0,"gold_gain":0,"cards_transformed":["Strike_G"],"player_choice":"Transformed","damage_taken":0,"max_hp_gain":0,"max_hp_loss":0,"event_name":"Transmorgrifier","floor":47,"gold_loss":0,"cards_obtained":["Choke"]}],"is_beta":false,"boss_relics":[{"not_picked":["Coffee Dripper","Eternal Feather"],"picked":"Busted Crown"},{"not_picked":["Runic Dome","Lizard Tail"],"picked":"Cursed Key"}],"items_purged_floors":[8],"is_endless":false,"potions_floor_spawned":[6,11,13,18,25,31,33,35,40],"ascension_level":7}