{"gold_per_floor":[116,116,116,139,139,175,175,188,188,201,155,4,17,17,17,136,136,151,151,151,151,151,151,186,186,186,186,205,217,249,266,266,266],"floor_reached":33,"playtime":2196,"items_purged":[],"score":407,"play_id":"13ee1373-923a-4138-bef7-c5caf78364b4","local_time":"20190209231220","is_ascension_mode":true,"campfire_choices":[{"floor":7,"key":"REST"},{"floor":15,"key":"REST"},{"floor":23,"key":"REST"},{"floor":25,"key":"REST"},{"data":"Zap","floor":27,"key":"SMITH"},{"floor":32,"key":"REST"}],"neow_cost":"NONE","seed_source_timestamp":2457265176042971,"circlet_count":0,"master_deck":["Defend_B+1","Defend_B","Defend_B","Defend_B+1","Zap+1","Dualcast","Sweeping Beam","Gash","Capacitor","Gash","Beam Cell","Cold Snap","Amplify","Glacier","RitualDagger","Bite","Bite","Bite","Bite","Bite","Gash","Stack+1","Cold Snap","Buffer","Loop"],"relics":["Cracked Core","Centennial Puzzle","Bloody Idol","Ornamental Fan","Regal Pillow","War Paint","Lizard Tail","MutagenicStrength","Sundial","Mummified Hand","Bag of Preparation"],"potions_floor_usage":[13,16,24,29,31,33],"damage_taken":[{"damage":6,"enemies":"2 Louse","floor":1,"turns":3},{"damage":0,"enemies":"Small Slimes","floor":4,"turns":3},{"damage":44,"enemies":"Lagavulin","floor":6,"turns":7},{"damage":7,"enemies":"Jaw Worm","floor":8,"turns":3},{"damage":13,"enemies":"3 Louse","floor":10,"turns":2},{"damage":0,"enemies":"2 Fungi Beasts","floor":13,"turns":3},{"damage":36,"enemies":"Hexaghost","floor":16,"turns":10},{"damage":18,"enemies":"Spheric Guardian","floor":18,"turns":4},{"damage":50,"enemies":"Book of Stabbing","floor":24,"turns":6},{"damage":26,"enemies":"2 Thieves","floor":28,"turns":4},{"damage":4,"enemies":"3 Cultists","floor":29,"turns":5},{"damage":94,"enemies":"Gremlin Leader","floor":30,"turns":9},{"damage":9,"enemies":"Snake Plant","floor":31,"turns":7},{"damage":81,"enemies":"Champ","floor":33,"turns":14}],"seed_played":"-2823766635485149337","potions_obtained":[{"floor":6,"key":"EssenceOfSteel"},{"floor":8,"key":"SteroidPotion"},{"floor":16,"key":"PowerPotion"},{"floor":18,"key":"Swift Potion"},{"floor":30,"key":"SpeedPotion"},{"floor":31,"key":"SteroidPotion"}],"is_trial":false,"path_per_floor":["M","?","?","M","$","E","R","M","T","M","?","$","M","?","R","B",null,"M","?","?","?","?","R","E","R","T","R","M","M","E","M","R","B"],"character_chosen":"DEFECT","items_purchased":["War Paint"],"campfire_rested":5,"item_purchase_floors":[12],"current_hp_per_floor":[62,44,49,49,49,5,29,22,22,9,9,9,9,9,48,12,63,45,39,39,39,39,56,15,46,46,46,36,49,15,21,52,0],"gold":266,"neow_bonus":"RANDOM_COMMON_RELIC","is_prod":false,"is_daily":false,"chose_seed":false,"campfire_upgraded":1,"win_rate":0,"timestamp":1549782740,"path_taken":["M","?","?","M","$","E","R","M","T","M","?","?","M","?","R","BOSS","M","?","?","?","?","R","E","R","T","R","M","M","E","M","R","BOSS"],"build_version":"2019-01-23","purchased_purges":0,"victory":false,"max_hp_per_floor":[75,75,80,80,80,80,80,80,80,80,80,80,80,80,80,80,80,80,80,80,56,56,56,56,56,56,56,56,56,56,56,56,56],"card_choices":[{"not_picked":["Lockon","Chaos"],"picked":"Sweeping Beam","floor":1},{"not_picked":["Reinforced Body","Redo"],"picked":"Gash","floor":4},{"not_picked":["Melter","Double Energy"],"picked":"Capacitor","floor":6},{"not_picked":["Sweeping Beam","Darkness"],"picked":"Gash","floor":8},{"not_picked":["Compile Driver","Fusion"],"picked":"Beam Cell","floor":10},{"not_picked":["Steam Power","Turbo"],"picked":"Cold Snap","floor":13},{"not_picked":["Core Surge","Rainbow"],"picked":"Amplify","floor":16},{"not_picked":["Recycle+1","Beam Cell"],"picked":"Glacier","floor":18},{"not_picked":["Cold Snap","Compile Driver"],"picked":"Gash","floor":24},{"not_picked":["Gash","Barrage+1"],"picked":"Stack+1","floor":28},{"not_picked":["Streamline","Chill"],"picked":"Cold Snap","floor":29},{"not_picked":["Beam Cell+1","Barrage+1"],"picked":"Buffer","floor":30},{"not_picked":["Compile Driver","Go for the Eyes"],"picked":"Loop","floor":31}],"player_experience":309948,"relics_obtained":[{"floor":6,"key":"Ornamental Fan"},{"floor":9,"key":"Regal Pillow"},{"floor":24,"key":"Sundial"},{"floor":26,"key":"Mummified Hand"},{"floor":30,"key":"Bag of Preparation"}],"event_choices":[{"damage_healed":0,"gold_gain":0,"player_choice":"Take Damage","damage_taken":18,"relics_obtained":["Golden Idol"],"max_hp_gain":0,"max_hp_loss":0,"event_name":"Golden Idol","floor":2,"gold_loss":0},{"damage_healed":0,"gold_gain":0,"player_choice":"Donut","damage_taken":0,"max_hp_gain":5,"max_hp_loss":0,"event_name":"Big Fish","floor":3,"gold_loss":0},{"damage_healed":0,"gold_gain":0,"player_choice":"Left Gold","damage_taken":0,"max_hp_gain":0,"max_hp_loss":0,"event_name":"World of Goop","floor":11,"gold_loss":46},{"damage_healed":0,"gold_gain":0,"player_choice":"Leave","damage_taken":0,"max_hp_gain":0,"max_hp_loss":0,"event_name":"The Cleric","floor":14,"gold_loss":0},{"damage_healed":0,"gold_gain":0,"player_choice":"Joined the Cult","damage_taken":6,"max_hp_gain":0,"max_hp_loss":0,"event_name":"Nest","floor":19,"gold_loss":0,"cards_obtained":["RitualDagger"]},{"damage_healed":0,"gold_gain":0,"player_choice":"Gave Idol","damage_taken":0,"relics_obtained":["Bloody Idol"],"max_hp_gain":0,"max_hp_loss":0,"event_name":"Forgotten Altar","floor":20,"relics_lost":["Golden Idol"],"gold_loss":0},{"damage_healed":0,"gold_gain":0,"player_choice":"Became a vampire","damage_taken":0,"max_hp_gain":0,"max_hp_loss":24,"event_name":"Vampires","floor":21,"gold_loss":0,"cards_obtained":["Bite","Bite","Bite","Bite","Bite"]},{"damage_healed":0,"gold_gain":0,"player_choice":"Inject Mutagens","damage_taken":0,"relics_obtained":["MutagenicStrength"],"max_hp_gain":0,"max_hp_loss":0,"event_name":"Drug Dealer","floor":22,"gold_loss":0}],"is_beta":false,"boss_relics":[{"not_picked":["Velvet Choker","Ectoplasm"],"picked":"Lizard Tail"}],"items_purged_floors":[],"is_endless":false,"potions_floor_spawned":[6,8,16,18,30,31],"killed_by":"Champ","ascension_level":7}