{"gold_per_floor":[215,227,305,164,175,175,175,211,211,245,260,260,48,32,32,32],"floor_reached":16,"playtime":491,"items_purged":[],"score":198,"play_id":"2a149fa2-4195-497a-994a-7d3622e362ec","local_time":"20190202014646","is_ascension_mode":true,"campfire_choices":[{"data":"Zap","floor":6,"key":"SMITH"},{"data":"Dualcast","floor":15,"key":"SMITH"}],"neow_cost":"NONE","seed_source_timestamp":999781473083076,"circlet_count":0,"master_deck":["AscendersBane","Strike_B","Strike_B","Strike_B","Strike_B","Defend_B","Defend_B","Defend_B","Defend_B","Zap+1","Dualcast+1","Doom and Gloom","Leap","Capacitor","Cold Snap","Darkness","Core Surge","Auto Shields","Leap","Ball Lightning"],"relics":["Cracked Core","Golden Idol","Mango","Pear","Frozen Egg 2","Question Card","ClockworkSouvenir"],"potions_floor_usage":[10],"damage_taken":[{"damage":1,"enemies":"Cultist","floor":1,"turns":3},{"damage":0,"enemies":"2 Louse","floor":2,"turns":2},{"damage":1,"enemies":"Jaw Worm","floor":5,"turns":4},{"damage":15,"enemies":"Lagavulin","floor":8,"turns":8},{"damage":11,"enemies":"Gremlin Nob","floor":10,"turns":4},{"damage":9,"enemies":"Large Slime","floor":11,"turns":6},{"damage":9,"enemies":"Exordium Thugs","floor":14,"turns":4},{"damage":47,"enemies":"The Guardian","floor":16,"turns":8}],"seed_played":"8171083331381746526","potions_obtained":[{"floor":2,"key":"Block Potion"}],"is_trial":false,"path_per_floor":["M","M","?","$","M","R","?","E","T","E","M","?","$","M","R","B"],"character_chosen":"DEFECT","items_purchased":["Capacitor","Cold Snap","ClockworkSouvenir"],"campfire_rested":0,"item_purchase_floors":[4,4,13],"current_hp_per_floor":[63,63,63,63,62,62,62,61,71,60,51,51,51,42,42,0],"gold":32,"neow_bonus":"HUNDRED_GOLD","is_prod":false,"is_daily":false,"chose_seed":false,"campfire_upgraded":2,"win_rate":0,"timestamp":1549064806,"path_taken":["M","M","?","$","M","R","?","E","T","E","M","?","$","M","R","BOSS"],"build_version":"2019-01-23","purchased_purges":0,"victory":false,"max_hp_per_floor":[71,71,71,71,71,71,64,78,88,88,88,88,88,88,88,88],"card_choices":[{"not_picked":["Streamline","Auto Shields"],"picked":"Doom and Gloom","floor":1},{"not_picked":["Go for the Eyes","Gash"],"picked":"Leap","floor":2},{"not_picked":["Go for the Eyes","Beam Cell"],"picked":"Darkness","floor":5},{"not_picked":["Recycle","Sweeping Beam"],"picked":"Core Surge","floor":8},{"not_picked":["Turbo","Rip and Tear"],"picked":"Auto Shields","floor":10},{"not_picked":["Beam Cell","Fusion"],"picked":"Leap","floor":11},{"not_picked":["Beam Cell","Sunder","Chaos"],"picked":"Ball Lightning","floor":14}],"player_experience":166542,"relics_obtained":[{"floor":8,"key":"Mango"},{"floor":9,"key":"Pear"},{"floor":10,"key":"Frozen Egg 2"}],"event_choices":[{"damage_healed":0,"gold_gain":78,"player_choice":"Gained Gold","damage_taken":0,"max_hp_gain":0,"max_hp_loss":0,"event_name":"Golden Wing","floor":3,"gold_loss":0},{"damage_healed":0,"gold_gain":0,"player_choice":"Lose Max HP","damage_taken":0,"relics_obtained":["Golden Idol"],"max_hp_gain":0,"max_hp_loss":7,"event_name":"Golden Idol","floor":7,"gold_loss":0},{"damage_healed":0,"gold_gain":0,"player_choice":"Searched \u00272\u0027 times","damage_taken":0,"relics_obtained":["Question Card"],"max_hp_gain":0,"max_hp_loss":0,"event_name":"Dead Adventurer","floor":12,"gold_loss":0}],"is_beta":false,"boss_relics":[],"items_purged_floors":[],"is_endless":false,"potions_floor_spawned":[2],"killed_by":"The Guardian","ascension_level":16}