{"gold_per_floor":[119,138,88,88,88,120,45,45,68,97,116,116,134,146,146,146],"floor_reached":16,"playtime":1248,"items_purged":["Defend_R"],"score":127,"play_id":"5b99c379-91db-4634-8437-a15804c820ed","local_time":"20190115015757","is_ascension_mode":true,"campfire_choices":[{"floor":8,"key":"REST"},{"data":"Seeing Red","floor":15,"key":"SMITH"}],"neow_cost":"NONE","seed_source_timestamp":221743942740728,"circlet_count":0,"master_deck":["Strike_R","Strike_R","Strike_R","Strike_R","Defend_R","Defend_R+1","Bash","Shrug It Off","Seeing Red+1","Bloodletting+1","Sword Boomerang","Shrug It Off","Immolate"],"relics":["Burning Blood","Letter Opener","War Paint","Dream Catcher"],"potions_floor_usage":[6,10,13,13,16],"damage_taken":[{"damage":7,"enemies":"Small Slimes","floor":1,"turns":4},{"damage":0,"enemies":"2 Louse","floor":2,"turns":3},{"damage":27,"enemies":"3 Sentries","floor":6,"turns":10},{"damage":33,"enemies":"Gremlin Nob","floor":10,"turns":5},{"damage":0,"enemies":"Jaw Worm","floor":11,"turns":4},{"damage":7,"enemies":"Large Slime","floor":13,"turns":5},{"damage":4,"enemies":"Lots of Slimes","floor":14,"turns":3},{"damage":87,"enemies":"The Guardian","floor":16,"turns":16}],"seed_played":"-2924190770567305240","potions_obtained":[{"floor":2,"key":"Explosive Potion"},{"floor":6,"key":"Weak Potion"},{"floor":10,"key":"AttackPotion"},{"floor":12,"key":"Explosive Potion"},{"floor":12,"key":"Energy Potion"},{"floor":12,"key":"Energy Potion"}],"is_trial":false,"path_per_floor":["M","M","?","?","?","E","$","R","T","E","M","?","M","M","R","B"],"character_chosen":"IRONCLAD","items_purchased":[],"campfire_rested":1,"item_purchase_floors":[],"current_hp_per_floor":[87,88,88,93,86,65,65,92,92,65,71,71,70,72,72,0],"gold":146,"neow_bonus":"TEN_PERCENT_HP_BONUS","is_prod":false,"is_daily":false,"chose_seed":false,"campfire_upgraded":1,"win_rate":0,"timestamp":1547546277,"path_taken":["M","M","?","?","?","E","$","R","T","E","?","?","?","M","R","BOSS"],"build_version":"2019-01-10","purchased_purges":1,"victory":false,"max_hp_per_floor":[88,88,88,93,93,93,93,93,93,93,93,93,93,93,93,93],"card_choices":[{"not_picked":["Clothesline","Corruption"],"picked":"Shrug It Off","floor":1},{"not_picked":["Iron Wave","Flex"],"picked":"Seeing Red","floor":2},{"not_picked":["Perfected Strike","Sword Boomerang"],"picked":"Bloodletting","floor":6},{"not_picked":["Anger","Body Slam","Wild Strike"],"picked":"SKIP","floor":10},{"not_picked":["Disarm","Spot Weakness"],"picked":"Sword Boomerang","floor":11},{"not_picked":["Intimidate","Second Wind"],"picked":"Shrug It Off","floor":13},{"not_picked":["Clash","Clothesline"],"picked":"Immolate","floor":14}],"player_experience":163118,"relics_obtained":[{"floor":6,"key":"Letter Opener"},{"floor":9,"key":"War Paint"},{"floor":10,"key":"Dream Catcher"}],"event_choices":[{"cards_removed":["Defend_R"],"damage_healed":0,"gold_gain":0,"player_choice":"Card Removal","damage_taken":0,"max_hp_gain":0,"max_hp_loss":0,"event_name":"The Cleric","floor":3,"gold_loss":50},{"damage_healed":0,"gold_gain":0,"player_choice":"Donut","damage_taken":0,"max_hp_gain":5,"max_hp_loss":0,"event_name":"Big Fish","floor":4,"gold_loss":0},{"cards_removed":["Strike_R"],"damage_healed":0,"gold_gain":0,"player_choice":"Card Removal","damage_taken":7,"max_hp_gain":0,"max_hp_loss":0,"event_name":"Golden Wing","floor":5,"gold_loss":0},{"damage_healed":0,"gold_gain":0,"player_choice":"Got Potions","damage_taken":0,"max_hp_gain":0,"max_hp_loss":0,"event_name":"Lab","floor":12,"gold_loss":0}],"is_beta":false,"boss_relics":[],"items_purged_floors":[7],"is_endless":false,"potions_floor_spawned":[2,6,10],"killed_by":"The Guardian","ascension_level":3}