{"gold_per_floor":[112,125,125,136,211,240,240,272,298,27,27,39,0,32,32,128,128,139,238,238,254,254,254],"floor_reached":23,"playtime":1501,"items_purged":["Defend_B"],"score":300,"play_id":"5230fece-e6c2-4cb8-841f-f223a3b595bb","local_time":"20190217230735","is_ascension_mode":true,"campfire_choices":[{"floor":7,"key":"REST"},{"floor":11,"key":"REST"},{"floor":15,"key":"REST"}],"neow_cost":"NONE","seed_source_timestamp":188463331283273,"circlet_count":0,"master_deck":["Strike_B","Strike_B","Strike_B","Strike_B","Defend_B","Defend_B","Defend_B","Zap+1","Dualcast","Conserve Battery+1","Gash","Recycle","Core Surge","Leap","Sweeping Beam","Self Repair","Static Discharge","Creative AI","Beam Cell+1","Deep Breath","Static Discharge","Necronomicurse"],"relics":["Cracked Core","Vajra","Lantern","PreservedInsect","Runic Capacitor","Potion Belt","Inserter","Necronomicon"],"potions_floor_usage":[6,16,23],"damage_taken":[{"damage":7,"enemies":"Jaw Worm","floor":1,"turns":3},{"damage":0,"enemies":"Cultist","floor":2,"turns":3},{"damage":3,"enemies":"2 Louse","floor":4,"turns":2},{"damage":19,"enemies":"Gremlin Nob","floor":6,"turns":4},{"damage":35,"enemies":"3 Sentries","floor":8,"turns":8},{"damage":0,"enemies":"Exordium Wildlife","floor":12,"turns":3},{"damage":16,"enemies":"Lagavulin","floor":14,"turns":6},{"damage":24,"enemies":"Hexaghost","floor":16,"turns":7},{"damage":11,"enemies":"Chosen","floor":18,"turns":6},{"damage":29,"enemies":"Shell Parasite","floor":21,"turns":5},{"damage":29,"enemies":"Slavers","floor":23,"turns":2}],"seed_played":"3298305326751344617","potions_obtained":[{"floor":4,"key":"Swift Potion"},{"floor":12,"key":"FocusPotion"},{"floor":14,"key":"Swift Potion"},{"floor":21,"key":"Poison Potion"}],"is_trial":false,"path_per_floor":["M","M","?","M","?","E","R","E","T","$","R","M","$","E","R","B",null,"M","?","?","M","?","E"],"character_chosen":"DEFECT","items_purchased":["Runic Capacitor","Self Repair"],"campfire_rested":3,"item_purchase_floors":[10,13],"current_hp_per_floor":[61,61,61,58,47,28,50,15,15,15,37,37,37,28,50,33,65,61,61,61,39,23,0],"gold":254,"neow_bonus":"UPGRADE_CARD","is_prod":false,"is_daily":false,"chose_seed":false,"campfire_upgraded":0,"win_rate":0,"timestamp":1550473655,"path_taken":["M","M","?","?","?","E","R","E","T","$","R","M","?","E","R","BOSS","M","?","?","?","?","E"],"build_version":"2019-01-23","purchased_purges":1,"victory":false,"max_hp_per_floor":[75,75,75,75,75,75,75,75,75,75,75,75,75,75,75,75,75,75,75,75,75,75,75],"card_choices":[{"not_picked":["Cold Snap","Aggregate"],"picked":"Conserve Battery","floor":1},{"not_picked":["Hologram","Leap"],"picked":"Gash","floor":2},{"not_picked":["Barrage","Auto Shields"],"picked":"Recycle","floor":4},{"not_picked":["Tempest","Undo"],"picked":"Core Surge","floor":6},{"not_picked":["Consume","Barrage"],"picked":"Leap","floor":8},{"not_picked":["Coolheaded","Force Field"],"picked":"Sweeping Beam","floor":12},{"not_picked":["Aggregate","Tempest"],"picked":"Static Discharge","floor":14},{"not_picked":["Multi-Cast","Rainbow"],"picked":"Creative AI","floor":16},{"not_picked":["Leap","Stack"],"picked":"Beam Cell+1","floor":18},{"not_picked":["Sweeping Beam","Beam Cell"],"picked":"Static Discharge","floor":21}],"player_experience":438190,"relics_obtained":[{"floor":6,"key":"Vajra"},{"floor":8,"key":"Lantern"},{"floor":9,"key":"PreservedInsect"},{"floor":14,"key":"Potion Belt"},{"floor":22,"key":"Necronomicon"}],"event_choices":[{"damage_healed":0,"gold_gain":0,"player_choice":"Forge","damage_taken":0,"max_hp_gain":0,"max_hp_loss":0,"event_name":"Accursed Blacksmith","floor":3,"gold_loss":0,"cards_upgraded":["Conserve Battery"]},{"damage_healed":0,"gold_gain":75,"player_choice":"Gather Gold","damage_taken":11,"max_hp_gain":0,"max_hp_loss":0,"event_name":"World of Goop","floor":5,"gold_loss":0},{"damage_healed":0,"gold_gain":99,"player_choice":"Stole From Cult","damage_taken":0,"max_hp_gain":0,"max_hp_loss":0,"event_name":"Nest","floor":19,"gold_loss":0},{"damage_healed":0,"gold_gain":0,"player_choice":"1 cards matched","damage_taken":0,"max_hp_gain":0,"max_hp_loss":0,"event_name":"Match and Keep!","floor":20,"gold_loss":0,"cards_obtained":["Deep Breath"]},{"damage_healed":0,"gold_gain":0,"player_choice":"Obtained Book","damage_taken":16,"max_hp_gain":0,"max_hp_loss":0,"event_name":"Cursed Tome","floor":22,"gold_loss":0}],"is_beta":false,"boss_relics":[{"not_picked":["Busted Crown","Sozu"],"picked":"Inserter"}],"items_purged_floors":[10],"is_endless":false,"potions_floor_spawned":[4,12,14,21],"killed_by":"Slavers","ascension_level":9}