{"gold_per_floor":[118,133,83,83,83,115,115,170,197,250,7,7,23,23,23,23],"floor_reached":16,"playtime":704,"items_purged":[],"score":190,"play_id":"21bd61d2-b11e-42ba-936c-962fd58d7445","local_time":"20190215184219","is_ascension_mode":true,"campfire_choices":[{"data":"Neutralize","floor":7,"key":"SMITH"},{"floor":12,"key":"REST"},{"floor":15,"key":"REST"}],"neow_cost":"NONE","seed_source_timestamp":540362029188,"circlet_count":0,"master_deck":["Defend_G","Defend_G","Defend_G","Defend_G","Defend_G","Strike_G","Strike_G","Strike_G","Strike_G","Survivor","Neutralize+1","Blade Dance","Dagger Throw","Well Laid Plans","Quick Slash","Dagger Spray"],"relics":["Ring of the Snake","NeowsBlessing","Ornamental Fan","Question Card","Orichalcum","Tiny Chest","Lantern","Oddly Smooth Stone","Bottled Tornado"],"potions_floor_usage":[16],"damage_taken":[{"damage":0,"enemies":"Cultist","floor":1,"turns":1},{"damage":0,"enemies":"Small Slimes","floor":2,"turns":1},{"damage":0,"enemies":"Lagavulin","floor":6,"turns":1},{"damage":34,"enemies":"Gremlin Nob","floor":8,"turns":6},{"damage":0,"enemies":"2 Louse","floor":13,"turns":2},{"damage":64,"enemies":"Slime Boss","floor":16,"turns":9}],"seed_played":"7694378044133403356","potions_obtained":[{"floor":8,"key":"EssenceOfSteel"},{"floor":13,"key":"AttackPotion"}],"is_trial":false,"path_per_floor":["M","M","?","?","T","E","R","E","T","T","$","R","M","$","R","B"],"character_chosen":"THE_SILENT","items_purchased":["Bottled Tornado"],"campfire_rested":2,"item_purchase_floors":[11],"current_hp_per_floor":[63,63,63,56,56,56,56,22,22,22,22,43,43,43,64,0],"gold":23,"neow_bonus":"THREE_ENEMY_KILL","is_prod":false,"is_daily":false,"chose_seed":false,"campfire_upgraded":1,"win_rate":0,"timestamp":1550284939,"path_taken":["M","?","?","?","?","E","R","E","T","?","$","R","M","$","R","BOSS"],"build_version":"2019-01-23","purchased_purges":0,"victory":false,"max_hp_per_floor":[70,70,70,70,70,70,70,70,70,70,70,70,70,70,70,70],"card_choices":[{"not_picked":["Sucker Punch","Outmaneuver"],"picked":"Blade Dance","floor":1},{"not_picked":["Underhanded Strike","Sucker Punch"],"picked":"Dagger Throw","floor":2},{"not_picked":["Quick Slash","Skewer","Backflip"],"picked":"Well Laid Plans","floor":6},{"not_picked":["Deflect","Riddle With Holes","Crippling Poison"],"picked":"Quick Slash","floor":8},{"not_picked":["Dagger Throw","Dash","PiercingWail"],"picked":"Dagger Spray","floor":13}],"player_experience":412209,"relics_obtained":[{"floor":5,"key":"Question Card"},{"floor":6,"key":"Orichalcum"},{"floor":8,"key":"Tiny Chest"},{"floor":9,"key":"Lantern"},{"floor":10,"key":"Oddly Smooth Stone"}],"event_choices":[{"cards_removed":["Strike_G"],"damage_healed":0,"gold_gain":0,"player_choice":"Card Removal","damage_taken":0,"max_hp_gain":0,"max_hp_loss":0,"event_name":"The Cleric","floor":3,"gold_loss":50},{"damage_healed":0,"gold_gain":0,"player_choice":"Success","damage_taken":7,"relics_obtained":["Ornamental Fan"],"max_hp_gain":0,"max_hp_loss":0,"event_name":"Scrap Ooze","floor":4,"gold_loss":0}],"is_beta":false,"boss_relics":[],"items_purged_floors":[],"is_endless":false,"potions_floor_spawned":[8,13],"killed_by":"Slime Boss","ascension_level":9}