{"gold_per_floor":[115,128,91,111,61,87,87,122,192,192,204,204,204,222,222,324,324,341,351,81,92,92,92,92,92,163,176,176,211,116,144,144,242,242,257,257,275,43,59,59,90,0,0,0,35,48,378,47,47,47],"floor_reached":51,"playtime":4243,"items_purged":["Defend_B"],"score":868,"play_id":"46758a2d-856a-446d-abde-93bf8517a89f","local_time":"20190130222630","is_ascension_mode":true,"campfire_choices":[{"data":"Defragment","floor":10,"key":"SMITH"},{"floor":15,"key":"REST"},{"floor":25,"key":"REST"},{"floor":28,"key":"REST"},{"floor":32,"key":"REST"},{"data":"Loop","floor":40,"key":"SMITH"},{"floor":49,"key":"REST"}],"neow_cost":"TEN_PERCENT_HP_LOSS","seed_source_timestamp":1588448502502210,"circlet_count":0,"master_deck":["Strike_B","Strike_B","Strike_B","Defend_B","Zap","Dualcast","Ball Lightning","Defragment+1","Hello World","Leap","Conserve Battery","Go for the Eyes","Sweeping Beam","Loop+1","Machine Learning","Conserve Battery+1","Beam Cell","Hologram+1","Self Repair+1","Coolheaded+1","Amplify+1","Sweeping Beam","Conserve Battery+1","Genetic Algorithm+1","Coolheaded+1","Compile Driver+1","Ball Lightning+1","Apotheosis+1"],"relics":["Cracked Core","Ginger","Emotion Chip","Anchor","Meat on the Bone","Toxic Egg 2","Busted Crown","Bottled Lightning","Frozen Egg 2","Bottled Tornado","Happy Flower","Inserter","Pear","Blood Vial","Cables","Red Mask","Pocketwatch","Bottled Flame","Old Coin","Ancient Tea Set"],"potions_floor_usage":[8,16,23,31,33,35,41,45,45],"damage_taken":[{"damage":1,"enemies":"Cultist","floor":1,"turns":3},{"damage":0,"enemies":"2 Louse","floor":2,"turns":2},{"damage":7,"enemies":"Jaw Worm","floor":4,"turns":4},{"damage":12,"enemies":"Gremlin Nob","floor":6,"turns":4},{"damage":19,"enemies":"Lagavulin","floor":8,"turns":7},{"damage":12,"enemies":"Large Slime","floor":11,"turns":4},{"damage":0,"enemies":"Blue Slaver","floor":14,"turns":3},{"damage":1,"enemies":"The Guardian","floor":16,"turns":8},{"damage":32,"enemies":"3 Byrds","floor":18,"turns":4},{"damage":18,"enemies":"Chosen","floor":19,"turns":5},{"damage":19,"enemies":"3 Cultists","floor":21,"turns":4},{"damage":0,"enemies":"Snake Plant","floor":23,"turns":2},{"damage":11,"enemies":"Cultist and Chosen","floor":27,"turns":5},{"damage":29,"enemies":"Book of Stabbing","floor":29,"turns":5},{"damage":28,"enemies":"Slavers","floor":31,"turns":5},{"damage":46,"enemies":"Automaton","floor":33,"turns":11},{"damage":5,"enemies":"3 Shapes","floor":35,"turns":5},{"damage":15,"enemies":"3 Darklings","floor":37,"turns":5},{"damage":16,"enemies":"Maw","floor":39,"turns":7},{"damage":5,"enemies":"Giant Head","floor":41,"turns":8},{"damage":58,"enemies":"Reptomancer","floor":45,"turns":6},{"damage":10,"enemies":"Transient","floor":46,"turns":5},{"damage":18,"enemies":"Nemesis","floor":47,"turns":6},{"damage":56,"enemies":"Time Eater","floor":50,"turns":11}],"seed_played":"7782897011085114189","potions_obtained":[{"floor":4,"key":"Swift Potion"},{"floor":6,"key":"SkillPotion"},{"floor":14,"key":"SmokeBomb"},{"floor":29,"key":"Fire Potion"},{"floor":31,"key":"LiquidBronze"},{"floor":33,"key":"Dexterity Potion"},{"floor":35,"key":"EssenceOfSteel"},{"floor":39,"key":"Fire Potion"},{"floor":41,"key":"Regen Potion"}],"is_trial":false,"path_per_floor":["M","M","$","M","?","E","$","E","T","R","M","?","T","M","R","B",null,"M","M","$","M","?","M","$","R","T","M","R","E","$","E","R","B",null,"M","T","M","$","M","R","E","?","T","?","E","M","E","$","R","B",null],"character_chosen":"DEFECT","items_purchased":["Hello World","Bottled Lightning","Conserve Battery+1","Hologram+1","Self Repair+1","Blood Vial","Apotheosis+1","Ancient Tea Set"],"campfire_rested":5,"item_purchase_floors":[3,20,20,30,30,38,48,48],"current_hp_per_floor":[67,67,67,60,60,48,48,29,29,29,29,22,22,34,54,53,68,36,30,30,23,23,35,35,55,55,44,64,35,35,29,49,25,68,68,78,73,73,69,69,78,78,78,78,51,53,59,59,78,34],"gold":47,"neow_bonus":"ONE_RARE_RELIC","is_prod":false,"is_daily":false,"chose_seed":false,"campfire_upgraded":2,"win_rate":0,"timestamp":1548915990,"path_taken":["M","M","$","?","?","E","?","E","T","R","M","?","?","M","R","BOSS","M","M","$","M","?","?","$","R","T","M","R","E","$","E","R","BOSS","M","?","M","?","?","R","E","?","T","?","E","M","E","$","R","BOSS"],"build_version":"2019-01-23","purchased_purges":1,"victory":true,"max_hp_per_floor":[68,68,68,68,68,68,68,68,68,68,68,68,68,68,68,68,68,68,68,68,68,68,68,68,68,68,68,68,68,68,68,68,68,68,68,78,78,78,78,78,78,78,78,78,78,78,78,78,78,78],"card_choices":[{"not_picked":["Coolheaded","Hologram"],"picked":"Ball Lightning","floor":1},{"not_picked":["Redo","Turbo"],"picked":"Defragment","floor":2},{"not_picked":["Gash","Streamline"],"picked":"Leap","floor":4},{"not_picked":["Compile Driver","Redo"],"picked":"Conserve Battery","floor":6},{"not_picked":["Coolheaded","Static Discharge"],"picked":"Go for the Eyes","floor":8},{"not_picked":["Rebound","Tempest"],"picked":"Sweeping Beam","floor":11},{"not_picked":["Auto Shields+1","Beam Cell"],"picked":"Loop","floor":14},{"not_picked":["Multi-Cast+1","Biased Cognition"],"picked":"Machine Learning","floor":16},{"not_picked":["Chill+1"],"picked":"SKIP","floor":18},{"not_picked":["Turbo+1"],"picked":"SKIP","floor":19},{"not_picked":[],"picked":"Beam Cell","floor":21},{"not_picked":["Go for the Eyes"],"picked":"SKIP","floor":27},{"not_picked":["Turbo+1"],"picked":"SKIP","floor":29},{"not_picked":[],"picked":"Coolheaded+1","floor":31},{"not_picked":[],"picked":"Amplify+1","floor":33},{"not_picked":[],"picked":"Sweeping Beam","floor":35},{"not_picked":[],"picked":"Conserve Battery+1","floor":37},{"not_picked":["Coolheaded+1"],"picked":"SKIP","floor":39},{"not_picked":[],"picked":"Genetic Algorithm+1","floor":41},{"not_picked":[],"picked":"Compile Driver+1","floor":45},{"not_picked":[],"picked":"Ball Lightning+1","floor":46},{"not_picked":["Hello World+1"],"picked":"SKIP","floor":47}],"player_experience":233584,"relics_obtained":[{"floor":6,"key":"Emotion Chip"},{"floor":8,"key":"Anchor"},{"floor":9,"key":"Meat on the Bone"},{"floor":13,"key":"Toxic Egg 2"},{"floor":26,"key":"Frozen Egg 2"},{"floor":29,"key":"Bottled Tornado"},{"floor":31,"key":"Happy Flower"},{"floor":36,"key":"Pear"},{"floor":41,"key":"Cables"},{"floor":43,"key":"Pocketwatch"},{"floor":45,"key":"Bottled Flame"},{"floor":47,"key":"Old Coin"}],"event_choices":[{"cards_removed":["Defend_B"],"damage_healed":0,"gold_gain":0,"player_choice":"Card Removal","damage_taken":0,"max_hp_gain":0,"max_hp_loss":0,"event_name":"The Cleric","floor":5,"gold_loss":50},{"cards_removed":["Strike_B"],"damage_healed":0,"gold_gain":0,"player_choice":"Card Removal","damage_taken":7,"max_hp_gain":0,"max_hp_loss":0,"event_name":"Golden Wing","floor":12,"gold_loss":0},{"damage_healed":0,"gold_gain":0,"player_choice":"Bought 0 Potions","damage_taken":0,"max_hp_gain":0,"max_hp_loss":0,"event_name":"The Woman in Blue","floor":22,"gold_loss":0},{"damage_healed":0,"gold_gain":0,"player_choice":"Paid","damage_taken":0,"relics_obtained":["Red Mask"],"max_hp_gain":0,"max_hp_loss":0,"event_name":"Tomb of Lord Red Mask","floor":42,"gold_loss":90},{"damage_healed":0,"gold_gain":0,"cards_transformed":["Defend_B"],"player_choice":"Transformed","damage_taken":0,"max_hp_gain":0,"max_hp_loss":0,"event_name":"Transmorgrifier","floor":44,"gold_loss":0,"cards_obtained":["Coolheaded"]}],"is_beta":false,"boss_relics":[{"not_picked":["Fusion Hammer","Nuclear Battery"],"picked":"Busted Crown"},{"not_picked":["Empty Cage","Runic Dome"],"picked":"Inserter"}],"items_purged_floors":[38],"is_endless":false,"potions_floor_spawned":[4,6,14,23,29,31,33,35,39,41],"ascension_level":3}