{"gold_per_floor":[112,112,112,127,150,150,173,173,199,214,214,176,212,226,226,347,347,361,384,405,26,46,77,77,77,100,133,165,177,189,222,234,372,384,412,424,449,461,498,510,269,294,294,312,312,325,325,350,350,350],"floor_reached":51,"playtime":1022,"items_purged":["Strike_R","Strike_R"],"score":665,"play_id":"d38046bf-55c6-49d0-b1e7-465809be9e24","local_time":"20190104043333","is_ascension_mode":false,"campfire_choices":[{"data":"Whirlwind","floor":6.0,"key":"SMITH"},{"floor":8.0,"key":"REST"},{"floor":11.0,"key":"REST"},{"data":"Bash","floor":15.0,"key":"SMITH"},{"data":"Limit Break","floor":24.0,"key":"SMITH"},{"floor":29.0,"key":"REST"},{"floor":32.0,"key":"REST"},{"data":"Spot Weakness","floor":40,"key":"SMITH"},{"floor":49,"key":"REST"}],"neow_cost":"NONE","seed_source_timestamp":126739782528820,"circlet_count":0,"master_deck":["Strike_R","Strike_R","Strike_R","Defend_R","Defend_R","Defend_R","Defend_R","Bash+1","Whirlwind+1","Heavy Blade","Body Slam+1","Shrug It Off","Dropkick","Shockwave","Spot Weakness+1","Twin Strike","Immolate+1","Pommel Strike","Flex+1","Carnage","Limit Break+1","Twin Strike","Iron Wave","Feed","Heavy Blade+1","Clash"],"special_seed":0,"relics":["Burning Blood","Golden Idol","Vajra","Odd Mushroom","Sozu","Whetstone","Omamori","Orichalcum","MawBank","Busted Crown","Pen Nib","Dodecahedron"],"potions_floor_usage":[33],"damage_taken":[{"damage":13.0,"enemies":"Jaw Worm","floor":1.0,"turns":3.0},{"damage":7.0,"enemies":"2 Louse","floor":4.0,"turns":2.0},{"damage":9.0,"enemies":"Small Slimes","floor":5.0,"turns":3.0},{"damage":12.0,"enemies":"2 Fungi Beasts","floor":7.0,"turns":3.0},{"damage":26.0,"enemies":"Large Slime","floor":10.0,"turns":4.0},{"damage":2.0,"enemies":"The Mushroom Lair","floor":13.0,"turns":2.0},{"damage":16.0,"enemies":"Lots of Slimes","floor":14.0,"turns":3.0},{"damage":39.0,"enemies":"Hexaghost","floor":16.0,"turns":8.0},{"damage":10.0,"enemies":"Chosen","floor":18.0,"turns":3.0},{"damage":20.0,"enemies":"Spheric Guardian","floor":19.0,"turns":4.0},{"damage":6.0,"enemies":"Snecko","floor":20.0,"turns":3.0},{"damage":29.0,"enemies":"Snake Plant","floor":22.0,"turns":3.0},{"damage":21.0,"enemies":"Slavers","floor":23.0,"turns":3.0},{"damage":2.0,"enemies":"Cultist and Chosen","floor":27.0,"turns":3.0},{"damage":11.0,"enemies":"Centurion and Healer","floor":28.0,"turns":3.0},{"damage":9.0,"enemies":"Snecko","floor":31.0,"turns":4.0},{"damage":66,"enemies":"Automaton","floor":33,"turns":7},{"damage":10,"enemies":"Orb Walker","floor":35,"turns":2},{"damage":20,"enemies":"3 Shapes","floor":37,"turns":3},{"damage":6,"enemies":"Maw","floor":39,"turns":6},{"damage":12,"enemies":"3 Darklings","floor":42,"turns":4},{"damage":26,"enemies":"Jaw Worm Horde","floor":44,"turns":4},{"damage":0,"enemies":"Transient","floor":46,"turns":5},{"damage":16,"enemies":"Writhing Mass","floor":48,"turns":3},{"damage":56,"enemies":"Time Eater","floor":50,"turns":6}],"seed_played":"-5006682584883515901","potions_obtained":[{"floor":1.0,"key":"SteroidPotion"},{"floor":4.0,"key":"FairyPotion"},{"floor":10.0,"key":"Weak Potion"}],"is_trial":false,"path_per_floor":["M","?","$","M","M","R","M","R","T","M","R","$","?","M","R","B",null,"M","M","M","$","M","E","R","$","T","M","M","R","?","M","R","B",null,"M","?","M","?","M","R","$","M","T","M","?","M","?","M","R","B",null],"character_chosen":"IRONCLAD","items_purchased":["Shockwave","Whetstone","Omamori","Pen Nib"],"campfire_rested":5,"item_purchase_floors":[12,21,21,41],"current_hp_per_floor":[73,53,53,52,49,49,43,67,67,47,71,71,75,65,65,32,80,76,62,62,62,39,24,24,24,24,28,23,47,47,44,68,8,80,76,76,65,65,65,65,65,59,59,39,79,79,79,69,79,29],"gold":350,"neow_bonus":"THREE_CARDS","is_prod":false,"is_daily":false,"chose_seed":false,"campfire_upgraded":4,"win_rate":0,"timestamp":1546569213,"path_taken":["M","?","$","M","M","R","M","R","T","M","R","$","?","M","R","BOSS","M","M","M","$","M","E","R","$","T","M","M","R","?","M","R","BOSS","M","?","M","?","M","R","$","M","T","M","?","M","?","M","R","BOSS"],"build_version":"2019-01-03","purchased_purges":2,"victory":true,"max_hp_per_floor":[80,80,80,80,80,80,80,80,80,80,80,80,80,80,80,80,80,80,80,80,80,80,80,80,80,80,80,80,80,80,80,80,80,80,80,76,79,79,79,79,79,79,79,79,79,79,79,79,79,79],"card_choices":[{"not_picked":["Perfected Strike","Blood for Blood"],"picked":"Whirlwind","floor":0.0},{"not_picked":["Power Through","Infernal Blade"],"picked":"Heavy Blade","floor":1.0},{"not_picked":["Havoc","Heavy Blade"],"picked":"Body Slam","floor":4.0},{"not_picked":["Heavy Blade","Twin Strike"],"picked":"Rupture","floor":5.0},{"not_picked":["Dual Wield","Armaments"],"picked":"Shrug It Off","floor":7.0},{"not_picked":["Clash","Cleave"],"picked":"Dropkick","floor":10.0},{"not_picked":["Evolve","Heavy Blade"],"picked":"Spot Weakness","floor":13.0},{"not_picked":["Iron Wave","Ghostly Armor"],"picked":"Twin Strike","floor":14.0},{"not_picked":["Bludgeon","Juggernaut"],"picked":"Immolate","floor":16.0},{"not_picked":["Reckless Charge","Armaments"],"picked":"Pommel Strike","floor":18.0},{"not_picked":["Rage+1","Sword Boomerang"],"picked":"Flex+1","floor":19.0},{"not_picked":["Cleave+1","Ghostly Armor","Perfected Strike"],"picked":"SKIP","floor":20.0},{"not_picked":["Reckless Charge","Anger"],"picked":"Carnage","floor":22.0},{"not_picked":["Iron Wave","Metallicize"],"picked":"Limit Break","floor":23.0},{"not_picked":["Shrug It Off","Sword Boomerang+1"],"picked":"Twin Strike","floor":27.0},{"not_picked":["Cleave","Heavy Blade+1"],"picked":"Iron Wave","floor":28.0},{"not_picked":["Infernal Blade","Shrug It Off","Flex+1"],"picked":"SKIP","floor":31.0},{"not_picked":["Limit Break","Bludgeon"],"picked":"Feed","floor":33},{"not_picked":["Havoc"],"picked":"SKIP","floor":35},{"not_picked":["Flex"],"picked":"SKIP","floor":37},{"not_picked":["Evolve"],"picked":"SKIP","floor":39},{"not_picked":[],"picked":"Heavy Blade+1","floor":42},{"not_picked":["Clash"],"picked":"SKIP","floor":44},{"not_picked":[],"picked":"Clash","floor":46},{"not_picked":["Headbutt"],"picked":"SKIP","floor":48}],"player_experience":89325,"relics_obtained":[{"floor":9.0,"key":"Vajra"},{"floor":13.0,"key":"Odd Mushroom"},{"floor":23.0,"key":"Orichalcum"},{"floor":26.0,"key":"MawBank"},{"floor":43,"key":"Dodecahedron"}],"event_choices":[{"damage_healed":0.0,"max_hp_gain":0.0,"max_hp_loss":0.0,"gold_gain":0.0,"event_name":"Golden Idol","player_choice":"Take Damage","floor":2.0,"gold_loss":0.0,"damage_taken":20.0,"relics_obtained":["Golden Idol"]},{"damage_healed":0.0,"max_hp_gain":0.0,"max_hp_loss":0.0,"gold_gain":0.0,"event_name":"Mushrooms","player_choice":"Fought Mushrooms","floor":13.0,"gold_loss":0.0,"damage_taken":0.0},{"damage_healed":0.0,"max_hp_gain":0.0,"max_hp_loss":0.0,"gold_gain":0.0,"event_name":"Cursed Tome","player_choice":"Ignored","floor":30.0,"gold_loss":0.0,"damage_taken":0.0},{"damage_healed":0,"gold_gain":0,"player_choice":"Max HP","damage_taken":0,"max_hp_gain":0,"max_hp_loss":4,"event_name":"Winding Halls","floor":36,"gold_loss":0},{"cards_removed":["Rupture"],"damage_healed":0,"gold_gain":0,"player_choice":"Removed Power","damage_taken":0,"max_hp_gain":0,"max_hp_loss":0,"event_name":"Falling","floor":38,"gold_loss":0},{"damage_healed":40,"gold_gain":0,"player_choice":"Heal","damage_taken":0,"max_hp_gain":0,"max_hp_loss":0,"event_name":"MindBloom","floor":45,"gold_loss":0,"cards_obtained":["Doubt"]},{"damage_healed":0,"gold_gain":0,"player_choice":"0 cards matched","damage_taken":0,"max_hp_gain":0,"max_hp_loss":0,"event_name":"Match and Keep!","floor":47,"gold_loss":0,"cards_obtained":[]}],"is_beta":false,"boss_relics":[{"not_picked":["Philosopher\u0027s Stone","Runic Dome"],"picked":"Sozu"},{"not_picked":["Fusion Hammer","Cursed Key"],"picked":"Busted Crown"}],"items_purged_floors":[21,41],"is_endless":false,"potions_floor_spawned":[1,4,10,14,18,22,28,31,33,35,39,42,48],"ascension_level":0}