{"gold_per_floor":[112,123,123,140,156,183,183,198,198,224,243,243,243,258,258,355,355,374,95,95,20,20,20,45,56,56,74,24,24,24,35,35,35],"floor_reached":33,"playtime":2267,"items_purged":["Wraith Form v2"],"score":385,"play_id":"ae2eb9a9-2839-42ab-b21a-764bbe6c0a4c","local_time":"20190208223602","is_ascension_mode":true,"campfire_choices":[{"floor":7,"key":"REST"},{"floor":13,"key":"REST"},{"floor":15,"key":"REST"},{"floor":23,"key":"REST"},{"floor":32,"key":"REST"}],"neow_cost":"NONE","seed_source_timestamp":2368612114214689,"circlet_count":0,"master_deck":["Survivor","Neutralize","Dagger Throw","Dagger Spray","Quick Slash","Leg Sweep","A Thousand Cuts","Noxious Fumes","Poisoned Stab","Deflect","Dash","Noxious Fumes","Tools of the Trade","Catalyst","Setup","Backstab","Bouncing Flask","Crippling Poison","Concentrate","Venomology","Deflect","Apotheosis","Blade Dance","Blade Dance","Deflect","Footwork","Cloak And Dagger","Writhe","Dagger Throw"],"relics":["WristBlade","NlothsMask","Pocketwatch","Letter Opener","Pandora\u0027s Box","Enchiridion","Ancient Tea Set","Bag of Preparation","Pear"],"potions_floor_usage":[8,10,18,18,27,31,33,33,33],"damage_taken":[{"damage":5,"enemies":"Small Slimes","floor":1,"turns":4},{"damage":1,"enemies":"Cultist","floor":2,"turns":4},{"damage":0,"enemies":"2 Louse","floor":4,"turns":2},{"damage":0,"enemies":"Blue Slaver","floor":5,"turns":5},{"damage":31,"enemies":"3 Sentries","floor":6,"turns":10},{"damage":2,"enemies":"Looter","floor":8,"turns":4},{"damage":15,"enemies":"Lagavulin","floor":10,"turns":7},{"damage":5,"enemies":"3 Louse","floor":11,"turns":3},{"damage":1,"enemies":"Red Slaver","floor":14,"turns":5},{"damage":34,"enemies":"Slime Boss","floor":16,"turns":7},{"damage":24,"enemies":"3 Byrds","floor":18,"turns":4},{"damage":16,"enemies":"Gremlin Leader","floor":24,"turns":6},{"damage":21,"enemies":"Shell Parasite","floor":25,"turns":3},{"damage":0,"enemies":"Sentry and Sphere","floor":27,"turns":3},{"damage":4,"enemies":"Chosen and Byrds","floor":31,"turns":4},{"damage":58,"enemies":"Champ","floor":33,"turns":7}],"seed_played":"2425130192418644932","potions_obtained":[{"floor":6,"key":"Fruit Juice"},{"floor":8,"key":"SteroidPotion"},{"floor":14,"key":"Swift Potion"},{"floor":16,"key":"AttackPotion"},{"floor":25,"key":"Fire Potion"}],"is_trial":false,"path_per_floor":["M","M","?","M","M","E","R","M","T","E","M","?","R","M","R","B",null,"M","$","$","?","?","R","E","M","T","M","$","?","?","M","R","B"],"character_chosen":"THE_SILENT","items_purchased":["Apotheosis","Blade Dance","Cloak And Dagger"],"campfire_rested":5,"item_purchase_floors":[19,19,28],"current_hp_per_floor":[58,57,57,57,57,26,47,50,50,35,30,30,52,51,73,39,66,42,42,42,42,26,48,32,11,11,11,11,21,13,9,34,0],"gold":35,"neow_bonus":"BOSS_RELIC","is_prod":false,"is_daily":false,"chose_seed":false,"campfire_upgraded":0,"win_rate":0,"timestamp":1549694162,"path_taken":["M","M","?","M","?","E","R","M","T","E","M","?","R","?","R","BOSS","M","?","$","?","?","R","E","M","T","M","$","?","?","M","R","BOSS"],"build_version":"2019-01-23","purchased_purges":1,"victory":false,"max_hp_per_floor":[70,70,70,70,70,70,70,75,75,75,75,75,75,75,75,75,75,75,75,75,75,75,75,75,75,75,75,75,85,85,85,85,85],"card_choices":[{"not_picked":["Acrobatics","Prepared"],"picked":"Dagger Throw","floor":1},{"not_picked":["Bane","Catalyst"],"picked":"Dagger Spray","floor":2},{"not_picked":["Finisher","Heel Hook"],"picked":"Quick Slash","floor":4},{"not_picked":["Underhanded Strike","Sucker Punch"],"picked":"Leg Sweep","floor":5},{"not_picked":["Deflect","PiercingWail"],"picked":"A Thousand Cuts","floor":6},{"not_picked":["Leg Sweep","Endless Agony"],"picked":"Noxious Fumes","floor":8},{"not_picked":["Prepared","PiercingWail"],"picked":"Poisoned Stab","floor":10},{"not_picked":["Underhanded Strike","Predator"],"picked":"Deflect","floor":11},{"not_picked":["Slice","Malaise"],"picked":"Noxious Fumes","floor":14},{"not_picked":["Adrenaline","Malaise"],"picked":"Tools of the Trade","floor":16},{"not_picked":["Underhanded Strike","Blade Dance"],"picked":"Deflect","floor":18},{"not_picked":["Acrobatics","Skewer"],"picked":"Blade Dance","floor":24},{"not_picked":["Bane","Calculated Gamble"],"picked":"Deflect","floor":25},{"not_picked":["PiercingWail","Dagger Throw"],"picked":"Footwork","floor":27},{"not_picked":["Storm of Steel","Heel Hook"],"picked":"Dagger Throw","floor":31}],"player_experience":287658,"relics_obtained":[{"floor":6,"key":"Pocketwatch"},{"floor":10,"key":"Letter Opener"},{"floor":22,"key":"Enchiridion"},{"floor":24,"key":"Ancient Tea Set"},{"floor":26,"key":"Bag of Preparation"}],"event_choices":[{"damage_healed":0,"gold_gain":0,"player_choice":"Trade","damage_taken":0,"relics_obtained":["NlothsMask"],"max_hp_gain":0,"max_hp_loss":0,"event_name":"FaceTrader","floor":3,"gold_loss":0},{"damage_healed":0,"gold_gain":0,"cards_transformed":["Strike_G"],"player_choice":"Transformed","damage_taken":0,"max_hp_gain":0,"max_hp_loss":0,"event_name":"Transmorgrifier","floor":12,"gold_loss":0,"cards_obtained":["Dash"]},{"cards_removed":["Wraith Form v2"],"damage_healed":0,"gold_gain":0,"player_choice":"Gave Gold","damage_taken":0,"max_hp_gain":0,"max_hp_loss":0,"event_name":"Beggar","floor":21,"gold_loss":75},{"damage_healed":0,"gold_gain":0,"player_choice":"Obtained Book","damage_taken":16,"max_hp_gain":0,"max_hp_loss":0,"event_name":"Cursed Tome","floor":22,"gold_loss":0},{"damage_healed":0,"gold_gain":0,"player_choice":"Opened","damage_taken":0,"relics_obtained":["Pear"],"max_hp_gain":0,"max_hp_loss":0,"event_name":"The Mausoleum","floor":29,"gold_loss":0,"cards_obtained":["Writhe"]},{"damage_healed":0,"gold_gain":0,"player_choice":"Damaged","damage_taken":8,"max_hp_gain":0,"max_hp_loss":0,"event_name":"Wheel of Change","floor":30,"gold_loss":0}],"is_beta":false,"boss_relics":[{"not_picked":["Orrery","Runic Pyramid"],"picked":"Pandora\u0027s Box"}],"items_purged_floors":[19],"is_endless":false,"potions_floor_spawned":[6,8,14,16,25,31],"killed_by":"Champ","ascension_level":6}