{"path_per_floor":["M","?","$","?","M","R","?","R","T","T","M","R","E","M","R","B",null,"M","M","M","?","$"],"character_chosen":"IRONCLAD","items_purchased":["Bottled Flame","Brutality"],"gold_per_floor":[362,437,116,116,131,131,131,131,131,131,151,151,182,197,197,325,325,346,361,382,382,312,312],"floor_reached":23,"campfire_rested":1,"playtime":1416,"current_hp_per_floor":[44,33,33,33,38,38,38,38,45,45,44,44,27,33,59,14,87,87,87,70,70,70,0],"items_purged":["Strike_R"],"gold":312,"score":189,"play_id":"e312b092-867a-4ad3-822b-df6c16279e2d","local_time":"20180418200406","is_prod":false,"is_daily":false,"chose_seed":false,"is_ascension_mode":false,"campfire_upgraded":3,"timestamp":1524078246,"path_taken":["M","?","$","?","M","R","?","R","T","?","?","R","E","M","R","BOSS","M","M","M","?","$","E"],"build_version":"2018-04-12","seed_source_timestamp":33594033236755,"purchased_purges":1,"victory":false,"master_deck":["Strike_R+1","Strike_R+1","Strike_R","Strike_R","Defend_R","Defend_R","Defend_R","Defend_R","Bash","Searing Blow+1","Uppercut+1","Armaments+1","True Grit","Clash+1","Clothesline+1","Dual Wield+1","Double Tap","Brutality"],"max_hp_per_floor":[80,80,80,80,80,80,80,80,87,87,87,87,87,87,87,87,87,87,87,87,87,87,87],"relics":["Burning Blood","Bottled Flame","Golden Idol","Strawberry","Whetstone","Dodecahedron","Sozu"],"card_choices":[{"not_picked":["Spot Weakness","Warcry"],"picked":"Searing Blow","floor":1},{"not_picked":["Twin Strike","Shrug It Off"],"picked":"Uppercut","floor":5},{"not_picked":["Cleave","Iron Wave"],"picked":"Armaments","floor":11},{"not_picked":["Warcry","Iron Wave"],"picked":"True Grit","floor":13},{"not_picked":["Iron Wave","Armaments"],"picked":"Clash","floor":18},{"not_picked":["Heavy Blade","Carnage"],"picked":"Clothesline","floor":19},{"not_picked":["Bloodletting","Rampage"],"picked":"Dual Wield","floor":20}],"player_experience":33472,"potions_floor_usage":[16],"damage_taken":[{"damage":2,"enemies":"Small Slimes","floor":1,"turns":4},{"damage":1,"enemies":"Cultist","floor":5,"turns":4},{"damage":7,"enemies":"2 Louse","floor":11,"turns":2},{"damage":23,"enemies":"3 Sentries","floor":13,"turns":9},{"damage":0,"enemies":"Looter","floor":14,"turns":3},{"damage":51,"enemies":"Hexaghost","floor":16,"turns":12},{"damage":5,"enemies":"3 Byrds","floor":18,"turns":7},{"damage":0,"enemies":"Chosen","floor":19,"turns":3},{"damage":23,"enemies":"3 Cultists","floor":20,"turns":7},{"damage":76,"enemies":"Slavers","floor":23,"turns":4}],"event_choices":[{"event_name":"World of Goop","player_choice":"Gather Gold","floor":2,"damage_taken":0},{"event_name":"Golden Idol","player_choice":"Take Wound","floor":4,"damage_taken":0},{"event_name":"Purifier","player_choice":"One Purge","floor":7,"damage_taken":0},{"event_name":"The Library","player_choice":"Read","floor":21,"damage_taken":0}],"boss_relics":[{"not_picked":["Lizard Tail","Cursed Key"],"picked":"Sozu"}],"potions_floor_spawned":[1,14,16,19],"seed_played":"-7859402186081073936","killed_by":"Slavers","ascension_level":0,"is_trial":false}