{"gold_per_floor":[115,115,115,130,17,57,57,57,57,96,15,15,15,33,33,152,152,177,177,177,152,4,4,4],"floor_reached":24,"playtime":1020,"items_purged":["Strike_G","Strike_G"],"score":250,"play_id":"73dae2e1-afe8-4ddb-a4ab-7d3ccab1c56f","local_time":"20190216054420","is_ascension_mode":false,"campfire_choices":[{"floor":7,"key":"RECALL"},{"floor":15,"key":"REST"},{"data":"Bullet Time","floor":23,"key":"SMITH"}],"neow_cost":"NONE","seed_source_timestamp":927545721541415,"circlet_count":0,"master_deck":["Defend_G","Defend_G","Defend_G","Defend_G+1","Defend_G","Strike_G","Survivor","Neutralize","PiercingWail","Dash+1","Infinite Blades","Bullet Time+1","PiercingWail","Crippling Poison","Leg Sweep","Night Terror","Dash","Ghostly","Ghostly","Ghostly","Ghostly","Ghostly","Crippling Poison","Cloak And Dagger"],"relics":["Ring of the Snake","NeowsBlessing","Golden Idol","Ice Cream","Gambling Chip","Empty Cage"],"potions_floor_usage":[10,16,16,24],"damage_taken":[{"damage":0,"enemies":"Cultist","floor":1,"turns":1},{"damage":0,"enemies":"2 Louse","floor":4,"turns":1},{"damage":0,"enemies":"3 Sentries","floor":6,"turns":2},{"damage":22,"enemies":"Gremlin Nob","floor":10,"turns":5},{"damage":0,"enemies":"Jaw Worm","floor":14,"turns":2},{"damage":23,"enemies":"The Guardian","floor":16,"turns":20},{"damage":5,"enemies":"Spheric Guardian","floor":18,"turns":10},{"damage":0,"enemies":"2 Thieves","floor":21,"turns":5},{"damage":38,"enemies":"Chosen and Byrds","floor":24,"turns":8}],"seed_played":"-4629853371401208221","potions_obtained":[{"floor":1,"key":"FearPotion"},{"floor":10,"key":"EssenceOfSteel"},{"floor":14,"key":"Block Potion"},{"floor":18,"key":"Energy Potion"},{"floor":21,"key":"AttackPotion"}],"is_trial":false,"path_per_floor":["M","?","?","M","$","E","R","T","T","E","$","?","$","M","R","B",null,"M","?","?","M","$","R","M"],"character_chosen":"THE_SILENT","items_purchased":["Infinite Blades","Crippling Poison","Cloak And Dagger"],"campfire_rested":1,"item_purchase_floors":[5,11,22],"current_hp_per_floor":[70,75,57,57,57,57,57,57,57,35,35,20,20,20,42,19,75,70,37,37,37,37,37,0],"gold":4,"neow_bonus":"THREE_ENEMY_KILL","is_prod":false,"is_daily":false,"chose_seed":false,"campfire_upgraded":1,"win_rate":0,"timestamp":1550313860,"path_taken":["M","?","?","M","?","E","R","?","T","E","$","?","$","M","R","BOSS","M","?","?","M","$","R","M"],"build_version":"2019-01-23","purchased_purges":2,"victory":false,"max_hp_per_floor":[70,75,75,75,75,75,75,75,75,75,75,75,75,75,75,75,75,75,37,37,37,37,37,37],"card_choices":[{"not_picked":["Acrobatics","Bane"],"picked":"PiercingWail","floor":1},{"not_picked":["Dagger Spray","Escape Plan"],"picked":"Dash","floor":4},{"not_picked":["Reflex","Blade Dance"],"picked":"Bullet Time","floor":6},{"not_picked":["Blur","Terror"],"picked":"PiercingWail","floor":10},{"not_picked":["Dodge and Roll","Deadly Poison"],"picked":"Leg Sweep","floor":14},{"not_picked":["Envenom","A Thousand Cuts"],"picked":"Night Terror","floor":16},{"not_picked":["Outmaneuver","Dagger Spray"],"picked":"Dash","floor":18},{"not_picked":["Acrobatics","Masterful Stab","Eviscerate+1"],"picked":"SKIP","floor":21}],"player_experience":164039,"relics_obtained":[{"floor":6,"key":"Ice Cream"},{"floor":10,"key":"Gambling Chip"}],"event_choices":[{"damage_healed":0,"gold_gain":0,"player_choice":"Donut","damage_taken":0,"max_hp_gain":5,"max_hp_loss":0,"event_name":"Big Fish","floor":2,"gold_loss":0},{"damage_healed":0,"gold_gain":0,"player_choice":"Take Damage","damage_taken":18,"relics_obtained":["Golden Idol"],"max_hp_gain":0,"max_hp_loss":0,"event_name":"Golden Idol","floor":3,"gold_loss":0},{"damage_healed":0,"gold_gain":0,"player_choice":"Entered Light","damage_taken":15,"max_hp_gain":0,"max_hp_loss":0,"event_name":"Shining Light","floor":12,"gold_loss":0,"cards_upgraded":["Defend_G","Dash"]},{"damage_healed":0,"gold_gain":0,"player_choice":"Became a Ghost","damage_taken":0,"max_hp_gain":0,"max_hp_loss":38,"event_name":"Ghosts","floor":19,"gold_loss":0,"cards_obtained":["Ghostly","Ghostly","Ghostly","Ghostly","Ghostly"]},{"damage_healed":0,"gold_gain":0,"player_choice":"Read","damage_taken":0,"max_hp_gain":0,"max_hp_loss":0,"event_name":"The Library","floor":20,"gold_loss":0,"cards_obtained":["Crippling Poison"]}],"is_beta":false,"boss_relics":[{"not_picked":["Philosopher\u0027s Stone","Black Star"],"picked":"Empty Cage"}],"items_purged_floors":[5,22],"is_endless":false,"potions_floor_spawned":[1,10,14,18,21],"killed_by":"Chosen and Byrds","ascension_level":0}