{"path_per_floor":["M","?","?","?","M","E","R","M","T","M","M","M","M","$","R","B",null,"M","?","?","M","M"],"character_chosen":"IRONCLAD","items_purchased":["Whetstone","Evolve"],"gold_per_floor":[16,16,16,191,206,239,239,254,254,270,285,302,314,14,14,113,113,125,95,345,358,376,376],"floor_reached":23,"campfire_rested":1,"playtime":1307,"current_hp_per_floor":[80,64,52,52,53,19,19,22,22,23,24,24,33,33,57,53,80,58,58,58,50,43,0],"items_purged":["Doubt"],"gold":376,"score":195,"play_id":"bf91ba4e-7496-45b5-8a96-7e6603101978","local_time":"20180503233003","is_prod":false,"is_daily":false,"chose_seed":false,"is_ascension_mode":false,"campfire_upgraded":1,"timestamp":1525386603,"path_taken":["M","?","?","?","M","E","R","M","T","M","?","M","M","?","R","BOSS","M","?","?","M","M","E"],"build_version":"2018-04-26","seed_source_timestamp":0,"purchased_purges":1,"victory":false,"master_deck":["Strike_R+1","Strike_R","Strike_R+1","Strike_R+1","Strike_R","Defend_R","Defend_R+1","Bash","Sentinel","Uppercut+1","Thunderclap","Inflame","True Grit","Reaper","Evolve","Demon Form","Decay","Normality","Doubt","Regret","Heavy Blade","Heavy Blade+1"],"max_hp_per_floor":[80,80,80,80,80,80,80,80,80,80,80,80,80,80,80,80,80,80,80,80,80,80,80],"relics":["Burning Blood","Du-Vu Doll","Toolbox","Bottled Lightning","Whetstone","Calling Bell","Prayer Wheel","Frozen Egg 2","Champion Belt"],"card_choices":[{"not_picked":["Corruption","Sever Soul"],"picked":"Sentinel","floor":1.0},{"not_picked":["Rampage","Armaments"],"picked":"Uppercut","floor":5.0},{"not_picked":["Ghostly Armor","Corruption"],"picked":"Thunderclap","floor":6.0},{"not_picked":["Shrug It Off","Thunderclap"],"picked":"Inflame","floor":8.0},{"not_picked":["Body Slam","Twin Strike"],"picked":"True Grit","floor":10.0},{"not_picked":["Inflame","Armaments"],"picked":"Reaper","floor":11.0},{"not_picked":["Offering","Limit Break"],"picked":"Demon Form","floor":16.0},{"not_picked":["Thunderclap","Headbutt"],"picked":"Heavy Blade","floor":21},{"not_picked":["Cleave","Blood for Blood"],"picked":"Heavy Blade","floor":22}],"player_experience":38530,"potions_floor_usage":[18,22],"damage_taken":[{"damage":6.0,"enemies":"Cultist","floor":1.0,"turns":3.0},{"damage":5.0,"enemies":"2 Louse","floor":5.0,"turns":3.0},{"damage":40.0,"enemies":"3 Sentries","floor":6.0,"turns":10.0},{"damage":3.0,"enemies":"Jaw Worm","floor":8.0,"turns":2.0},{"damage":5.0,"enemies":"2 Fungi Beasts","floor":10.0,"turns":3.0},{"damage":5.0,"enemies":"Looter","floor":11.0,"turns":3.0},{"damage":6.0,"enemies":"Blue Slaver","floor":12.0,"turns":4.0},{"damage":0.0,"enemies":"3 Louse","floor":13.0,"turns":2.0},{"damage":18.0,"enemies":"Slime Boss","floor":16.0,"turns":6.0},{"damage":28,"enemies":"Spheric Guardian","floor":18,"turns":6},{"damage":14,"enemies":"Shell Parasite","floor":21,"turns":5},{"damage":45,"enemies":"3 Cultists","floor":22,"turns":5},{"damage":43,"enemies":"Slavers","floor":23,"turns":3}],"event_choices":[{"event_name":"Shining Light","player_choice":"Entered Light","floor":2.0,"damage_taken":0.0},{"event_name":"Scrap Ooze","player_choice":"success","floor":3.0,"damage_taken":12.0},{"event_name":"Liars Game","player_choice":"agreed","floor":4.0,"damage_taken":0.0},{"event_name":"The Woman in Blue","player_choice":"Bought 2 Potions","floor":19,"damage_taken":0},{"event_name":"Golden Shrine","player_choice":"Desecrate","floor":20,"damage_taken":0}],"boss_relics":[{"not_picked":["Eternal Feather","Black Star"],"picked":"Calling Bell"}],"potions_floor_spawned":[1,5,6,12,18,21],"seed_played":"-5930390662072004761","killed_by":"Slavers","ascension_level":0,"is_trial":false}