{"gold_per_floor":[115,115,135,95,105,134,59,59,86,16,16,16,16,32,32,134,134,151,111,121,21,36,36,36],"floor_reached":24,"playtime":1128,"items_purged":["Strike_G","Strike_G"],"score":243,"play_id":"9a0572e2-0c95-4fcc-b600-e9541251a89a","local_time":"20181203235205","is_ascension_mode":true,"campfire_choices":[{"data":"Footwork","floor":8,"key":"SMITH"},{"data":"Flying Knee","floor":11,"key":"SMITH"},{"data":"Backstab","floor":13,"key":"SMITH"},{"floor":15,"key":"REST"},{"floor":23,"key":"REST"}],"neow_cost":"NONE","seed_source_timestamp":343435452697557,"circlet_count":0,"master_deck":["Defend_G","Defend_G","Defend_G","Defend_G","Defend_G","Strike_G","Strike_G+1","Strike_G","Survivor","Neutralize+1","Footwork+1","Backstab","Flying Knee+1","Flying Knee+1","Backstab+1","Glass Knife"],"relics":["Sozu","Bag of Preparation","Boot","Cursed Key"],"potions_floor_usage":[],"damage_taken":[{"damage":4,"enemies":"Small Slimes","floor":1,"turns":4},{"damage":0,"enemies":"Cultist","floor":3,"turns":4},{"damage":0,"enemies":"Jaw Worm","floor":5,"turns":4},{"damage":16,"enemies":"Lagavulin","floor":6,"turns":9},{"damage":0,"enemies":"Blue Slaver","floor":14,"turns":2},{"damage":43,"enemies":"Slime Boss","floor":16,"turns":17},{"damage":1,"enemies":"Spheric Guardian","floor":18,"turns":3},{"damage":9,"enemies":"3 Byrds","floor":20,"turns":5},{"damage":13,"enemies":"Snecko","floor":22,"turns":5},{"damage":65,"enemies":"Gremlin Leader","floor":24,"turns":7}],"seed_played":"-8541949344377433236","potions_obtained":[],"is_trial":false,"path_per_floor":["M","?","M","$","M","E","$","R","T","$","R","$","R","M","R","B",null,"M","?","M","$","M","R","E"],"character_chosen":"THE_SILENT","items_purchased":["Backstab","Backstab"],"campfire_rested":2,"item_purchase_floors":[4,10],"current_hp_per_floor":[66,66,66,66,66,50,50,50,50,50,50,50,50,50,70,27,59,58,58,49,49,36,57,0],"gold":36,"neow_bonus":"BOSS_RELIC","is_prod":false,"is_daily":false,"chose_seed":false,"campfire_upgraded":3,"win_rate":0,"timestamp":1543899125,"path_taken":["M","?","M","?","M","E","?","R","T","$","R","?","R","M","R","BOSS","M","?","M","$","M","R","E"],"build_version":"2018-11-15","purchased_purges":2,"victory":false,"max_hp_per_floor":[70,70,70,70,70,70,70,70,70,70,70,70,70,70,70,70,70,70,70,70,70,70,70,70],"card_choices":[{"not_picked":["Riddle With Holes","Underhanded Strike"],"picked":"Footwork","floor":1},{"not_picked":["Masterful Stab","Endless Agony","Quick Slash"],"picked":"SKIP","floor":3},{"not_picked":["Infinite Blades","Deflect"],"picked":"Flying Knee","floor":5},{"not_picked":["Quick Slash","Endless Agony"],"picked":"Flying Knee","floor":6},{"not_picked":["Deadly Poison","Reflex","Outmaneuver"],"picked":"SKIP","floor":14},{"not_picked":["Wraith Form v2","Burst"],"picked":"Glass Knife","floor":16},{"not_picked":["Prepared+1","Endless Agony+1","Poisoned Stab"],"picked":"SKIP","floor":18},{"not_picked":["Prepared","Underhanded Strike","Distraction+1"],"picked":"SKIP","floor":20},{"not_picked":["Masterful Stab","Catalyst","Backflip"],"picked":"SKIP","floor":22}],"player_experience":229894,"relics_obtained":[{"floor":6,"key":"Bag of Preparation"},{"floor":9,"key":"Boot"}],"event_choices":[{"damage_healed":0,"gold_gain":0,"player_choice":"Forge","damage_taken":0,"max_hp_gain":0,"max_hp_loss":0,"event_name":"Accursed Blacksmith","floor":2,"gold_loss":0,"cards_upgraded":["Neutralize"]},{"damage_healed":0,"gold_gain":0,"player_choice":"Upgraded Two","damage_taken":0,"max_hp_gain":0,"max_hp_loss":0,"event_name":"Designer","floor":19,"gold_loss":40,"cards_upgraded":["Flying Knee","Strike_G"]}],"is_beta":false,"boss_relics":[{"not_picked":["Busted Crown","Philosopher\u0027s Stone"],"picked":"Cursed Key"}],"items_purged_floors":[7,21],"is_endless":false,"potions_floor_spawned":[1,6,16,20],"killed_by":"Gremlin Leader","ascension_level":5}