{"gold_per_floor":[117,117,137,137,137,137,157,180,180,199,222,222,253,269,269,399,399,422,347,287,27,27,27],"floor_reached":23,"playtime":1337,"items_purged":["Strike_G"],"score":191,"play_id":"647a3345-f15d-4d03-92fb-19ab2cbf2980","local_time":"20190217221823","is_ascension_mode":false,"campfire_choices":[{"floor":6,"key":"REST"},{"floor":12,"key":"REST"},{"floor":15,"key":"RECALL"}],"neow_cost":"NONE","seed_source_timestamp":20296850375683,"circlet_count":0,"master_deck":["Defend_G","Defend_G","Defend_G","Defend_G","Defend_G","Strike_G","Survivor","Neutralize","Deadly Poison","Strike_G","Escape Plan","Malaise","PiercingWail","Escape Plan","Adrenaline","Deadly Poison"],"relics":["Ring of the Snake","Golden Idol","Singing Bowl","Darkstone Periapt","Empty Cage","Matryoshka"],"potions_floor_usage":[13,16,16,18],"damage_taken":[{"damage":2,"enemies":"Small Slimes","floor":1,"turns":5},{"damage":2,"enemies":"2 Louse","floor":3,"turns":4},{"damage":0,"enemies":"Cultist","floor":7,"turns":4},{"damage":1,"enemies":"3 Louse","floor":8,"turns":4},{"damage":21,"enemies":"Large Slime","floor":10,"turns":11},{"damage":4,"enemies":"Exordium Wildlife","floor":11,"turns":7},{"damage":39,"enemies":"Gremlin Nob","floor":13,"turns":6},{"damage":6,"enemies":"Blue Slaver","floor":14,"turns":5},{"damage":8,"enemies":"The Guardian","floor":16,"turns":14},{"damage":30,"enemies":"3 Byrds","floor":18,"turns":14},{"damage":2,"enemies":"2 Thieves","floor":20,"turns":4},{"damage":8,"enemies":"Colosseum Slavers","floor":22,"turns":8},{"damage":49,"enemies":"Slavers","floor":23,"turns":5}],"seed_played":"-7768331947394199925","potions_obtained":[{"floor":3,"key":"AttackPotion"},{"floor":11,"key":"Energy Potion"},{"floor":14,"key":"Energy Potion"},{"floor":16,"key":"Weak Potion"},{"floor":18,"key":"GhostInAJar"}],"is_trial":false,"path_per_floor":["M","?","M","?","?","R","M","M","T","M","M","R","E","M","R","B",null,"M","$","M","$","?","E"],"character_chosen":"THE_SILENT","items_purchased":["Matryoshka"],"campfire_rested":2,"item_purchase_floors":[21],"current_hp_per_floor":[75,68,66,47,47,70,70,69,69,48,44,67,30,26,26,18,81,51,51,51,51,43,0],"gold":27,"neow_bonus":"TEN_PERCENT_HP_BONUS","is_prod":false,"is_daily":false,"chose_seed":false,"campfire_upgraded":0,"win_rate":0,"timestamp":1550459903,"path_taken":["M","?","M","?","?","R","M","M","T","M","?","R","E","M","R","BOSS","M","$","M","$","?","E"],"build_version":"2019-01-23","purchased_purges":1,"victory":false,"max_hp_per_floor":[77,77,77,77,77,77,77,77,77,77,77,77,79,81,81,81,81,81,81,83,83,83,83],"card_choices":[{"not_picked":["Dagger Throw","Bane"],"picked":"PiercingWail","floor":1},{"not_picked":["Bane","Riddle With Holes"],"picked":"Deadly Poison","floor":3},{"not_picked":["Poisoned Stab","Choke"],"picked":"Escape Plan","floor":7},{"not_picked":["Deadly Poison","Underhanded Strike"],"picked":"Malaise","floor":8},{"not_picked":["Flying Knee","Quick Slash"],"picked":"PiercingWail","floor":10},{"not_picked":["Outmaneuver","Backflip"],"picked":"Escape Plan","floor":11},{"not_picked":["Die Die Die","Tactician","Blur"],"picked":"Singing Bowl","floor":13},{"not_picked":["Expertise","Choke","Dagger Spray"],"picked":"Singing Bowl","floor":14},{"not_picked":["Phantasmal Killer","Doppelganger"],"picked":"Adrenaline","floor":16},{"not_picked":["Masterful Stab+1","Flying Knee"],"picked":"Deadly Poison","floor":18},{"not_picked":["Reflex","Poisoned Stab","Acrobatics"],"picked":"Singing Bowl","floor":20}],"player_experience":184501,"relics_obtained":[{"floor":9,"key":"Singing Bowl"},{"floor":13,"key":"Darkstone Periapt"}],"event_choices":[{"cards_removed":["Strike_G"],"damage_healed":0,"gold_gain":0,"player_choice":"Card Removal","damage_taken":7,"max_hp_gain":0,"max_hp_loss":0,"event_name":"Golden Wing","floor":2,"gold_loss":0},{"damage_healed":0,"gold_gain":0,"player_choice":"Take Damage","damage_taken":19,"relics_obtained":["Golden Idol"],"max_hp_gain":0,"max_hp_loss":0,"event_name":"Golden Idol","floor":4,"gold_loss":0},{"cards_removed":["PiercingWail"],"damage_healed":0,"gold_gain":0,"player_choice":"Took Card","damage_taken":0,"max_hp_gain":0,"max_hp_loss":0,"event_name":"NoteForYourself","floor":5,"gold_loss":0,"cards_obtained":["Strike_G"]},{"damage_healed":0,"gold_gain":0,"player_choice":"Fight","damage_taken":0,"max_hp_gain":0,"max_hp_loss":0,"event_name":"Colosseum","floor":22,"gold_loss":0},{"damage_healed":0,"gold_gain":0,"player_choice":"Fled From Nobs","damage_taken":0,"max_hp_gain":0,"max_hp_loss":0,"event_name":"Colosseum","floor":22,"gold_loss":0}],"is_beta":false,"boss_relics":[{"not_picked":["Astrolabe","Orrery"],"picked":"Empty Cage"}],"items_purged_floors":[19],"is_endless":false,"potions_floor_spawned":[3,11,14,16,18,22],"killed_by":"Slavers","ascension_level":0}