{"gold_per_floor":[115,115,128,144,158,190,206,224,294,294,304,304,76,76,76,180,180,191,191,191,143,154,187,187,286,337,349,49,49],"floor_reached":29,"playtime":753,"items_purged":[],"score":295,"play_id":"30bc5fa3-338f-4337-854d-8885c9f854f9","local_time":"20181224022134","is_ascension_mode":true,"campfire_choices":[{"floor":12.0,"key":"REST"},{"data":"Infernal Blade","floor":15.0,"key":"SMITH"},{"floor":24,"key":"REST"}],"neow_cost":"NONE","seed_source_timestamp":199713357227837,"circlet_count":0,"master_deck":["Strike_R+1","Strike_R+1","Strike_R+1","Strike_R+1","Strike_R+1","Defend_R+1","Defend_R+1","Defend_R+1","Defend_R+1","Bash","Flex","Immolate","Spot Weakness","Ghostly Armor","Flex","Corruption","Infernal Blade+1","Barricade","Iron Wave+1","Anger","Armaments","Shrug It Off","Armaments+1","Flame Barrier"],"special_seed":0,"relics":["Black Blood","Happy Flower","Letter Opener","Lee\u0027s Waffle","Self Forming Clay","Omamori","PreservedInsect","Bag of Marbles"],"potions_floor_usage":[22,29],"damage_taken":[{"damage":9.0,"enemies":"2 Louse","floor":1.0,"turns":4.0},{"damage":3.0,"enemies":"Jaw Worm","floor":3.0,"turns":4.0},{"damage":1.0,"enemies":"Cultist","floor":4.0,"turns":3.0},{"damage":25.0,"enemies":"Exordium Wildlife","floor":5.0,"turns":5.0},{"damage":28.0,"enemies":"Lagavulin","floor":6.0,"turns":5.0},{"damage":16.0,"enemies":"Blue Slaver","floor":7.0,"turns":3.0},{"damage":14.0,"enemies":"Red Slaver","floor":8.0,"turns":2.0},{"damage":11.0,"enemies":"Looter","floor":11.0,"turns":2.0},{"damage":64.0,"enemies":"Hexaghost","floor":16.0,"turns":9.0},{"damage":19.0,"enemies":"Spheric Guardian","floor":18.0,"turns":4.0},{"damage":12,"enemies":"Chosen","floor":22,"turns":3},{"damage":81,"enemies":"Book of Stabbing","floor":23,"turns":8},{"damage":18,"enemies":"Snake Plant","floor":27,"turns":4},{"damage":33,"enemies":"Slavers","floor":29,"turns":3}],"seed_played":"8142672181915558357","potions_obtained":[{"floor":4.0,"key":"Weak Potion"},{"floor":5.0,"key":"Dexterity Potion"},{"floor":16.0,"key":"Fire Potion"},{"floor":18.0,"key":"AttackPotion"},{"floor":22,"key":"Dexterity Potion"},{"floor":23,"key":"Swift Potion"}],"is_trial":false,"path_per_floor":["M","?","M","M","M","E","M","M","T","?","M","R","$","?","R","B",null,"M","?","?","$","M","E","R","?","T","M","$","E"],"character_chosen":"IRONCLAD","items_purchased":["Lee\u0027s Waffle","Infernal Blade","Armaments","PreservedInsect","Bag of Marbles"],"campfire_rested":2,"item_purchase_floors":[13,13,21,28,28],"current_hp_per_floor":[85,85,88,88,69,47,37,29,29,58,53,79,95,95,95,37,95,86,86,86,86,84,13,41,41,41,33,33,0],"gold":49,"neow_bonus":"TEN_PERCENT_HP_BONUS","is_prod":false,"is_daily":false,"chose_seed":false,"campfire_upgraded":1,"win_rate":0,"timestamp":1545636094,"path_taken":["M","?","M","M","M","E","M","M","T","?","M","R","$","?","R","BOSS","M","?","?","$","?","E","R","?","T","M","?","E"],"build_version":"2018-12-20","purchased_purges":0,"victory":false,"max_hp_per_floor":[88,88,88,88,88,88,88,88,88,88,88,88,95,95,95,95,95,95,95,95,95,95,95,95,95,95,95,95,95],"card_choices":[{"not_picked":["Clothesline","Anger"],"picked":"Rampage","floor":1.0},{"not_picked":["Headbutt","Havoc"],"picked":"Flex","floor":3.0},{"not_picked":["Infernal Blade","Wild Strike"],"picked":"Immolate","floor":4.0},{"not_picked":["Body Slam","Evolve"],"picked":"Spot Weakness","floor":5.0},{"not_picked":["Clash","Warcry"],"picked":"Ghostly Armor","floor":6.0},{"not_picked":["Clothesline","Intimidate"],"picked":"Flex","floor":7.0},{"not_picked":["Combust","Heavy Blade"],"picked":"Corruption","floor":8.0},{"not_picked":["Whirlwind","Clash","Clothesline"],"picked":"SKIP","floor":11.0},{"not_picked":["Immolate","Berserk"],"picked":"Barricade","floor":16.0},{"not_picked":["Carnage","Rupture"],"picked":"Iron Wave+1","floor":18.0},{"not_picked":["Warcry","Clash+1"],"picked":"Shrug It Off","floor":22},{"not_picked":["Intimidate","Feel No Pain"],"picked":"Armaments+1","floor":23},{"not_picked":["Wild Strike","Body Slam"],"picked":"Flame Barrier","floor":27}],"player_experience":271379,"relics_obtained":[{"floor":6.0,"key":"Happy Flower"},{"floor":9.0,"key":"Letter Opener"},{"floor":23,"key":"Self Forming Clay"},{"floor":26,"key":"Omamori"}],"event_choices":[{"damage_healed":0.0,"max_hp_gain":0.0,"max_hp_loss":0.0,"gold_gain":0.0,"event_name":"Liars Game","player_choice":"Ignored","floor":2.0,"gold_loss":0.0,"damage_taken":0.0},{"damage_healed":29.0,"max_hp_gain":0.0,"max_hp_loss":0.0,"gold_gain":0.0,"event_name":"Big Fish","player_choice":"Banana","floor":10.0,"gold_loss":0.0,"damage_taken":0.0},{"damage_healed":0.0,"max_hp_gain":0.0,"max_hp_loss":0.0,"gold_gain":0.0,"event_name":"The Cleric","player_choice":"Leave","floor":14.0,"gold_loss":0.0,"damage_taken":0.0},{"damage_healed":0.0,"max_hp_gain":0.0,"max_hp_loss":0.0,"gold_gain":0.0,"event_name":"Back to Basics","player_choice":"Simplicity","floor":19.0,"gold_loss":0.0,"damage_taken":0.0,"cards_upgraded":["Strike_R","Strike_R","Strike_R","Strike_R","Strike_R","Defend_R","Defend_R","Defend_R","Defend_R"]},{"damage_healed":0.0,"max_hp_gain":0.0,"max_hp_loss":0.0,"gold_gain":0.0,"cards_transformed":["Rampage"],"event_name":"Transmorgrifier","player_choice":"Transformed","floor":20.0,"gold_loss":0.0,"damage_taken":0.0,"cards_obtained":["Anger"]},{"damage_healed":0,"gold_gain":99,"player_choice":"Stole From Cult","damage_taken":0,"max_hp_gain":0,"max_hp_loss":0,"event_name":"Nest","floor":25,"gold_loss":0}],"is_beta":false,"boss_relics":[{"not_picked":["Mark of Pain","Runic Pyramid"],"picked":"Black Blood"}],"items_purged_floors":[],"is_endless":false,"potions_floor_spawned":[4,5,16,18,22,23],"killed_by":"Slavers","ascension_level":2}