{"gold_per_floor":[113,128,303,315,58,76,76,76,101,101,101,114,142,161,161,264,264,274,274,549,297,297,323,238,238,264,264,294,310,310,323,323,425,475,485,135,135,135,165,165,185,185,185,185,41,97,18,28,28,28],"floor_reached":51,"playtime":2794,"items_purged":["Doubt","Strike_G"],"score":823,"play_id":"8a4ddcb9-bb84-4241-9a6d-813aaf63fb23","local_time":"20181022034235","is_ascension_mode":true,"campfire_choices":[{"data":"Footwork","floor":7,"key":"SMITH"},{"data":"Noxious Fumes","floor":10,"key":"SMITH"},{"floor":15,"key":"REST"},{"floor":25,"key":"REST"},{"data":"RitualDagger","floor":27,"key":"SMITH"},{"floor":32,"key":"REST"},{"data":"Catalyst","floor":40,"key":"SMITH"},{"data":"Dodge and Roll","floor":42,"key":"SMITH"},{"floor":49,"key":"REST"}],"neow_cost":"NONE","seed_source_timestamp":183093744215455,"circlet_count":0,"master_deck":["Defend_G","Defend_G","Defend_G","Defend_G","Defend_G","Strike_G","Strike_G","Survivor","Neutralize","Flying Knee","Noxious Fumes+1","Catalyst+1","Flying Knee","Noxious Fumes","Footwork+1","Dagger Throw","Escape Plan","Die Die Die","Corpse Explosion","Dodge and Roll+1","RitualDagger+1","Glass Knife","Catalyst+1","Acrobatics","Prepared+1","Crippling Poison","Dagger Throw+1","Deadly Poison+1","Tools of the Trade","Footwork","Dodge and Roll+1"],"relics":["Ring of the Snake","Orichalcum","Omamori","Juzu Bracelet","Sozu","Pen Nib","Question Card","Centennial Puzzle","Tingsha","Tiny House","Regal Pillow","Toolbox","Nunchaku","Anchor","Oddly Smooth Stone","Tiny Chest"],"potions_floor_usage":[50],"damage_taken":[{"damage":0,"enemies":"Jaw Worm","floor":1,"turns":5},{"damage":0,"enemies":"Cultist","floor":2,"turns":4},{"damage":0,"enemies":"2 Louse","floor":4,"turns":3},{"damage":6,"enemies":"Looter","floor":6,"turns":3},{"damage":0,"enemies":"3 Louse","floor":12,"turns":4},{"damage":16,"enemies":"Lagavulin","floor":13,"turns":8},{"damage":3,"enemies":"Blue Slaver","floor":14,"turns":4},{"damage":18,"enemies":"Slime Boss","floor":16,"turns":10},{"damage":16,"enemies":"3 Byrds","floor":18,"turns":3},{"damage":17,"enemies":"Gremlin Leader","floor":23,"turns":7},{"damage":33,"enemies":"Book of Stabbing","floor":28,"turns":7},{"damage":10,"enemies":"Spheric Guardian","floor":29,"turns":4},{"damage":6,"enemies":"Centurion and Healer","floor":31,"turns":4},{"damage":0,"enemies":"Champ","floor":33,"turns":8},{"damage":20,"enemies":"3 Darklings","floor":35,"turns":5},{"damage":2,"enemies":"Mind Bloom Boss Battle","floor":37,"turns":6},{"damage":6,"enemies":"3 Shapes","floor":39,"turns":3},{"damage":5,"enemies":"3 Darklings","floor":41,"turns":4},{"damage":16,"enemies":"Nemesis","floor":46,"turns":5},{"damage":0,"enemies":"Transient","floor":48,"turns":5},{"damage":26,"enemies":"Donu and Deca","floor":50,"turns":7}],"seed_played":"-9170150838754619421","potions_obtained":[{"floor":1,"key":"GhostInAJar"},{"floor":2,"key":"Energy Potion"},{"floor":14,"key":"GamblersBrew"},{"floor":16,"key":"GhostInAJar"}],"is_trial":false,"path_per_floor":["M","M","?","M","$","M","R","?","T","R","?","M","E","M","R","B",null,"M","?","?","$","?","E","?","R","T","R","E","M","?","M","R","B",null,"M","$","?","?","M","R","M","R","T","?","$","E","$","M","R","B"],"character_chosen":"THE_SILENT","items_purchased":["Noxious Fumes","Orichalcum","Glass Knife","Catalyst","Regal Pillow","Toolbox","Oddly Smooth Stone","Footwork"],"campfire_rested":4,"item_purchase_floors":[5,5,21,21,36,36,45,47],"current_hp_per_floor":[70,70,70,70,70,64,64,64,64,64,57,57,41,38,59,41,70,54,48,48,48,48,31,31,52,52,52,19,9,9,3,24,24,75,55,55,53,53,47,47,42,42,42,61,61,45,45,45,75,49],"gold":28,"neow_bonus":"THREE_CARDS","is_prod":false,"is_daily":false,"chose_seed":false,"campfire_upgraded":5,"win_rate":0,"timestamp":1540176155,"path_taken":["M","M","?","M","$","M","R","?","T","R","?","M","E","M","R","BOSS","M","?","?","$","?","E","?","R","T","R","E","M","?","M","R","BOSS","M","?","?","?","M","R","M","R","T","?","$","E","$","M","R","BOSS"],"build_version":"2018-10-18","purchased_purges":2,"victory":true,"max_hp_per_floor":[70,70,70,70,70,70,70,70,70,70,70,70,70,70,70,70,70,70,70,70,70,70,70,70,70,70,70,70,70,70,70,70,70,75,75,75,75,75,75,75,75,75,75,75,75,75,75,75,75,75],"card_choices":[{"not_picked":["Dodge and Roll","Acrobatics"],"picked":"Flying Knee","floor":0},{"not_picked":["Backstab","Backflip"],"picked":"Noxious Fumes","floor":1},{"not_picked":["Caltrops","Slice"],"picked":"Catalyst","floor":2},{"not_picked":["Expertise","PiercingWail"],"picked":"Flying Knee","floor":4},{"not_picked":["Noxious Fumes","Dodge and Roll"],"picked":"Footwork","floor":6},{"not_picked":["Poisoned Stab","Acrobatics"],"picked":"Dagger Throw","floor":12},{"not_picked":["Backflip","Accuracy"],"picked":"Escape Plan","floor":13},{"not_picked":["Backstab","Reflex"],"picked":"Die Die Die","floor":14},{"not_picked":["Phantasmal Killer","Adrenaline"],"picked":"Corpse Explosion","floor":16},{"not_picked":["Accuracy","Dash+1"],"picked":"Dodge and Roll","floor":18},{"not_picked":["Outmaneuver","Predator+1","Underhanded Strike"],"picked":"SKIP","floor":23},{"not_picked":["Skewer","Prepared","Accuracy"],"picked":"Acrobatics","floor":28},{"not_picked":["Flying Knee","Dagger Throw","Bullet Time"],"picked":"Prepared+1","floor":29},{"not_picked":["Eviscerate","Outmaneuver","Calculated Gamble","Quick Slash"],"picked":"SKIP","floor":31},{"not_picked":["Dash","Accuracy+1","Acrobatics+1"],"picked":"Crippling Poison","floor":34},{"not_picked":["Deflect+1","Acrobatics","Prepared+1"],"picked":"Dagger Throw+1","floor":35},{"not_picked":["Dodge and Roll","Slice","Deflect+1"],"picked":"Deadly Poison+1","floor":39},{"not_picked":["Dodge and Roll","Masterful Stab+1","Underhanded Strike+1","Choke"],"picked":"SKIP","floor":41},{"not_picked":["Finisher+1","Calculated Gamble+1","Acrobatics+1"],"picked":"Tools of the Trade","floor":46},{"not_picked":["Blade Dance","Underhanded Strike","Quick Slash"],"picked":"Dodge and Roll+1","floor":48}],"player_experience":97160,"relics_obtained":[{"floor":9,"key":"Omamori"},{"floor":13,"key":"Juzu Bracelet"},{"floor":23,"key":"Pen Nib"},{"floor":26,"key":"Centennial Puzzle"},{"floor":28,"key":"Tingsha"},{"floor":37,"key":"Nunchaku"},{"floor":43,"key":"Anchor"},{"floor":46,"key":"Tiny Chest"}],"event_choices":[{"damage_healed":0,"gold_gain":175,"player_choice":"AGREE","damage_taken":0,"max_hp_gain":0,"max_hp_loss":0,"event_name":"Liars Game","floor":3,"gold_loss":0,"cards_obtained":["Doubt"]},{"damage_healed":0,"gold_gain":30,"player_choice":"Searched \u00272\u0027 times","damage_taken":0,"max_hp_gain":0,"max_hp_loss":0,"event_name":"Dead Adventurer","floor":8,"gold_loss":0},{"cards_removed":["Strike_G"],"damage_healed":0,"gold_gain":0,"player_choice":"Card Removal","damage_taken":7,"max_hp_gain":0,"max_hp_loss":0,"event_name":"Golden Wing","floor":11,"gold_loss":0},{"damage_healed":0,"gold_gain":0,"player_choice":"Joined the Cult","damage_taken":6,"max_hp_gain":0,"max_hp_loss":0,"event_name":"Nest","floor":19,"gold_loss":0,"cards_obtained":["RitualDagger"]},{"damage_healed":0,"gold_gain":275,"player_choice":"Desecrate","damage_taken":0,"max_hp_gain":0,"max_hp_loss":0,"event_name":"Golden Shrine","floor":20,"gold_loss":0,"cards_obtained":["Regret"]},{"damage_healed":0,"gold_gain":0,"player_choice":"Ignored","damage_taken":0,"max_hp_gain":0,"max_hp_loss":0,"event_name":"Vampires","floor":22,"gold_loss":0},{"damage_healed":0,"gold_gain":0,"player_choice":"Obtained Relic","damage_taken":0,"relics_obtained":["Question Card"],"max_hp_gain":0,"max_hp_loss":0,"event_name":"Addict","floor":24,"gold_loss":85},{"damage_healed":0,"gold_gain":0,"player_choice":"Got Potions","damage_taken":0,"max_hp_gain":0,"max_hp_loss":0,"event_name":"The Lab","floor":30,"gold_loss":0},{"damage_healed":0,"gold_gain":0,"player_choice":"Fight","damage_taken":0,"max_hp_gain":0,"max_hp_loss":0,"event_name":"MindBloom","floor":37,"gold_loss":0},{"cards_removed":["Strike_G"],"damage_healed":0,"gold_gain":0,"player_choice":"Removed Attack","damage_taken":0,"max_hp_gain":0,"max_hp_loss":0,"event_name":"Falling","floor":38,"gold_loss":0},{"damage_healed":19,"gold_gain":0,"player_choice":"Writhe","damage_taken":0,"max_hp_gain":0,"max_hp_loss":0,"event_name":"Winding Halls","floor":44,"gold_loss":0,"cards_obtained":["Writhe"]}],"is_beta":false,"boss_relics":[{"not_picked":["Cursed Key","Coffee Dripper"],"picked":"Sozu"},{"not_picked":["WristBlade","Empty Cage"],"picked":"Tiny House"}],"items_purged_floors":[5,21],"is_endless":false,"potions_floor_spawned":[1,2,14,16,18,29,33,35,39],"ascension_level":1}