{"gold_per_floor":[119,133,148,148,158,158,185,185,185,212,212],"floor_reached":11,"playtime":641,"items_purged":[],"score":116,"play_id":"67074f2b-b272-46e0-9296-f4c3706ac300","local_time":"20190214202747","is_ascension_mode":true,"campfire_choices":[{"floor":6,"key":"REST"},{"floor":8,"key":"REST"}],"neow_cost":"NONE","seed_source_timestamp":72118890451977,"circlet_count":0,"master_deck":["Strike_B","Strike_B","Strike_B","Strike_B","Defend_B","Defend_B","Defend_B","Defend_B","Zap","Dualcast","Deep Breath","Gash","Gash","Static Discharge","Creative AI","Beam Cell","Storm"],"relics":["Cracked Core","Omamori","Strawberry","Singing Bowl"],"potions_floor_usage":[11],"damage_taken":[{"damage":1,"enemies":"Cultist","floor":1,"turns":4},{"damage":10,"enemies":"2 Louse","floor":2,"turns":3},{"damage":2,"enemies":"Jaw Worm","floor":3,"turns":3},{"damage":11,"enemies":"Looter","floor":5,"turns":4},{"damage":42,"enemies":"Gremlin Nob","floor":7,"turns":5},{"damage":37,"enemies":"Lagavulin","floor":10,"turns":8},{"damage":18,"enemies":"Gremlin Nob","floor":11,"turns":2}],"seed_played":"-2805681115272863969","potions_obtained":[{"floor":1,"key":"SpeedPotion"},{"floor":10,"key":"FocusPotion"}],"is_trial":false,"path_per_floor":["M","M","M","$","M","R","E","R","T","E","?"],"character_chosen":"DEFECT","items_purchased":[],"campfire_rested":2,"item_purchase_floors":[],"current_hp_per_floor":[67,57,55,55,44,66,24,46,53,16,0],"gold":212,"neow_bonus":"RANDOM_COLORLESS","is_prod":false,"is_daily":false,"chose_seed":false,"campfire_upgraded":0,"win_rate":0,"timestamp":1550204867,"path_taken":["M","?","?","$","M","R","E","R","T","E","?"],"build_version":"2019-01-23","purchased_purges":0,"victory":false,"max_hp_per_floor":[75,75,75,75,75,75,75,75,82,82,82],"card_choices":[{"not_picked":["Redo","Barrage"],"picked":"Gash","floor":1},{"not_picked":["Consume","Barrage"],"picked":"Gash","floor":2},{"not_picked":["Conserve Battery","Reprogram"],"picked":"Static Discharge","floor":3},{"not_picked":["Hologram","Cold Snap"],"picked":"Creative AI","floor":5},{"not_picked":["Barrage","Stack"],"picked":"Beam Cell","floor":7},{"not_picked":["Barrage","Beam Cell"],"picked":"Storm","floor":10}],"player_experience":394383,"relics_obtained":[{"floor":7,"key":"Omamori"},{"floor":9,"key":"Strawberry"},{"floor":10,"key":"Singing Bowl"}],"event_choices":[{"damage_healed":0,"gold_gain":0,"player_choice":"Searched \u00272\u0027 times","damage_taken":0,"max_hp_gain":0,"max_hp_loss":0,"event_name":"Dead Adventurer","floor":11,"gold_loss":0}],"is_beta":false,"boss_relics":[],"items_purged_floors":[],"is_endless":false,"potions_floor_spawned":[1,10],"killed_by":"Gremlin Nob","ascension_level":8}