{"gold_per_floor":[117,192,218,231,231,231,266,266,290,325,77,92,108,73,73,144,144,160,160,3,19,19,19],"floor_reached":23,"playtime":513,"items_purged":[],"score":517,"play_id":"cc05e98a-801c-4017-bedb-079fcd54bd89","local_time":"20190203224928","is_ascension_mode":true,"campfire_choices":[{"data":"Dualcast","floor":6,"key":"SMITH"},{"data":"Zap","floor":8,"key":"SMITH"},{"data":"Defragment","floor":15,"key":"SMITH"}],"neow_cost":"NONE","seed_source_timestamp":1161924113853538,"circlet_count":0,"master_deck":["AscendersBane","Strike_B","Strike_B","Strike_B","Strike_B","Defend_B","Defend_B","Defend_B","Defend_B","Zap+1","Dualcast+1","Cold Snap","Leap","Coolheaded","Loop","Defragment+1","Doom and Gloom","White Noise","Hologram","Creative AI","Coolheaded"],"relics":["Cracked Core","NeowsBlessing","Strawberry","Kunai","Potion Belt","Art of War","Cursed Key","Omamori"],"potions_floor_usage":[10,16],"damage_taken":[{"damage":0,"enemies":"Jaw Worm","floor":1,"turns":1},{"damage":0,"enemies":"2 Louse","floor":4,"turns":1},{"damage":0,"enemies":"Lagavulin","floor":7,"turns":1},{"damage":18,"enemies":"3 Sentries","floor":10,"turns":7},{"damage":6,"enemies":"Cultist","floor":12,"turns":3},{"damage":0,"enemies":"Exordium Wildlife","floor":13,"turns":3},{"damage":0,"enemies":"The Guardian","floor":16,"turns":10},{"damage":32,"enemies":"3 Byrds","floor":18,"turns":5},{"damage":29,"enemies":"Chosen","floor":21,"turns":6},{"damage":8,"enemies":"Slavers","floor":23,"turns":1}],"seed_played":"3441770773955854662","potions_obtained":[{"floor":4,"key":"AttackPotion"},{"floor":12,"key":"Poison Potion"},{"floor":21,"key":"Swift Potion"}],"is_trial":false,"path_per_floor":["M","?","T","M","?","R","E","R","T","E","$","M","M","?","R","B",null,"M","?","$","M","$","E"],"character_chosen":"DEFECT","items_purchased":["Defragment","Doom and Gloom","White Noise","Omamori"],"campfire_rested":0,"item_purchase_floors":[11,11,11,20],"current_hp_per_floor":[64,53,60,60,65,65,65,65,65,47,47,41,41,61,61,61,78,46,34,34,5,5,0],"gold":19,"neow_bonus":"THREE_ENEMY_KILL","is_prod":false,"is_daily":false,"chose_seed":false,"campfire_upgraded":3,"win_rate":0,"timestamp":1549226968,"path_taken":["M","?","?","M","?","R","E","R","T","E","$","M","M","?","R","BOSS","M","?","?","M","$","E"],"build_version":"2019-01-23","purchased_purges":0,"victory":false,"max_hp_per_floor":[71,71,78,78,83,83,83,83,83,83,83,83,83,83,83,83,83,83,83,83,83,83,83],"card_choices":[{"not_picked":["Tempest","Go for the Eyes"],"picked":"Cold Snap","floor":1},{"not_picked":["Reinforced Body","Turbo"],"picked":"Leap","floor":4},{"not_picked":["Sweeping Beam","Chaos"],"picked":"Coolheaded","floor":7},{"not_picked":["Reboot","Gash"],"picked":"Loop","floor":10},{"not_picked":["Tempest","Double Energy"],"picked":"Hologram","floor":12},{"not_picked":["Compile Driver","Recycle","Double Energy"],"picked":"SKIP","floor":13},{"not_picked":["Amplify","Rainbow"],"picked":"Creative AI","floor":16},{"not_picked":["Compile Driver","Turbo+1","Beam Cell"],"picked":"SKIP","floor":18},{"not_picked":["Rip and Tear","Stack"],"picked":"Coolheaded","floor":21}],"player_experience":178420,"relics_obtained":[{"floor":3,"key":"Strawberry"},{"floor":7,"key":"Kunai"},{"floor":9,"key":"Potion Belt"},{"floor":10,"key":"Art of War"}],"event_choices":[{"damage_healed":0,"gold_gain":75,"player_choice":"Gather Gold","damage_taken":11,"max_hp_gain":0,"max_hp_loss":0,"event_name":"World of Goop","floor":2,"gold_loss":0},{"damage_healed":0,"gold_gain":0,"player_choice":"Donut","damage_taken":0,"max_hp_gain":5,"max_hp_loss":0,"event_name":"Big Fish","floor":5,"gold_loss":0},{"damage_healed":20,"gold_gain":0,"player_choice":"Healed","damage_taken":0,"max_hp_gain":0,"max_hp_loss":0,"event_name":"The Cleric","floor":14,"gold_loss":35},{"damage_healed":0,"gold_gain":0,"player_choice":"Damaged","damage_taken":12,"max_hp_gain":0,"max_hp_loss":0,"event_name":"Wheel of Change","floor":19,"gold_loss":0}],"is_beta":false,"boss_relics":[{"not_picked":["Calling Bell","Inserter"],"picked":"Cursed Key"}],"items_purged_floors":[],"is_endless":false,"potions_floor_spawned":[4,12,21],"killed_by":"Slavers","ascension_level":18}