{"gold_per_floor":[215,390,1,20,20,20,20,20,46,10,10,48,69,82,82,213,213,228,246,259,32,45,45,45,58,108,126,48,71,0,16,16,140,140,153,174,299,318,318,318,318,336,416,416,10,10,35,55,55,55],"floor_reached":50,"playtime":2466,"items_purged":["Doubt","Regret"],"score":538,"play_id":"04f911b4-78be-476f-980d-6bd50be77a14","local_time":"20190124014706","is_ascension_mode":true,"campfire_choices":[{"data":"Neutralize","floor":6.0,"key":"SMITH"},{"data":"Blade Dance","floor":11.0,"key":"SMITH"},{"data":"Backstab","floor":15.0,"key":"SMITH"},{"data":"A Thousand Cuts","floor":23.0,"key":"SMITH"},{"data":"Infinite Blades","floor":32.0,"key":"SMITH"},{"data":"Accuracy","floor":41,"key":"SMITH"},{"data":"Storm of Steel","floor":44,"key":"SMITH"},{"floor":49,"key":"REST"}],"neow_cost":"NONE","seed_source_timestamp":220180994537846,"circlet_count":0,"master_deck":["Defend_G+1","Defend_G+1","Defend_G+1","Defend_G+1","Defend_G+1","Strike_G+1","Strike_G+1","Strike_G+1","Strike_G+1","Strike_G+1","Survivor","Neutralize+1","Blur","Blade Dance+1","Well Laid Plans","PiercingWail","Poisoned Stab","Backstab+1","A Thousand Cuts+1","Backflip","Deadly Poison","Footwork+1","Infinite Blades+1","Cloak And Dagger","Writhe","Cloak And Dagger+1","Footwork","Acrobatics","Storm of Steel+1","Accuracy+1","Blade Dance+1","Noxious Fumes"],"special_seed":0,"relics":["Ring of the Snake","Tiny Chest","ClockworkSouvenir","Golden Idol","Pantograph","Oddly Smooth Stone","Lantern","Cursed Key","Bag of Marbles","Strawberry","HoveringKite","Unceasing Top","Question Card","Paper Crane"],"potions_floor_usage":[50,50],"damage_taken":[{"damage":1.0,"enemies":"2 Louse","floor":1.0,"turns":4.0},{"damage":12.0,"enemies":"Jaw Worm","floor":4.0,"turns":9.0},{"damage":21.0,"enemies":"Gremlin Nob","floor":12.0,"turns":5.0},{"damage":1.0,"enemies":"Small Slimes","floor":13.0,"turns":4.0},{"damage":0.0,"enemies":"Looter","floor":14.0,"turns":3.0},{"damage":38.0,"enemies":"Hexaghost","floor":16.0,"turns":12.0},{"damage":0.0,"enemies":"3 Byrds","floor":18.0,"turns":6.0},{"damage":0.0,"enemies":"Chosen","floor":19.0,"turns":4.0},{"damage":26.0,"enemies":"Sentry and Sphere","floor":20.0,"turns":8.0},{"damage":0.0,"enemies":"Centurion and Healer","floor":22.0,"turns":5.0},{"damage":0.0,"enemies":"3 Cultists","floor":25.0,"turns":4.0},{"damage":9.0,"enemies":"Snecko","floor":27.0,"turns":5.0},{"damage":0.0,"enemies":"Snake Plant","floor":29.0,"turns":4.0},{"damage":0.0,"enemies":"Centurion and Healer","floor":31.0,"turns":5.0},{"damage":38.0,"enemies":"Automaton","floor":33.0,"turns":14.0},{"damage":8.0,"enemies":"Orb Walker","floor":35.0,"turns":4.0},{"damage":4.0,"enemies":"3 Darklings","floor":36.0,"turns":6.0},{"damage":21,"enemies":"Mind Bloom Boss Battle","floor":37,"turns":8},{"damage":5,"enemies":"Jaw Worm Horde","floor":38,"turns":5},{"damage":2,"enemies":"Maw","floor":42,"turns":7},{"damage":0,"enemies":"Transient","floor":47,"turns":5},{"damage":0,"enemies":"Spire Growth","floor":48,"turns":4},{"damage":87,"enemies":"Time Eater","floor":50,"turns":13}],"seed_played":"3533625097011057172","potions_obtained":[{"floor":12.0,"key":"SkillPotion"},{"floor":14.0,"key":"LiquidBronze"},{"floor":20.0,"key":"Block Potion"},{"floor":22.0,"key":"Energy Potion"},{"floor":27.0,"key":"Fire Potion"},{"floor":37,"key":"Swift Potion"},{"floor":38,"key":"Weak Potion"},{"floor":46,"key":"GhostInAJar"}],"is_trial":false,"path_per_floor":["M","?","$","M","?","R","?","T","T","$","R","E","M","M","R","B",null,"M","M","M","$","M","R","?","M","T","M","$","M","?","M","R","B",null,"M","M","?","M","?","?","R","M","T","R","$","?","M","M","R","B"],"character_chosen":"THE_SILENT","items_purchased":["Tiny Chest","ClockworkSouvenir","Well Laid Plans","Infinite Blades","Bag of Marbles","Footwork","Paper Crane","Noxious Fumes"],"campfire_rested":1,"item_purchase_floors":[3,3,10,21,21,28,45,45],"current_hp_per_floor":[69,69,69,57,57,57,57,57,57,57,57,36,35,35,35,22,65,65,65,39,39,39,39,39,39,46,37,37,37,37,37,37,24,72,64,60,51,46,46,46,46,44,44,44,44,44,44,44,65,0],"gold":55,"neow_bonus":"HUNDRED_GOLD","is_prod":false,"is_daily":false,"chose_seed":false,"campfire_upgraded":7,"win_rate":0,"timestamp":1548287226,"path_taken":["M","?","$","M","?","R","?","?","T","$","R","E","M","M","R","BOSS","M","M","M","$","M","R","?","M","T","M","$","M","?","M","R","BOSS","M","M","?","M","?","?","R","M","T","R","$","?","?","M","R","BOSS"],"build_version":"2019-01-23","purchased_purges":2,"victory":false,"max_hp_per_floor":[70,70,70,70,65,65,65,65,65,65,65,65,65,65,65,65,65,65,65,65,65,65,65,65,65,72,72,72,72,72,72,72,72,72,72,72,72,72,72,72,72,72,72,72,72,72,72,72,72,72],"card_choices":[{"not_picked":["Slice","Poisoned Stab"],"picked":"Blur","floor":1.0},{"not_picked":["Expertise","Underhanded Strike"],"picked":"Blade Dance","floor":4.0},{"not_picked":["Finisher","All Out Attack"],"picked":"PiercingWail","floor":12.0},{"not_picked":["Dagger Throw","Sucker Punch"],"picked":"Poisoned Stab","floor":13.0},{"not_picked":["Leg Sweep","Flechettes"],"picked":"Backstab","floor":14.0},{"not_picked":["Wraith Form v2","Tools of the Trade"],"picked":"A Thousand Cuts","floor":16.0},{"not_picked":["Slice","Dash+1"],"picked":"Backflip","floor":18.0},{"not_picked":["Slice+1","Quick Slash+1"],"picked":"Deadly Poison","floor":19.0},{"not_picked":["Catalyst","Bane"],"picked":"Footwork+1","floor":20.0},{"not_picked":["All Out Attack","Prepared","Escape Plan"],"picked":"SKIP","floor":22.0},{"not_picked":["Reflex+1","Heel Hook+1"],"picked":"Cloak And Dagger","floor":25.0},{"not_picked":["Poisoned Stab","Deflect+1"],"picked":"Cloak And Dagger+1","floor":27.0},{"not_picked":["Dagger Throw","Flechettes"],"picked":"Acrobatics","floor":29.0},{"not_picked":["Glass Knife","Dagger Spray","Slice+1"],"picked":"SKIP","floor":31.0},{"not_picked":["Night Terror","Venomology"],"picked":"Storm of Steel","floor":33.0},{"not_picked":["Deadly Poison+1","Escape Plan"],"picked":"Accuracy","floor":35.0},{"not_picked":["Quick Slash+1","Acrobatics"],"picked":"Blade Dance+1","floor":36.0},{"not_picked":["Acrobatics","A Thousand Cuts","Quick Slash+1"],"picked":"SKIP","floor":38},{"not_picked":["Riddle With Holes","Deflect+1","Acrobatics+1"],"picked":"SKIP","floor":42},{"not_picked":["Eviscerate+1","Deadly Poison","Poisoned Stab","Crippling Poison"],"picked":"SKIP","floor":47},{"not_picked":["Distraction","Flechettes+1","Flying Knee","Deadly Poison+1"],"picked":"SKIP","floor":48}],"player_experience":116658,"relics_obtained":[{"floor":8.0,"key":"Pantograph"},{"floor":9.0,"key":"Oddly Smooth Stone"},{"floor":12.0,"key":"Lantern"},{"floor":26.0,"key":"Strawberry"},{"floor":37,"key":"Unceasing Top"},{"floor":43,"key":"Question Card"}],"event_choices":[{"damage_healed":0.0,"max_hp_gain":0.0,"max_hp_loss":0.0,"gold_gain":175.0,"event_name":"Liars Game","player_choice":"AGREE","floor":2.0,"gold_loss":0.0,"damage_taken":0.0,"cards_obtained":["Doubt"]},{"damage_healed":0.0,"max_hp_gain":0.0,"max_hp_loss":5.0,"gold_gain":0.0,"event_name":"Golden Idol","player_choice":"Lose Max HP","floor":5.0,"gold_loss":0.0,"damage_taken":0.0,"relics_obtained":["Golden Idol"]},{"damage_healed":0.0,"max_hp_gain":0.0,"max_hp_loss":0.0,"gold_gain":0.0,"event_name":"Golden Wing","player_choice":"Ignored","floor":7.0,"gold_loss":0.0,"damage_taken":0.0},{"damage_healed":0.0,"max_hp_gain":0.0,"max_hp_loss":0.0,"gold_gain":0.0,"event_name":"Back to Basics","player_choice":"Simplicity","floor":24.0,"gold_loss":0.0,"damage_taken":0.0,"cards_upgraded":["Defend_G","Defend_G","Defend_G","Defend_G","Defend_G","Strike_G","Strike_G","Strike_G","Strike_G","Strike_G"]},{"damage_healed":0.0,"max_hp_gain":0.0,"max_hp_loss":0.0,"gold_gain":0.0,"event_name":"Masked Bandits","player_choice":"Paid Fearfully","floor":30.0,"gold_loss":71.0,"damage_taken":0.0},{"damage_healed":0,"gold_gain":0,"player_choice":"Fight","damage_taken":0,"max_hp_gain":0,"max_hp_loss":0,"event_name":"MindBloom","floor":37,"gold_loss":0},{"damage_healed":0,"gold_gain":0,"player_choice":"Ignored","damage_taken":0,"max_hp_gain":0,"max_hp_loss":0,"event_name":"Mysterious Sphere","floor":39,"gold_loss":0},{"damage_healed":0,"gold_gain":0,"player_choice":"Memory 1","damage_taken":0,"max_hp_gain":0,"max_hp_loss":0,"event_name":"SensoryStone","floor":40,"gold_loss":0},{"damage_healed":0,"gold_gain":0,"player_choice":"Got Potions","damage_taken":0,"max_hp_gain":0,"max_hp_loss":0,"event_name":"Lab","floor":46,"gold_loss":0}],"is_beta":false,"boss_relics":[{"not_picked":["Pandora\u0027s Box","Busted Crown"],"picked":"Cursed Key"},{"not_picked":["Eternal Feather","Tiny House"],"picked":"HoveringKite"}],"items_purged_floors":[3,45],"is_endless":false,"potions_floor_spawned":[12,14,20,22,27,29,31,35,37,38,48],"killed_by":"Time Eater","ascension_level":3}