{"gold_per_floor":[111,186,186,186,35,69,83,83,136,166,185,195,205,216,216,318,318,337,24,41,41,55,55,55],"floor_reached":24,"playtime":3348,"items_purged":[],"score":316,"play_id":"12a64937-617f-481f-8230-c75b2b2c06af","local_time":"20190214234121","is_ascension_mode":true,"campfire_choices":[{"floor":8,"key":"REST"},{"floor":15,"key":"REST"},{"floor":23,"key":"REST"}],"neow_cost":"CURSE","seed_source_timestamp":81021682385501,"circlet_count":0,"master_deck":["Strike_B","Strike_B","Strike_B","Strike_B","Defend_B","Defend_B","Defend_B","Defend_B","Zap","Dualcast","Conserve Battery","Conserve Battery","Compile Driver","Cold Snap","Sweeping Beam","Leap","Compile Driver","Rip and Tear","Creative AI","Writhe","Doubt","Clumsy","Ball Lightning+1","Defragment","Heatsinks","Skim+1"],"relics":["Cracked Core","Bag of Marbles","Matryoshka","Oddly Smooth Stone","Centennial Puzzle","Regal Pillow","Calling Bell","Lantern","Meat on the Bone","Ice Cream","Bottled Tornado","MutagenicStrength"],"potions_floor_usage":[10,18,18],"damage_taken":[{"damage":14,"enemies":"Jaw Worm","floor":1,"turns":4},{"damage":36,"enemies":"3 Sentries","floor":6,"turns":9},{"damage":2,"enemies":"2 Louse","floor":7,"turns":3},{"damage":38,"enemies":"Gremlin Nob","floor":10,"turns":5},{"damage":0,"enemies":"Small Slimes","floor":11,"turns":3},{"damage":4,"enemies":"Looter","floor":12,"turns":3},{"damage":2,"enemies":"3 Louse","floor":13,"turns":3},{"damage":4,"enemies":"Exordium Thugs","floor":14,"turns":3},{"damage":21,"enemies":"The Guardian","floor":16,"turns":15},{"damage":8,"enemies":"3 Byrds","floor":18,"turns":3},{"damage":19,"enemies":"Chosen","floor":20,"turns":6},{"damage":17,"enemies":"Snecko","floor":22,"turns":6},{"damage":110,"enemies":"Gremlin Leader","floor":24,"turns":9}],"seed_played":"6576798572932733473","potions_obtained":[{"floor":7,"key":"Fruit Juice"},{"floor":10,"key":"Explosive Potion"},{"floor":12,"key":"SmokeBomb"},{"floor":13,"key":"Explosive Potion"},{"floor":22,"key":"Swift Potion"}],"is_trial":false,"path_per_floor":["M","?","?","?","$","E","M","R","T","E","M","M","M","M","R","B",null,"M","$","M","?","M","R","E"],"character_chosen":"DEFECT","items_purchased":["Bag of Marbles","Defragment","Bottled Tornado"],"campfire_rested":3,"item_purchase_floors":[5,19,19],"current_hp_per_floor":[68,57,50,55,55,19,17,45,45,12,12,8,6,2,46,25,81,73,73,54,54,49,93,0],"gold":55,"neow_bonus":"TWENTY_PERCENT_HP_BONUS","is_prod":false,"is_daily":false,"chose_seed":false,"campfire_upgraded":0,"win_rate":0,"timestamp":1550216481,"path_taken":["M","?","?","?","$","E","M","R","T","E","M","M","M","M","R","BOSS","M","$","M","?","M","R","E"],"build_version":"2019-01-23","purchased_purges":0,"victory":false,"max_hp_per_floor":[89,89,89,94,94,94,94,94,94,99,99,99,99,99,99,99,99,99,99,99,99,99,99,99],"card_choices":[{"not_picked":["Rip and Tear","Turbo"],"picked":"Conserve Battery","floor":1},{"not_picked":["Meteor Strike","Leap"],"picked":"Conserve Battery","floor":6},{"not_picked":["Force Field","Steam Power"],"picked":"Compile Driver","floor":7},{"not_picked":["Compile Driver","Sweeping Beam"],"picked":"Cold Snap","floor":10},{"not_picked":["Tempest","Barrage"],"picked":"Sweeping Beam","floor":11},{"not_picked":["Turbo","Sweeping Beam"],"picked":"Leap","floor":12},{"not_picked":["Reinforced Body","Turbo"],"picked":"Compile Driver","floor":13},{"not_picked":["Fusion","Darkness"],"picked":"Rip and Tear","floor":14},{"not_picked":["Multi-Cast","Rainbow"],"picked":"Creative AI","floor":16},{"not_picked":["Coolheaded","Steam"],"picked":"Ball Lightning+1","floor":18},{"not_picked":["Force Field+1","Turbo"],"picked":"Heatsinks","floor":20},{"not_picked":["Compile Driver+1","FTL"],"picked":"Skim+1","floor":22}],"player_experience":396360,"relics_obtained":[{"floor":6,"key":"Matryoshka"},{"floor":9,"key":"Oddly Smooth Stone"},{"floor":9,"key":"Centennial Puzzle"},{"floor":10,"key":"Regal Pillow"},{"floor":17,"key":"Lantern"},{"floor":17,"key":"Meat on the Bone"},{"floor":17,"key":"Ice Cream"}],"event_choices":[{"damage_healed":0,"gold_gain":75,"player_choice":"Gather Gold","damage_taken":11,"max_hp_gain":0,"max_hp_loss":0,"event_name":"World of Goop","floor":2,"gold_loss":0},{"cards_removed":["Pain"],"damage_healed":0,"gold_gain":0,"player_choice":"Card Removal","damage_taken":7,"max_hp_gain":0,"max_hp_loss":0,"event_name":"Golden Wing","floor":3,"gold_loss":0},{"damage_healed":0,"gold_gain":0,"player_choice":"Donut","damage_taken":0,"max_hp_gain":5,"max_hp_loss":0,"event_name":"Big Fish","floor":4,"gold_loss":0},{"damage_healed":0,"gold_gain":0,"player_choice":"Inject Mutagens","damage_taken":0,"relics_obtained":["MutagenicStrength"],"max_hp_gain":0,"max_hp_loss":0,"event_name":"Drug Dealer","floor":21,"gold_loss":0}],"is_beta":false,"boss_relics":[{"not_picked":["Tiny House","FrozenCore"],"picked":"Calling Bell"}],"items_purged_floors":[],"is_endless":false,"potions_floor_spawned":[7,10,12,13,22],"killed_by":"Gremlin Leader","ascension_level":8}