{"gold_per_floor":[118,118,128,143,5,5,5,5,31,43,58,86,104,104,104,204,204,185,197,296,296,314,343,343],"floor_reached":24,"playtime":2265,"items_purged":[],"score":218,"play_id":"9e6c5a3c-ad21-4c26-aa46-5499a4879e5a","local_time":"20190217184626","is_ascension_mode":false,"campfire_choices":[{"data":"Zap","floor":6.0,"key":"SMITH"},{"data":"White Noise","floor":15,"key":"SMITH"}],"neow_cost":"NONE","seed_source_timestamp":9378826344484,"circlet_count":0,"master_deck":["Strike_B","Strike_B","Strike_B","Strike_B","Defend_B","Defend_B","Defend_B","Defend_B","Zap+1","Dualcast","Force Field","BootSequence","Self Repair","White Noise+1","Heatsinks","Glacier","BootSequence","Ball Lightning","Leap","Reboot","Blizzard+1","Cold Snap","Ball Lightning","Double Energy"],"special_seed":0,"relics":["Cursed Key","Juzu Bracelet","Incense Burner","Coffee Dripper","Emotion Chip"],"potions_floor_usage":[16,16,16,23,23],"damage_taken":[{"damage":5.0,"enemies":"Small Slimes","floor":1.0,"turns":3.0},{"damage":0.0,"enemies":"2 Louse","floor":3.0,"turns":2.0},{"damage":6.0,"enemies":"Jaw Worm","floor":4.0,"turns":5.0},{"damage":28,"enemies":"Gremlin Gang","floor":10,"turns":5},{"damage":2,"enemies":"Red Slaver","floor":11,"turns":5},{"damage":10,"enemies":"Lagavulin","floor":12,"turns":10},{"damage":12,"enemies":"Large Slime","floor":13,"turns":4},{"damage":4,"enemies":"Slime Boss","floor":16,"turns":19},{"damage":0,"enemies":"2 Thieves","floor":18,"turns":4},{"damage":9,"enemies":"Chosen","floor":19,"turns":7},{"damage":12,"enemies":"Sentry and Sphere","floor":22,"turns":8},{"damage":58,"enemies":"Slavers","floor":23,"turns":7},{"damage":27,"enemies":"3 Cultists","floor":24,"turns":6}],"seed_played":"-756914558607873272","potions_obtained":[{"floor":1.0,"key":"Block Potion"},{"floor":3.0,"key":"EssenceOfSteel"},{"floor":11,"key":"Regen Potion"},{"floor":16,"key":"Ancient Potion"},{"floor":19,"key":"Weak Potion"},{"floor":22,"key":"Weak Potion"},{"floor":23,"key":"FearPotion"}],"is_trial":false,"path_per_floor":["M","?","M","M","$","R","?","$","T","M","M","E","M","?","R","B",null,"M","M","?","?","M","E","M"],"character_chosen":"DEFECT","items_purchased":["White Noise","Heatsinks"],"campfire_rested":0,"item_purchase_floors":[5,5],"current_hp_per_floor":[70,70,70,64,64,64,64,64,64,43,48,45,40,40,40,58,72,72,70,70,70,65,14,0],"gold":343,"neow_bonus":"BOSS_RELIC","is_prod":false,"is_daily":false,"chose_seed":false,"campfire_upgraded":2,"win_rate":0,"timestamp":1550450786,"path_taken":["M","?","M","M","$","R","?","?","T","M","M","E","M","?","R","BOSS","M","M","?","?","M","E","M"],"build_version":"2019-01-23","purchased_purges":0,"victory":false,"max_hp_per_floor":[75,75,75,75,75,75,75,75,75,75,75,75,75,72,72,72,72,72,72,72,72,72,72,72],"card_choices":[{"not_picked":["Ball Lightning","Doom and Gloom"],"picked":"Force Field","floor":1.0},{"not_picked":["Sunder","Sweeping Beam"],"picked":"BootSequence","floor":3.0},{"not_picked":["Darkness","Ball Lightning"],"picked":"Self Repair","floor":4.0},{"not_picked":["BootSequence","Beam Cell"],"picked":"Glacier","floor":10},{"not_picked":["Streamline","FTL"],"picked":"BootSequence","floor":11},{"not_picked":["Compile Driver","Force Field"],"picked":"Ball Lightning","floor":12},{"not_picked":["Gash","Stack"],"picked":"Leap","floor":13},{"not_picked":["Core Surge","Hyperbeam"],"picked":"Reboot","floor":16},{"not_picked":["Compile Driver","Streamline"],"picked":"Blizzard","floor":18},{"not_picked":["Loop","Barrage+1"],"picked":"Cold Snap","floor":19},{"not_picked":["BootSequence","Rebound+1"],"picked":"Ball Lightning","floor":22},{"not_picked":["Steam","Cold Snap"],"picked":"Double Energy","floor":23}],"player_experience":853798,"relics_obtained":[{"floor":9,"key":"Juzu Bracelet"},{"floor":12,"key":"Incense Burner"},{"floor":23,"key":"Emotion Chip"}],"event_choices":[{"damage_healed":0.0,"max_hp_gain":0.0,"max_hp_loss":0.0,"gold_gain":0.0,"event_name":"The Cleric","player_choice":"Leave","floor":2.0,"gold_loss":0.0,"damage_taken":0.0},{"damage_healed":0.0,"max_hp_gain":0.0,"max_hp_loss":0.0,"gold_gain":0.0,"event_name":"Golden Wing","player_choice":"Ignored","floor":7.0,"gold_loss":0.0,"damage_taken":0.0},{"cards_removed":["Parasite"],"damage_healed":0,"gold_gain":0,"player_choice":"Removed Curses","damage_taken":0,"max_hp_gain":0,"max_hp_loss":0,"event_name":"Fountain of Cleansing","floor":14,"gold_loss":0},{"damage_healed":0,"gold_gain":99,"player_choice":"Stole From Cult","damage_taken":0,"max_hp_gain":0,"max_hp_loss":0,"event_name":"Nest","floor":20,"gold_loss":0},{"damage_healed":0,"gold_gain":0,"player_choice":"Upgraded","damage_taken":0,"max_hp_gain":0,"max_hp_loss":0,"event_name":"Upgrade Shrine","floor":21,"gold_loss":0,"cards_upgraded":["Blizzard"]}],"is_beta":false,"boss_relics":[{"not_picked":["Busted Crown","Fusion Hammer"],"picked":"Coffee Dripper"}],"items_purged_floors":[],"is_endless":false,"potions_floor_spawned":[1,3,11,16,19,22,23],"killed_by":"3 Cultists","ascension_level":0}