{"gold_per_floor":[217,60,60,73,73,83,93,119,119,119,132,132,142,152,152,254,254,268,268,282,299,319,319,88,88,88,88,103,103],"floor_reached":29,"playtime":1686,"items_purged":["Defend_R"],"score":263,"play_id":"711e31da-4db8-41c6-b0ed-acf2de253f79","local_time":"20190115032605","is_ascension_mode":true,"campfire_choices":[{"floor":12,"key":"REST"},{"floor":15,"key":"REST"},{"floor":23,"key":"REST"},{"data":"Feed","floor":25,"key":"SMITH"},{"data":"Inflame","floor":27,"key":"SMITH"}],"neow_cost":"NONE","seed_source_timestamp":226593179135007,"circlet_count":0,"master_deck":["Strike_R+1","Strike_R","Strike_R","Defend_R","Defend_R","Defend_R","Bash","Iron Wave+1","Cleave","Power Through","Flex","Thunderclap","Inflame+1","Feed+1","Pommel Strike+1","Demon Form","Shrug It Off","Rage","Armaments"],"relics":["Black Blood","Whetstone","Kunai","Bronze Scales","Paper Frog","Regal Pillow","Smiling Mask"],"potions_floor_usage":[8,16,21,21,21,22,29],"damage_taken":[{"damage":0,"enemies":"Small Slimes","floor":1,"turns":3},{"damage":3,"enemies":"2 Louse","floor":4,"turns":3},{"damage":1,"enemies":"Cultist","floor":6,"turns":3},{"damage":7,"enemies":"Exordium Thugs","floor":7,"turns":5},{"damage":44,"enemies":"Lagavulin","floor":8,"turns":7},{"damage":0,"enemies":"3 Louse","floor":11,"turns":3},{"damage":13,"enemies":"Blue Slaver","floor":13,"turns":3},{"damage":11,"enemies":"Looter","floor":14,"turns":2},{"damage":50,"enemies":"Hexaghost","floor":16,"turns":10},{"damage":28,"enemies":"Chosen","floor":18,"turns":6},{"damage":7,"enemies":"3 Byrds","floor":20,"turns":2},{"damage":49,"enemies":"Shelled Parasite and Fungi","floor":21,"turns":8},{"damage":17,"enemies":"Snake Plant","floor":22,"turns":4},{"damage":51,"enemies":"Snecko","floor":28,"turns":7},{"damage":24,"enemies":"Centurion and Healer","floor":29,"turns":2}],"seed_played":"6415669027911050708","potions_obtained":[{"floor":6,"key":"Swift Potion"},{"floor":7,"key":"Energy Potion"},{"floor":13,"key":"SteroidPotion"},{"floor":16,"key":"Block Potion"},{"floor":20,"key":"Regen Potion"},{"floor":21,"key":"Dexterity Potion"},{"floor":28,"key":"Strength Potion"}],"is_trial":false,"path_per_floor":["M","$","?","M","?","M","M","E","T","?","M","R","M","M","R","B",null,"M","?","M","M","M","R","$","R","T","R","M","M"],"character_chosen":"IRONCLAD","items_purchased":["Whetstone","Regal Pillow"],"campfire_rested":3,"item_purchase_floors":[2,24],"current_hp_per_floor":[80,80,62,65,65,70,69,31,31,31,37,61,54,49,73,29,80,62,62,65,40,33,57,57,57,57,57,16,0],"gold":103,"neow_bonus":"HUNDRED_GOLD","is_prod":false,"is_daily":false,"chose_seed":false,"campfire_upgraded":2,"win_rate":0,"timestamp":1547551565,"path_taken":["M","$","?","M","?","M","M","E","T","?","M","R","M","M","R","BOSS","M","?","?","M","M","R","$","R","T","R","M","M"],"build_version":"2019-01-10","purchased_purges":1,"victory":false,"max_hp_per_floor":[80,80,80,80,80,80,80,80,80,80,80,80,80,80,80,80,80,80,80,80,80,80,80,80,80,80,80,80,80],"card_choices":[{"not_picked":["Cleave","Heavy Blade"],"picked":"Iron Wave","floor":1},{"not_picked":["Dropkick","Clash"],"picked":"Cleave","floor":4},{"not_picked":["Heavy Blade","Anger"],"picked":"Power Through","floor":6},{"not_picked":["Headbutt","Thunderclap"],"picked":"Flex","floor":7},{"not_picked":["Whirlwind","Clash","Reckless Charge"],"picked":"SKIP","floor":8},{"not_picked":["Searing Blow","Body Slam"],"picked":"Thunderclap","floor":11},{"not_picked":["Rage","Wild Strike"],"picked":"Inflame","floor":13},{"not_picked":["Perfected Strike","Dropkick","Disarm"],"picked":"SKIP","floor":14},{"not_picked":["Demon Form","Brutality"],"picked":"Feed","floor":16},{"not_picked":["Havoc","Dropkick"],"picked":"Pommel Strike+1","floor":18},{"not_picked":["Clothesline+1","Carnage"],"picked":"Shrug It Off","floor":20},{"not_picked":["Cleave","Rampage+1"],"picked":"Rage","floor":21},{"not_picked":["Evolve","Rupture+1","Sentinel"],"picked":"SKIP","floor":22},{"not_picked":["Iron Wave","Twin Strike"],"picked":"Armaments","floor":28}],"player_experience":167902,"relics_obtained":[{"floor":8,"key":"Bronze Scales"},{"floor":9,"key":"Paper Frog"},{"floor":26,"key":"Smiling Mask"}],"event_choices":[{"damage_healed":0,"gold_gain":0,"player_choice":"Success","damage_taken":18,"relics_obtained":["Kunai"],"max_hp_gain":0,"max_hp_loss":0,"event_name":"Scrap Ooze","floor":3,"gold_loss":0},{"damage_healed":0,"gold_gain":0,"player_choice":"Ignored","damage_taken":0,"max_hp_gain":0,"max_hp_loss":0,"event_name":"Liars Game","floor":5,"gold_loss":0},{"cards_removed":["Strike_R"],"damage_healed":0,"gold_gain":0,"player_choice":"Forget","damage_taken":0,"max_hp_gain":0,"max_hp_loss":0,"event_name":"Living Wall","floor":10,"gold_loss":0},{"damage_healed":0,"gold_gain":0,"cards_transformed":["Strike_R"],"player_choice":"Transformed","damage_taken":0,"max_hp_gain":0,"max_hp_loss":0,"event_name":"Transmorgrifier","floor":19,"gold_loss":0,"cards_obtained":["Demon Form"]}],"is_beta":false,"boss_relics":[{"not_picked":["Pandora\u0027s Box","Philosopher\u0027s Stone"],"picked":"Black Blood"}],"items_purged_floors":[24],"is_endless":false,"potions_floor_spawned":[6,7,13,16,20,21,28],"killed_by":"Centurion and Healer","ascension_level":3}