{"gold_per_floor":[111,121,135,135,153,153,181,181,205,237,5,5,5,39,39,39],"floor_reached":16,"playtime":769,"items_purged":["Strike_R"],"score":183,"play_id":"05cd96ae-176f-4531-8a04-7e44379cabdb","local_time":"20190220234508","is_ascension_mode":true,"campfire_choices":[{"data":"Bash","floor":6,"key":"SMITH"},{"floor":8,"key":"REST"},{"floor":13,"key":"REST"},{"floor":15,"key":"REST"}],"neow_cost":"NONE","seed_source_timestamp":450658845479222,"circlet_count":0,"master_deck":["AscendersBane","Strike_R","Strike_R","Strike_R","Defend_R","Defend_R","Defend_R","Defend_R","Bash+1","Cleave","Iron Wave","Warcry","Shrug It Off","Anger","Thunderclap","Uppercut"],"relics":["Burning Blood","Lantern","Centennial Puzzle","Strawberry","Omamori","Art of War","Frozen Egg 2"],"potions_floor_usage":[3,7,16],"damage_taken":[{"damage":14,"enemies":"Jaw Worm","floor":1,"turns":4},{"damage":15,"enemies":"Cultist","floor":2,"turns":5},{"damage":2,"enemies":"2 Louse","floor":3,"turns":2},{"damage":0,"enemies":"Exordium Wildlife","floor":5,"turns":2},{"damage":50,"enemies":"Lagavulin","floor":7,"turns":8},{"damage":32,"enemies":"Gremlin Nob","floor":10,"turns":5},{"damage":27,"enemies":"Lagavulin","floor":14,"turns":6},{"damage":58,"enemies":"Slime Boss","floor":16,"turns":7}],"seed_played":"-7157581347075218041","potions_obtained":[{"floor":2,"key":"Fire Potion"},{"floor":3,"key":"Block Potion"},{"floor":14,"key":"LiquidBronze"}],"is_trial":false,"path_per_floor":["M","M","M","?","M","R","E","R","T","E","$","?","R","E","R","B"],"character_chosen":"IRONCLAD","items_purchased":["Art of War"],"campfire_rested":3,"item_purchase_floors":[11],"current_hp_per_floor":[64,55,59,59,65,65,21,45,52,26,26,26,52,31,57,0],"gold":39,"neow_bonus":"RANDOM_COMMON_RELIC","is_prod":false,"is_daily":false,"chose_seed":false,"campfire_upgraded":1,"win_rate":0,"timestamp":1550735108,"path_taken":["M","M","M","?","M","R","E","R","T","E","?","?","R","E","R","BOSS"],"build_version":"2019-01-23","purchased_purges":1,"victory":false,"max_hp_per_floor":[80,80,80,80,80,80,80,80,87,87,87,87,87,87,87,87],"card_choices":[{"not_picked":["Entrench","Disarm"],"picked":"Cleave","floor":1},{"not_picked":["Clash","Blood for Blood"],"picked":"Iron Wave","floor":2},{"not_picked":["Headbutt","Dual Wield"],"picked":"Warcry","floor":3},{"not_picked":["Twin Strike","Iron Wave"],"picked":"Shrug It Off","floor":5},{"not_picked":["Bloodletting","Combust"],"picked":"Anger","floor":7},{"not_picked":["Body Slam","Rupture"],"picked":"Thunderclap","floor":10},{"not_picked":["Havoc","Body Slam"],"picked":"Uppercut","floor":14}],"player_experience":459550,"relics_obtained":[{"floor":7,"key":"Centennial Puzzle"},{"floor":9,"key":"Strawberry"},{"floor":10,"key":"Omamori"},{"floor":14,"key":"Frozen Egg 2"}],"event_choices":[{"cards_removed":["Strike_R"],"damage_healed":0,"gold_gain":0,"player_choice":"Card Removal","damage_taken":0,"max_hp_gain":0,"max_hp_loss":0,"event_name":"Wheel of Change","floor":4,"gold_loss":0},{"damage_healed":0,"gold_gain":0,"player_choice":"Ignored","damage_taken":0,"max_hp_gain":0,"max_hp_loss":0,"event_name":"Golden Idol","floor":12,"gold_loss":0}],"is_beta":false,"boss_relics":[],"items_purged_floors":[11],"is_endless":false,"potions_floor_spawned":[2,3,14],"killed_by":"Slime Boss","ascension_level":11}