{"gold_per_floor":[115,115,131,131,141,170,180,180,180,180,58,58,74,86,86,189,189,203,203,223,16,45,76,76,94,148,148,179,179,199,224,224,326,326,338,288,302,328,550,576,576,576,576,298,92,92,111,111,111,111],"floor_reached":51,"playtime":1287,"items_purged":["Strike_G","Strike_G+1","Strike_G+1"],"score":781,"play_id":"dbb38461-c9dc-4765-ba61-3cd08b7835d0","local_time":"20190218031654","is_ascension_mode":false,"campfire_choices":[{"data":"Crippling Poison","floor":8.0,"key":"SMITH"},{"data":"Skewer","floor":10.0,"key":"SMITH"},{"data":"Skewer","floor":15.0,"key":"SMITH"},{"data":"Glass Knife","floor":24.0,"key":"SMITH"},{"data":"Terror","floor":27.0,"key":"SMITH"},{"floor":32.0,"key":"REST"},{"data":"Footwork","floor":41.0,"key":"SMITH"},{"floor":49,"key":"REST"}],"neow_cost":"NONE","seed_source_timestamp":8010520131937,"circlet_count":0,"master_deck":["Defend_G+1","Defend_G+1","Defend_G+1","Defend_G+1","Defend_G+1","Strike_G+1","Strike_G+1","Survivor","Neutralize+1","Dagger Spray+1","Distraction","Skewer+1","Skewer+1","Crippling Poison+1","Backflip","Terror+1","Glass Knife+1","Sucker Punch","Backflip","PiercingWail+1","Quick Slash+1","Deflect+1","Crippling Poison","Footwork+1","Crippling Poison","Phantasmal Killer","Cloak And Dagger","The Bomb"],"special_seed":0,"relics":["Ring of the Snake","NeowsBlessing","StoneCalendar","Meat on the Bone","Philosopher\u0027s Stone","Lantern","Red Mask","Shuriken","Smiling Mask","Darkstone Periapt","Tough Bandages","Busted Crown","Bag of Preparation","Matryoshka","MawBank","FossilizedHelix","Paper Crane","PrismaticShard"],"potions_floor_usage":[50],"damage_taken":[{"damage":0.0,"enemies":"Jaw Worm","floor":1.0,"turns":1.0},{"damage":0.0,"enemies":"Cultist","floor":3.0,"turns":1.0},{"damage":0.0,"enemies":"2 Louse","floor":5.0,"turns":1.0},{"damage":30.0,"enemies":"Gremlin Nob","floor":6.0,"turns":5.0},{"damage":9.0,"enemies":"Large Slime","floor":7.0,"turns":7.0},{"damage":4.0,"enemies":"Exordium Wildlife","floor":13.0,"turns":2.0},{"damage":0.0,"enemies":"Red Slaver","floor":14.0,"turns":5.0},{"damage":7.0,"enemies":"The Guardian","floor":16.0,"turns":8.0},{"damage":0.0,"enemies":"Shell Parasite","floor":18.0,"turns":3.0},{"damage":0.0,"enemies":"Chosen","floor":20.0,"turns":4.0},{"damage":5.0,"enemies":"Masked Bandits","floor":22.0,"turns":3.0},{"damage":11.0,"enemies":"Slavers","floor":23.0,"turns":3.0},{"damage":2.0,"enemies":"Centurion and Healer","floor":25.0,"turns":3.0},{"damage":21.0,"enemies":"Gremlin Leader","floor":28.0,"turns":5.0},{"damage":13.0,"enemies":"Snake Plant","floor":30.0,"turns":3.0},{"damage":4.0,"enemies":"Book of Stabbing","floor":31.0,"turns":5.0},{"damage":28.0,"enemies":"Automaton","floor":33.0,"turns":8.0},{"damage":0.0,"enemies":"3 Shapes","floor":35.0,"turns":3.0},{"damage":0.0,"enemies":"Orb Walker","floor":37.0,"turns":3.0},{"damage":0.0,"enemies":"Reptomancer","floor":40.0,"turns":7.0},{"damage":10,"enemies":"Spire Growth","floor":47,"turns":3},{"damage":9,"enemies":"Donu and Deca","floor":50,"turns":13}],"seed_played":"3784589650915414463","potions_obtained":[{"floor":3.0,"key":"Ancient Potion"},{"floor":7.0,"key":"GamblersBrew"},{"floor":14.0,"key":"Block Potion"},{"floor":22.0,"key":"Fire Potion"},{"floor":28.0,"key":"EssenceOfSteel"},{"floor":31.0,"key":"Strength Potion"},{"floor":37.0,"key":"Dexterity Potion"}],"is_trial":false,"path_per_floor":["M","?","M","?","M","E","M","R","T","R","$","?","M","M","R","B",null,"M","?","M","$","?","E","R","M","T","R","E","$","M","E","R","B",null,"M","$","M","T","?","E","R","?","T","$","$","?","M","?","R","B",null],"character_chosen":"THE_SILENT","items_purchased":["Backflip","Lantern","Backflip","Paper Crane","PrismaticShard"],"campfire_rested":2,"item_purchase_floors":[11,21,21,44,45],"current_hp_per_floor":[70,56,56,56,56,26,17,17,17,17,17,10,18,30,30,35,70,70,70,70,70,65,54,54,52,52,52,43,43,42,38,59,43,70,70,70,70,70,70,70,70,60,60,60,60,60,50,50,70,61],"gold":111,"neow_bonus":"THREE_ENEMY_KILL","is_prod":false,"is_daily":false,"chose_seed":false,"campfire_upgraded":6,"win_rate":0,"timestamp":1550481414,"path_taken":["M","?","M","?","?","E","M","R","T","R","$","?","?","M","R","BOSS","M","?","M","$","?","E","R","M","T","R","E","?","?","E","R","BOSS","M","$","?","?","?","E","R","?","T","?","$","?","M","?","R","BOSS"],"build_version":"2019-01-23","purchased_purges":3,"victory":true,"max_hp_per_floor":[70,70,70,70,70,70,70,70,70,70,70,70,70,70,70,70,70,70,70,70,70,70,70,70,70,70,70,70,70,70,70,70,70,70,70,70,70,70,70,70,70,70,70,70,70,70,70,70,70,70],"card_choices":[{"not_picked":["Blade Dance","Outmaneuver"],"picked":"Dagger Spray","floor":1.0},{"not_picked":["Acrobatics","Quick Slash"],"picked":"Distraction","floor":3.0},{"not_picked":["Prepared","Finisher"],"picked":"Skewer","floor":5.0},{"not_picked":["Backflip","Dagger Spray"],"picked":"Skewer","floor":6.0},{"not_picked":["Poisoned Stab","Die Die Die"],"picked":"Crippling Poison","floor":7.0},{"not_picked":["Riddle With Holes","Acrobatics","Expertise"],"picked":"SKIP","floor":13.0},{"not_picked":["Underhanded Strike","Blade Dance"],"picked":"Terror","floor":14.0},{"not_picked":["Die Die Die","Unload"],"picked":"Glass Knife","floor":16.0},{"not_picked":["Slice","Accuracy"],"picked":"PiercingWail","floor":18.0},{"not_picked":["Acrobatics+1","Terror"],"picked":"Sucker Punch","floor":20.0},{"not_picked":["Poisoned Stab","Deadly Poison"],"picked":"PiercingWail+1","floor":22.0},{"not_picked":["Bouncing Flask","Well Laid Plans"],"picked":"Quick Slash+1","floor":23.0},{"not_picked":["Dagger Spray","Cloak And Dagger"],"picked":"Deflect+1","floor":25.0},{"not_picked":["Bane","Sucker Punch"],"picked":"Crippling Poison","floor":28.0},{"not_picked":["Acrobatics","Underhanded Strike"],"picked":"Footwork","floor":30.0},{"not_picked":["Distraction","Dagger Throw"],"picked":"Crippling Poison","floor":31.0},{"not_picked":["Storm of Steel","Venomology"],"picked":"Phantasmal Killer","floor":33.0},{"not_picked":[],"picked":"Cloak And Dagger","floor":35.0},{"not_picked":["Flying Knee"],"picked":"SKIP","floor":37.0},{"not_picked":["Tactician+1"],"picked":"SKIP","floor":40.0},{"not_picked":[],"picked":"The Bomb","floor":42.0},{"not_picked":["Deadly Poison"],"picked":"SKIP","floor":47}],"player_experience":868652,"relics_obtained":[{"floor":6.0,"key":"StoneCalendar"},{"floor":9.0,"key":"Meat on the Bone"},{"floor":22.0,"key":"Red Mask"},{"floor":23.0,"key":"Shuriken"},{"floor":26.0,"key":"Smiling Mask"},{"floor":28.0,"key":"Darkstone Periapt"},{"floor":31.0,"key":"Tough Bandages"},{"floor":38.0,"key":"Bag of Preparation"},{"floor":40.0,"key":"Matryoshka"},{"floor":43.0,"key":"MawBank"},{"floor":43.0,"key":"FossilizedHelix"}],"event_choices":[{"damage_healed":0.0,"max_hp_gain":0.0,"max_hp_loss":0.0,"gold_gain":0.0,"event_name":"Shining Light","player_choice":"Entered Light","floor":2.0,"gold_loss":0.0,"damage_taken":14.0,"cards_upgraded":["Strike_G","Dagger Spray"]},{"damage_healed":0.0,"max_hp_gain":0.0,"max_hp_loss":0.0,"gold_gain":0.0,"event_name":"Upgrade Shrine","player_choice":"Upgraded","floor":4.0,"gold_loss":0.0,"damage_taken":0.0,"cards_upgraded":["Neutralize"]},{"damage_healed":0.0,"max_hp_gain":0.0,"max_hp_loss":0.0,"gold_gain":0.0,"event_name":"Wheel of Change","player_choice":"Damaged","floor":12.0,"gold_loss":0.0,"damage_taken":7.0},{"damage_healed":0.0,"max_hp_gain":0.0,"max_hp_loss":0.0,"gold_gain":0.0,"event_name":"Back to Basics","player_choice":"Simplicity","floor":19.0,"gold_loss":0.0,"damage_taken":0.0,"cards_upgraded":["Defend_G","Defend_G","Defend_G","Defend_G","Defend_G","Strike_G","Strike_G","Strike_G"]},{"damage_healed":0.0,"max_hp_gain":0.0,"max_hp_loss":0.0,"gold_gain":0.0,"event_name":"Masked Bandits","player_choice":"Fought Bandits","floor":22.0,"gold_loss":0.0,"damage_taken":0.0},{"damage_healed":0.0,"max_hp_gain":0.0,"max_hp_loss":0.0,"gold_gain":222.0,"event_name":"Tomb of Lord Red Mask","player_choice":"Wore Mask","floor":39.0,"gold_loss":0.0,"damage_taken":0.0},{"damage_healed":0.0,"max_hp_gain":0.0,"max_hp_loss":0.0,"gold_gain":0.0,"event_name":"SensoryStone","player_choice":"Memory 3","floor":42.0,"gold_loss":0.0,"damage_taken":10.0},{"damage_healed":0,"gold_gain":0,"player_choice":"Ignored","damage_taken":0,"max_hp_gain":0,"max_hp_loss":0,"event_name":"Mysterious Sphere","floor":46,"gold_loss":0},{"cards_removed":["PiercingWail"],"damage_healed":0,"gold_gain":0,"player_choice":"Removed Skill","damage_taken":0,"max_hp_gain":0,"max_hp_loss":0,"event_name":"Falling","floor":48,"gold_loss":0}],"is_beta":false,"boss_relics":[{"not_picked":["Ring of the Serpent","Coffee Dripper"],"picked":"Philosopher\u0027s Stone"},{"not_picked":["Orrery","WristBlade"],"picked":"Busted Crown"}],"items_purged_floors":[11,36,44],"is_endless":false,"potions_floor_spawned":[3,7,14,22,28,31,37],"ascension_level":0}