{"gold_per_floor":[109,109,109,38,48,83,95,95,95,114,140,25,52,63,63,166,166,181,181,144,163,178,178,203,203,285,295,305,316,3,19,19,118,118,136,156,156,176,195,195,195,195,195,0,0,0,14,27,27,27],"floor_reached":51,"playtime":2611,"items_purged":["Strike_B"],"score":801,"play_id":"ca59e268-2c18-420d-9f82-dbd8e5bc3847","local_time":"20190226163428","is_ascension_mode":true,"campfire_choices":[{"data":"Biased Cognition","floor":8,"key":"SMITH"},{"data":"Loop","floor":15,"key":"SMITH"},{"data":"Storm","floor":23,"key":"SMITH"},{"floor":32,"key":"REST"},{"data":"Buffer","floor":40,"key":"SMITH"},{"data":"Madness","floor":42,"key":"SMITH"},{"data":"Madness","floor":45,"key":"SMITH"},{"data":"Zap","floor":49,"key":"SMITH"}],"neow_cost":"NONE","seed_source_timestamp":452078526469402,"circlet_count":0,"master_deck":["Defend_B","Defend_B","Defend_B","Defend_B","Zap+1","Dualcast+1","Ball Lightning","Self Repair","Conserve Battery","Biased Cognition+1","Cold Snap","Loop+1","Amplify+1","Rip and Tear+1","Echo Form+1","White Noise+1","Storm+1","Buffer+1","Creative AI+1","Madness+1","Madness+1"],"relics":["Cracked Core","StoneCalendar","Thread and Needle","Sundial","Strawberry","Astrolabe","Regal Pillow","Frozen Egg 2","Bird Faced Urn","Runic Pyramid","PreservedInsect","Red Mask"],"potions_floor_usage":[11,16,16,16,28,33,33,50],"damage_taken":[{"damage":1,"enemies":"2 Louse","floor":1,"turns":2},{"damage":0,"enemies":"Cultist","floor":5,"turns":2},{"damage":14,"enemies":"3 Sentries","floor":6,"turns":7},{"damage":0,"enemies":"Small Slimes","floor":7,"turns":3},{"damage":0,"enemies":"Exordium Thugs","floor":10,"turns":4},{"damage":14,"enemies":"Lagavulin","floor":11,"turns":4},{"damage":9,"enemies":"3 Sentries","floor":13,"turns":5},{"damage":0,"enemies":"Looter","floor":14,"turns":2},{"damage":0,"enemies":"Slime Boss","floor":16,"turns":7},{"damage":6,"enemies":"Chosen","floor":18,"turns":4},{"damage":6,"enemies":"3 Byrds","floor":21,"turns":4},{"damage":7,"enemies":"Snecko","floor":22,"turns":6},{"damage":38,"enemies":"Book of Stabbing","floor":24,"turns":5},{"damage":0,"enemies":"Centurion and Healer","floor":27,"turns":2},{"damage":18,"enemies":"Shelled Parasite and Fungi","floor":28,"turns":4},{"damage":17,"enemies":"Snake Plant","floor":29,"turns":4},{"damage":1,"enemies":"Sentry and Sphere","floor":31,"turns":3},{"damage":14,"enemies":"Collector","floor":33,"turns":8},{"damage":8,"enemies":"3 Darklings","floor":35,"turns":3},{"damage":0,"enemies":"Orb Walker","floor":36,"turns":2},{"damage":0,"enemies":"Maw","floor":38,"turns":6},{"damage":0,"enemies":"3 Darklings","floor":39,"turns":2},{"damage":10,"enemies":"Sphere and 2 Shapes","floor":47,"turns":5},{"damage":27,"enemies":"Spire Growth","floor":48,"turns":4},{"damage":48,"enemies":"Time Eater","floor":50,"turns":7}],"seed_played":"-456815353803242581","potions_obtained":[{"floor":5,"key":"PowerPotion"},{"floor":7,"key":"Strength Potion"},{"floor":10,"key":"SpeedPotion"},{"floor":14,"key":"FearPotion"},{"floor":22,"key":"Swift Potion"},{"floor":24,"key":"SkillPotion"},{"floor":25,"key":"FairyPotion"},{"floor":25,"key":"Dexterity Potion"},{"floor":28,"key":"Swift Potion"},{"floor":31,"key":"FocusPotion"},{"floor":33,"key":"Energy Potion"},{"floor":36,"key":"FearPotion"},{"floor":48,"key":"SkillPotion"}],"is_trial":false,"path_per_floor":["M","?","?","$","M","E","M","R","T","M","E","$","E","M","R","B",null,"M","?","$","M","M","R","E","?","T","M","M","M","$","M","R","B",null,"M","M","?","M","M","R","$","R","T","?","R","$","M","M","R","B",null],"character_chosen":"DEFECT","items_purchased":["Self Repair","Loop","Storm","Bird Faced Urn"],"campfire_rested":1,"item_purchase_floors":[4,12,20,30],"current_hp_per_floor":[74,79,79,79,79,72,79,79,79,80,66,66,71,71,71,71,87,81,97,97,91,97,97,59,59,59,59,41,31,31,40,84,93,97,91,97,85,97,97,97,97,97,97,97,97,97,93,81,81,70],"gold":27,"neow_bonus":"UPGRADE_CARD","is_prod":false,"is_daily":false,"chose_seed":false,"campfire_upgraded":7,"win_rate":0,"timestamp":1551220468,"path_taken":["M","?","?","$","M","E","M","R","T","?","E","$","E","M","R","BOSS","M","?","?","M","M","R","E","?","T","?","M","M","$","M","R","BOSS","M","?","?","M","M","R","$","R","T","?","R","$","M","M","R","BOSS"],"build_version":"2019-01-23","purchased_purges":1,"victory":true,"max_hp_per_floor":[75,80,80,80,80,80,80,80,80,80,80,80,87,87,87,87,87,87,97,97,97,97,97,97,97,97,97,97,97,97,97,97,97,97,97,97,97,97,97,97,97,97,97,97,97,97,97,97,97,97],"card_choices":[{"not_picked":["Streamline","Melter"],"picked":"Ball Lightning","floor":1},{"not_picked":["Go for the Eyes","Beam Cell"],"picked":"Conserve Battery","floor":5},{"not_picked":["Redo","Sweeping Beam"],"picked":"Biased Cognition","floor":6},{"not_picked":["Force Field","Barrage"],"picked":"Cold Snap","floor":7},{"not_picked":["Hologram","Stack","Glacier"],"picked":"SKIP","floor":10},{"not_picked":["Force Field","Redo","Go for the Eyes"],"picked":"SKIP","floor":11},{"not_picked":["Hello World","Fusion","Doom and Gloom"],"picked":"SKIP","floor":13},{"not_picked":["Cold Snap","Go for the Eyes","Conserve Battery"],"picked":"SKIP","floor":14},{"not_picked":["Rainbow","Reboot"],"picked":"Echo Form","floor":16},{"not_picked":["Sweeping Beam","Leap"],"picked":"White Noise+1","floor":18},{"not_picked":["Rip and Tear","Beam Cell","Stack+1"],"picked":"SKIP","floor":21},{"not_picked":["Redo","Chaos","Heatsinks"],"picked":"SKIP","floor":22},{"not_picked":["Sunder","Rebound"],"picked":"Buffer","floor":24},{"not_picked":["Streamline+1","Chaos","Rebound+1"],"picked":"SKIP","floor":27},{"not_picked":["Ball Lightning","Go for the Eyes+1","Hologram+1"],"picked":"SKIP","floor":28},{"not_picked":["Sweeping Beam+1","Steam+1","Machine Learning+1"],"picked":"SKIP","floor":29},{"not_picked":["Hologram","Ball Lightning","Sweeping Beam"],"picked":"SKIP","floor":31},{"not_picked":["Machine Learning+1","Multi-Cast"],"picked":"Creative AI+1","floor":33},{"not_picked":["Beam Cell","Rebound","Compile Driver+1"],"picked":"SKIP","floor":35},{"not_picked":["Turbo+1","Redo+1","Rebound"],"picked":"SKIP","floor":36},{"not_picked":["Go for the Eyes","Coolheaded+1","Aggregate"],"picked":"SKIP","floor":38},{"not_picked":["Compile Driver+1","Leap+1","Rebound+1"],"picked":"SKIP","floor":39},{"not_picked":["Self Repair+1","Go for the Eyes","Turbo"],"picked":"SKIP","floor":47},{"not_picked":["Coolheaded","Beam Cell+1","Stack"],"picked":"SKIP","floor":48}],"player_experience":139544,"relics_obtained":[{"floor":6,"key":"StoneCalendar"},{"floor":9,"key":"Thread and Needle"},{"floor":11,"key":"Sundial"},{"floor":13,"key":"Strawberry"},{"floor":24,"key":"Regal Pillow"},{"floor":26,"key":"Frozen Egg 2"},{"floor":43,"key":"PreservedInsect"}],"event_choices":[{"damage_healed":0,"gold_gain":0,"player_choice":"Donut","damage_taken":0,"max_hp_gain":5,"max_hp_loss":0,"event_name":"Big Fish","floor":2,"gold_loss":0},{"damage_healed":0,"gold_gain":0,"player_choice":"Bought 0 Potions","damage_taken":0,"max_hp_gain":0,"max_hp_loss":0,"event_name":"The Woman in Blue","floor":3,"gold_loss":0},{"cards_removed":["Echo Form"],"damage_healed":6,"gold_gain":0,"player_choice":"Offered Rare","damage_taken":0,"max_hp_gain":10,"max_hp_loss":0,"event_name":"Bonfire Elementals","floor":19,"gold_loss":0},{"damage_healed":0,"gold_gain":0,"player_choice":"Got Potions","damage_taken":0,"max_hp_gain":0,"max_hp_loss":0,"event_name":"Lab","floor":25,"gold_loss":0},{"damage_healed":0,"gold_gain":0,"player_choice":"Embrace Madness","damage_taken":12,"max_hp_gain":0,"max_hp_loss":0,"event_name":"Winding Halls","floor":37,"gold_loss":0,"cards_obtained":["Madness","Madness"]},{"damage_healed":0,"gold_gain":0,"player_choice":"Paid","damage_taken":0,"relics_obtained":["Red Mask"],"max_hp_gain":0,"max_hp_loss":0,"event_name":"Tomb of Lord Red Mask","floor":44,"gold_loss":195}],"is_beta":false,"boss_relics":[{"not_picked":["Fusion Hammer","Runic Dome"],"picked":"Astrolabe"},{"not_picked":["Philosopher\u0027s Stone","Velvet Choker"],"picked":"Runic Pyramid"}],"items_purged_floors":[12],"is_endless":false,"potions_floor_spawned":[5,7,10,14,22,24,28,31,33,36,39,48],"ascension_level":1}