{"gold_per_floor":[110,110,121,87,99,99,64,119,119,44,71,71,86,86,86,191,191,205,218,133,133,144,171,171,185,185,196,229,45,45,64,64,161,161,177,192,192,0,46,81,81,93,148,148,148,173,186,204,204,204],"floor_reached":50,"playtime":4557,"items_purged":["Strike_G"],"score":752,"play_id":"e0ccdb50-6c15-452f-9570-fca93015c827","local_time":"20190208160013","is_ascension_mode":true,"campfire_choices":[{"floor":6,"key":"REST"},{"floor":12,"key":"REST"},{"data":"Well Laid Plans","floor":15,"key":"SMITH"},{"floor":24,"key":"REST"},{"floor":30,"key":"REST"},{"floor":32,"key":"REST"},{"floor":41,"key":"REST"},{"floor":49,"key":"REST"}],"neow_cost":"NONE","seed_source_timestamp":2342578641605893,"circlet_count":0,"master_deck":["Survivor","Neutralize","Cloak And Dagger+1","Skewer","Leg Sweep","Caltrops","Accuracy","Well Laid Plans+1","Underhanded Strike","Underhanded Strike","Adrenaline","Corpse Explosion","Tactician","Concentrate","Distraction","Poisoned Stab+1","Malaise","Footwork","Envenom","Dagger Throw","Escape Plan+1","Cloak And Dagger+1","Poisoned Stab+1","Blade Dance+1","Crippling Poison","Noxious Fumes","Bouncing Flask+1","Noxious Fumes","Deflect","Adrenaline","Backflip","Cloak And Dagger","Dagger Spray+1","Poisoned Stab+1","Acrobatics","Choke+1"],"relics":["HoveringKite","Anchor","Tough Bandages","Mercury Hourglass","Pandora\u0027s Box","Omamori","Dodecahedron","Darkstone Periapt","Bag of Preparation","Whetstone","Lizard Tail","Red Mask","Calipers","Snake Skull","Pen Nib","Question Card","Centennial Puzzle"],"potions_floor_usage":[11,16,22,25,31,33,33,39,46,50,50],"damage_taken":[{"damage":12,"enemies":"Jaw Worm","floor":1,"turns":7},{"damage":2,"enemies":"Cultist","floor":3,"turns":4},{"damage":0,"enemies":"2 Louse","floor":5,"turns":3},{"damage":16,"enemies":"3 Sentries","floor":8,"turns":11},{"damage":5,"enemies":"Gremlin Nob","floor":11,"turns":4},{"damage":0,"enemies":"Exordium Wildlife","floor":13,"turns":3},{"damage":7,"enemies":"Slime Boss","floor":16,"turns":10},{"damage":0,"enemies":"Shell Parasite","floor":18,"turns":6},{"damage":0,"enemies":"Chosen","floor":19,"turns":5},{"damage":2,"enemies":"Centurion and Healer","floor":22,"turns":7},{"damage":19,"enemies":"Slavers","floor":23,"turns":4},{"damage":8,"enemies":"Snake Plant","floor":25,"turns":3},{"damage":0,"enemies":"Snecko","floor":27,"turns":5},{"damage":44,"enemies":"Gremlin Leader","floor":28,"turns":7},{"damage":4,"enemies":"Centurion and Healer","floor":31,"turns":4},{"damage":45,"enemies":"Champ","floor":33,"turns":9},{"damage":0,"enemies":"3 Shapes","floor":35,"turns":3},{"damage":31,"enemies":"3 Darklings","floor":36,"turns":4},{"damage":17,"enemies":"2 Orb Walkers","floor":39,"turns":3},{"damage":38,"enemies":"Reptomancer","floor":40,"turns":6},{"damage":0,"enemies":"Sphere and 2 Shapes","floor":42,"turns":4},{"damage":29,"enemies":"Nemesis","floor":46,"turns":7},{"damage":14,"enemies":"Transient","floor":47,"turns":5},{"damage":10,"enemies":"3 Darklings","floor":48,"turns":3},{"damage":52,"enemies":"Time Eater","floor":50,"turns":9}],"seed_played":"-591282571655684287","potions_obtained":[{"floor":1,"key":"FearPotion"},{"floor":5,"key":"Swift Potion"},{"floor":13,"key":"FearPotion"},{"floor":16,"key":"Dexterity Potion"},{"floor":25,"key":"Energy Potion"},{"floor":27,"key":"SteroidPotion"},{"floor":31,"key":"Dexterity Potion"},{"floor":33,"key":"Swift Potion"},{"floor":35,"key":"AttackPotion"},{"floor":40,"key":"Swift Potion"},{"floor":46,"key":"Block Potion"}],"is_trial":false,"path_per_floor":["M","?","M","$","M","R","$","?","T","$","E","R","M","?","R","B",null,"M","M","?","?","M","E","R","M","T","M","E","$","R","M","R","B",null,"M","M","?","?","?","E","R","M","T","?","T","E","M","M","R","B"],"character_chosen":"THE_SILENT","items_purchased":["Leg Sweep","Accuracy","Whetstone","Noxious Fumes"],"campfire_rested":7,"item_purchase_floors":[4,7,29,29],"current_hp_per_floor":[51,51,49,49,49,70,70,54,54,54,49,70,70,70,70,63,68,68,68,68,68,66,47,68,60,60,60,16,16,37,33,54,9,55,55,24,61,61,44,6,24,24,24,39,39,10,30,20,38,0],"gold":204,"neow_bonus":"BOSS_RELIC","is_prod":false,"is_daily":false,"chose_seed":false,"campfire_upgraded":1,"win_rate":0,"timestamp":1549670413,"path_taken":["M","?","M","$","?","R","?","?","T","?","E","R","?","?","R","BOSS","M","?","?","?","M","E","R","M","T","?","E","$","R","M","R","BOSS","M","M","?","?","?","E","R","M","T","?","?","E","?","M","R","BOSS"],"build_version":"2019-01-23","purchased_purges":1,"victory":false,"max_hp_per_floor":[70,70,70,70,70,70,70,70,70,70,70,70,70,70,70,70,70,70,70,70,70,70,70,70,70,70,70,70,70,70,70,70,70,70,70,70,61,61,61,61,61,61,61,61,61,61,61,61,61,61],"card_choices":[{"not_picked":["Backstab","Backflip"],"picked":"Cloak And Dagger","floor":1},{"not_picked":["Escape Plan","Deflect"],"picked":"Skewer","floor":3},{"not_picked":["PiercingWail","Prepared"],"picked":"Caltrops","floor":5},{"not_picked":["Catalyst","Quick Slash"],"picked":"Well Laid Plans","floor":8},{"not_picked":["Prepared","Blade Dance"],"picked":"Underhanded Strike","floor":11},{"not_picked":["Well Laid Plans","Bouncing Flask"],"picked":"Underhanded Strike","floor":13},{"not_picked":["Burst","Venomology"],"picked":"Adrenaline","floor":16},{"not_picked":["Accuracy+1","Sucker Punch"],"picked":"Dagger Throw","floor":18},{"not_picked":["Skewer","Accuracy+1"],"picked":"Escape Plan+1","floor":19},{"not_picked":["Slice+1","Dagger Spray"],"picked":"Poisoned Stab","floor":22},{"not_picked":["Bouncing Flask","PiercingWail"],"picked":"Blade Dance+1","floor":23},{"not_picked":["Terror","Malaise"],"picked":"Crippling Poison","floor":25},{"not_picked":["Riddle With Holes","Cloak And Dagger"],"picked":"Noxious Fumes","floor":27},{"not_picked":["Dodge and Roll","Slice+1"],"picked":"Bouncing Flask+1","floor":28},{"not_picked":["Deadly Poison","Expertise+1"],"picked":"Deflect","floor":31},{"not_picked":["Phantasmal Killer","Corpse Explosion"],"picked":"Adrenaline","floor":33},{"not_picked":["Predator","Acrobatics"],"picked":"Backflip","floor":35},{"not_picked":["Leg Sweep","Sucker Punch+1"],"picked":"Cloak And Dagger","floor":36},{"not_picked":["Underhanded Strike+1","Quick Slash"],"picked":"Dagger Spray+1","floor":39},{"not_picked":["Predator","Well Laid Plans+1"],"picked":"Poisoned Stab+1","floor":40},{"not_picked":["All Out Attack","Poisoned Stab"],"picked":"Acrobatics","floor":42},{"not_picked":["Wraith Form v2","Corpse Explosion","Poisoned Stab","Well Laid Plans"],"picked":"SKIP","floor":46},{"not_picked":["Sucker Punch","Riddle With Holes+1","Outmaneuver","Acrobatics+1"],"picked":"SKIP","floor":47},{"not_picked":["Expertise+1","Acrobatics","Calculated Gamble+1"],"picked":"Choke+1","floor":48}],"player_experience":281106,"relics_obtained":[{"floor":8,"key":"Anchor"},{"floor":9,"key":"Tough Bandages"},{"floor":11,"key":"Mercury Hourglass"},{"floor":23,"key":"Dodecahedron"},{"floor":26,"key":"Darkstone Periapt"},{"floor":28,"key":"Bag of Preparation"},{"floor":39,"key":"Calipers"},{"floor":40,"key":"Snake Skull"},{"floor":43,"key":"Pen Nib"},{"floor":45,"key":"Question Card"},{"floor":46,"key":"Centennial Puzzle"}],"event_choices":[{"damage_healed":0,"gold_gain":0,"player_choice":"Forge","damage_taken":0,"max_hp_gain":0,"max_hp_loss":0,"event_name":"Accursed Blacksmith","floor":2,"gold_loss":0,"cards_upgraded":["Cloak And Dagger"]},{"damage_healed":0,"gold_gain":0,"player_choice":"Searched \u00271\u0027 times","damage_taken":0,"max_hp_gain":0,"max_hp_loss":0,"event_name":"Dead Adventurer","floor":8,"gold_loss":0},{"cards_removed":["Defend_G"],"damage_healed":0,"gold_gain":0,"player_choice":"Purged","damage_taken":0,"max_hp_gain":0,"max_hp_loss":0,"event_name":"Purifier","floor":14,"gold_loss":0},{"damage_healed":0,"gold_gain":0,"player_choice":"Obtained Relic","damage_taken":0,"relics_obtained":["Omamori"],"max_hp_gain":0,"max_hp_loss":0,"event_name":"Addict","floor":20,"gold_loss":85},{"damage_healed":0,"gold_gain":0,"player_choice":"Copied","damage_taken":0,"max_hp_gain":0,"max_hp_loss":0,"event_name":"Duplicator","floor":21,"gold_loss":0,"cards_obtained":["Cloak And Dagger"]},{"damage_healed":61,"gold_gain":0,"player_choice":"Heal","damage_taken":0,"max_hp_gain":0,"max_hp_loss":9,"event_name":"The Moai Head","floor":37,"gold_loss":0},{"damage_healed":0,"gold_gain":0,"player_choice":"Paid","damage_taken":0,"relics_obtained":["Red Mask"],"max_hp_gain":0,"max_hp_loss":0,"event_name":"Tomb of Lord Red Mask","floor":38,"gold_loss":192},{"damage_healed":0,"gold_gain":0,"player_choice":"Fight","damage_taken":0,"max_hp_gain":0,"max_hp_loss":0,"event_name":"Mysterious Sphere","floor":39,"gold_loss":0},{"damage_healed":15,"gold_gain":0,"player_choice":"Writhe","damage_taken":0,"max_hp_gain":0,"max_hp_loss":0,"event_name":"Winding Halls","floor":44,"gold_loss":0,"cards_obtained":["Writhe"]}],"is_beta":false,"boss_relics":[{"not_picked":["Runic Pyramid","Fusion Hammer"],"picked":"Pandora\u0027s Box"},{"not_picked":["Snecko Eye","Busted Crown"],"picked":"Lizard Tail"}],"items_purged_floors":[10],"is_endless":false,"potions_floor_spawned":[1,5,13,16,25,27,31,33,35,40,46],"killed_by":"Time Eater","ascension_level":6}