{"gold_per_floor":[111,111,186,186,197,231,231,257,257,257,267,267,68,68,68,173,173,184,284,304,51,151,151,178,178,247,258,273,65,81,114,114,209,209,223,28,48,48,65,90,90,108,108,140,159,191,45,56,56,56],"floor_reached":51,"playtime":5648,"items_purged":["Eviscerate"],"score":965,"play_id":"17202a18-dfb0-4bd9-b0bc-a9da8ec62d0c","local_time":"20190121221852","is_ascension_mode":true,"campfire_choices":[{"data":"A Thousand Cuts","floor":7,"key":"SMITH"},{"floor":10,"key":"REST"},{"data":"Neutralize","floor":12,"key":"SMITH"},{"floor":15,"key":"REST"},{"floor":23,"key":"REST"},{"floor":25,"key":"REST"},{"floor":32,"key":"REST"},{"floor":41,"key":"REST"},{"floor":49,"key":"REST"}],"neow_cost":"NONE","seed_source_timestamp":808989854060684,"circlet_count":0,"master_deck":["Survivor","Neutralize+1","Acrobatics","Distraction","A Thousand Cuts+1","Accuracy","Poisoned Stab","After Image","Setup","Storm of Steel","Flying Knee","Envenom+1","Dagger Throw","Finisher","Malaise","Skewer","Riddle With Holes","Backflip","Deflect+1","Dagger Throw","Infinite Blades+1","Deflect+1","Sucker Punch+1","Dash+1","Noxious Fumes+1","Quick Slash+1","Prepared","Escape Plan+1","Dodge and Roll","Cloak And Dagger+1"],"relics":["Ring of the Snake","NeowsBlessing","Ninja Scroll","Shuriken","Lantern","Dodecahedron","TwistedFunnel","Pandora\u0027s Box","Dead Branch","Pantograph","Paper Crane","Letter Opener","Meat on the Bone","HandDrill","Tough Bandages","WristBlade","Lee\u0027s Waffle","Unceasing Top","Bottled Tornado","Strawberry","Bag of Marbles"],"potions_floor_usage":[16,33,40,50,50,50],"damage_taken":[{"damage":0,"enemies":"Jaw Worm","floor":1,"turns":1},{"damage":0,"enemies":"2 Louse","floor":5,"turns":1},{"damage":0,"enemies":"3 Sentries","floor":6,"turns":1},{"damage":22,"enemies":"Lagavulin","floor":8,"turns":6},{"damage":0,"enemies":"Small Slimes","floor":11,"turns":1},{"damage":19,"enemies":"The Guardian","floor":16,"turns":10},{"damage":0,"enemies":"Spheric Guardian","floor":18,"turns":2},{"damage":10,"enemies":"Colosseum Slavers","floor":19,"turns":3},{"damage":23,"enemies":"Colosseum Nobs","floor":19,"turns":4},{"damage":0,"enemies":"3 Byrds","floor":20,"turns":3},{"damage":61,"enemies":"Book of Stabbing","floor":24,"turns":7},{"damage":0,"enemies":"3 Cultists","floor":27,"turns":3},{"damage":10,"enemies":"Shelled Parasite and Fungi","floor":28,"turns":4},{"damage":6,"enemies":"Cultist and Chosen","floor":30,"turns":3},{"damage":3,"enemies":"Gremlin Leader","floor":31,"turns":4},{"damage":29,"enemies":"Collector","floor":33,"turns":7},{"damage":16,"enemies":"Orb Walker","floor":35,"turns":2},{"damage":15,"enemies":"3 Shapes","floor":37,"turns":7},{"damage":14,"enemies":"Writhing Mass","floor":39,"turns":4},{"damage":23,"enemies":"Giant Head","floor":40,"turns":7},{"damage":0,"enemies":"Maw","floor":42,"turns":4},{"damage":17,"enemies":"Reptomancer","floor":44,"turns":4},{"damage":17,"enemies":"3 Darklings","floor":45,"turns":4},{"damage":0,"enemies":"Nemesis","floor":46,"turns":7},{"damage":0,"enemies":"Transient","floor":48,"turns":5},{"damage":25,"enemies":"Time Eater","floor":50,"turns":9}],"seed_played":"-5895169022989639588","potions_obtained":[{"floor":5,"key":"SkillPotion"},{"floor":20,"key":"Strength Potion"},{"floor":30,"key":"GhostInAJar"},{"floor":33,"key":"FearPotion"},{"floor":37,"key":"GhostInAJar"}],"is_trial":false,"path_per_floor":["M","?","?","?","M","E","R","E","T","R","M","R","$","$","R","B",null,"M","?","M","$","?","R","E","R","T","M","M","$","M","E","R","B",null,"M","$","M","?","M","E","R","M","T","E","M","E","$","M","R","B",null],"character_chosen":"THE_SILENT","items_purchased":["TwistedFunnel","Paper Crane","HandDrill","Lee\u0027s Waffle","LiquidBronze"],"campfire_rested":7,"item_purchase_floors":[13,21,29,36,47],"current_hp_per_floor":[70,75,64,61,61,61,61,39,39,61,61,61,61,61,75,56,75,75,42,42,42,42,64,3,25,25,37,39,39,45,42,64,46,75,59,82,67,67,53,42,66,66,66,56,51,51,51,51,77,64],"gold":56,"neow_bonus":"THREE_ENEMY_KILL","is_prod":false,"is_daily":false,"chose_seed":false,"campfire_upgraded":2,"win_rate":0,"timestamp":1548137932,"path_taken":["M","?","?","?","M","E","R","E","T","R","M","R","?","$","R","BOSS","M","?","M","$","?","R","E","R","T","M","M","$","?","E","R","BOSS","M","$","?","?","M","E","R","M","T","E","?","E","?","M","R","BOSS"],"build_version":"2019-01-17v2","purchased_purges":1,"victory":true,"max_hp_per_floor":[70,75,75,75,75,75,75,75,75,75,75,75,75,75,75,75,75,75,75,75,75,75,75,75,75,75,75,75,75,75,75,75,75,75,75,82,82,82,82,82,82,82,82,89,89,89,89,89,89,89],"card_choices":[{"not_picked":["Deflect","Prepared"],"picked":"Acrobatics","floor":1},{"not_picked":["Underhanded Strike","Grand Finale"],"picked":"Distraction","floor":5},{"not_picked":["Eviscerate","Dagger Throw"],"picked":"A Thousand Cuts","floor":6},{"not_picked":["Blade Dance","All Out Attack"],"picked":"Accuracy","floor":8},{"not_picked":["Outmaneuver","Bane"],"picked":"Poisoned Stab","floor":11},{"not_picked":["Burst","Glass Knife"],"picked":"After Image","floor":16},{"not_picked":["Acrobatics","Dagger Spray+1"],"picked":"Backflip","floor":18},{"not_picked":["Infinite Blades","Setup+1"],"picked":"Deflect+1","floor":19},{"not_picked":["Footwork","All Out Attack+1"],"picked":"Dagger Throw","floor":20},{"not_picked":["Envenom","Calculated Gamble","Infinite Blades"],"picked":"SKIP","floor":24},{"not_picked":["Underhanded Strike","Predator"],"picked":"Infinite Blades+1","floor":27},{"not_picked":["Choke","Predator"],"picked":"Deflect+1","floor":28},{"not_picked":["Cloak And Dagger","Dagger Spray"],"picked":"Sucker Punch+1","floor":30},{"not_picked":["Expertise","Envenom"],"picked":"Dash+1","floor":31},{"not_picked":["Flying Knee+1","Tactician"],"picked":"Noxious Fumes+1","floor":35},{"not_picked":["All Out Attack+1","Riddle With Holes"],"picked":"Quick Slash+1","floor":37},{"not_picked":["Concentrate+1","Dodge and Roll+1"],"picked":"Prepared","floor":39},{"not_picked":["Outmaneuver+1","Choke","Blade Dance+1"],"picked":"SKIP","floor":40},{"not_picked":["Blade Dance+1","Backstab+1","Dagger Throw"],"picked":"SKIP","floor":42},{"not_picked":["Dodge and Roll","Infinite Blades"],"picked":"Escape Plan+1","floor":44},{"not_picked":["Bouncing Flask","Concentrate","Terror"],"picked":"SKIP","floor":45},{"not_picked":["Sucker Punch+1","Blur"],"picked":"Dodge and Roll","floor":46},{"not_picked":["Flying Knee","Heel Hook"],"picked":"Cloak And Dagger+1","floor":48}],"player_experience":190354,"relics_obtained":[{"floor":6,"key":"Shuriken"},{"floor":8,"key":"Lantern"},{"floor":9,"key":"Dodecahedron"},{"floor":19,"key":"Dead Branch"},{"floor":19,"key":"Pantograph"},{"floor":24,"key":"Letter Opener"},{"floor":26,"key":"Meat on the Bone"},{"floor":31,"key":"Tough Bandages"},{"floor":40,"key":"Unceasing Top"},{"floor":43,"key":"Bottled Tornado"},{"floor":44,"key":"Strawberry"},{"floor":46,"key":"Bag of Marbles"}],"event_choices":[{"damage_healed":0,"gold_gain":0,"player_choice":"Donut","damage_taken":0,"max_hp_gain":5,"max_hp_loss":0,"event_name":"Big Fish","floor":2,"gold_loss":0},{"damage_healed":0,"gold_gain":75,"player_choice":"Gather Gold","damage_taken":11,"max_hp_gain":0,"max_hp_loss":0,"event_name":"World of Goop","floor":3,"gold_loss":0},{"damage_healed":0,"gold_gain":0,"player_choice":"Success","damage_taken":3,"relics_obtained":["Ninja Scroll"],"max_hp_gain":0,"max_hp_loss":0,"event_name":"Scrap Ooze","floor":4,"gold_loss":0},{"damage_healed":0,"gold_gain":0,"player_choice":"Fight","damage_taken":0,"max_hp_gain":0,"max_hp_loss":0,"event_name":"Colosseum","floor":19,"gold_loss":0},{"damage_healed":0,"gold_gain":0,"player_choice":"Fought Nobs","damage_taken":0,"max_hp_gain":0,"max_hp_loss":0,"event_name":"Colosseum","floor":19,"gold_loss":0},{"damage_healed":0,"gold_gain":100,"player_choice":"Pray","damage_taken":0,"max_hp_gain":0,"max_hp_loss":0,"event_name":"Golden Shrine","floor":22,"gold_loss":0},{"damage_healed":0,"gold_gain":0,"player_choice":"Upgraded","damage_taken":0,"max_hp_gain":0,"max_hp_loss":0,"event_name":"Upgrade Shrine","floor":38,"gold_loss":0,"cards_upgraded":["Envenom"]}],"is_beta":false,"boss_relics":[{"not_picked":["Sozu","White Beast Statue"],"picked":"Pandora\u0027s Box"},{"not_picked":["Lizard Tail","Empty Cage"],"picked":"WristBlade"}],"items_purged_floors":[47],"is_endless":false,"potions_floor_spawned":[5,20,30,33,37,48],"ascension_level":4}