{"gold_per_floor":[111,111,125,136,136,136,148,148,148,178,103,122,122,155,167,278,290,312,337,349,381,412,424,436,462,474,486,515,60,86,86,86,183,183,193,193,16,28,48,48,65,78,102,102,0,0,0,0,0,0],"floor_reached":51,"playtime":2107,"items_purged":["Strike_G","Defend_G","Writhe"],"score":829,"play_id":"d11d726d-5a09-4923-b19f-42ecc2304b9a","local_time":"20190128032119","is_ascension_mode":true,"campfire_choices":[{"data":"Footwork","floor":6,"key":"SMITH"},{"data":"Predator","floor":8,"key":"SMITH"},{"data":"Caltrops","floor":13,"key":"SMITH"},{"data":"Well Laid Plans","floor":15,"key":"SMITH"},{"floor":23,"key":"REST"},{"floor":27,"key":"REST"},{"floor":32,"key":"REST"},{"floor":40,"key":"REST"},{"floor":44,"key":"REST"},{"floor":47,"key":"REST"},{"floor":49,"key":"RECALL"}],"neow_cost":"CURSE","seed_source_timestamp":571828961026461,"circlet_count":0,"master_deck":["Defend_G+1","Defend_G+1","Defend_G+1","Defend_G+1","Strike_G+1","Strike_G+1","Strike_G+1","Strike_G+1","Survivor+1","Neutralize+1","Footwork+1","Predator+1","Caltrops+1","Backflip+1","Catalyst+1","A Thousand Cuts+1","Well Laid Plans+1","Envenom+1","Outmaneuver+1","Deadly Poison+1","Deadly Poison+1","Bouncing Flask+1","Footwork+1","Cloak And Dagger+1","Malaise+1","Caltrops+1","Backflip+1","Blade Dance+1"],"relics":["Ring of the Snake","StoneCalendar","CultistMask","Shuriken","Kunai","MawBank","Fusion Hammer","Enchiridion","Matryoshka","Membership Card","Vajra","Bronze Scales","Ancient Tea Set","Sozu","Blood Vial","Toxic Egg 2","Potion Belt","Red Mask","Mark of the Bloom"],"potions_floor_usage":[7,16,21,22,30,30,33,42],"damage_taken":[{"damage":0,"enemies":"2 Louse","floor":1,"turns":4},{"damage":3,"enemies":"Cultist","floor":3,"turns":5},{"damage":0,"enemies":"Jaw Worm","floor":4,"turns":5},{"damage":0,"enemies":"3 Louse","floor":7,"turns":3},{"damage":0,"enemies":"Lagavulin","floor":10,"turns":7},{"damage":0,"enemies":"Blue Slaver","floor":12,"turns":5},{"damage":5,"enemies":"3 Sentries","floor":14,"turns":7},{"damage":17,"enemies":"Slime Boss","floor":16,"turns":8},{"damage":14,"enemies":"Spheric Guardian","floor":18,"turns":7},{"damage":1,"enemies":"Shell Parasite","floor":19,"turns":7},{"damage":4,"enemies":"Cultist and Chosen","floor":21,"turns":7},{"damage":16,"enemies":"Snake Plant","floor":22,"turns":4},{"damage":2,"enemies":"Centurion and Healer","floor":25,"turns":7},{"damage":43,"enemies":"Shelled Parasite and Fungi","floor":28,"turns":4},{"damage":18,"enemies":"Gremlin Leader","floor":30,"turns":4},{"damage":17,"enemies":"Collector","floor":33,"turns":7},{"damage":29,"enemies":"3 Darklings","floor":35,"turns":6},{"damage":0,"enemies":"3 Shapes","floor":38,"turns":5},{"damage":10,"enemies":"Writhing Mass","floor":39,"turns":5},{"damage":16,"enemies":"3 Darklings","floor":41,"turns":4},{"damage":10,"enemies":"Maw","floor":42,"turns":6},{"damage":45,"enemies":"Awakened One","floor":50,"turns":12}],"seed_played":"5445047981875960602","potions_obtained":[{"floor":4,"key":"Energy Potion"},{"floor":7,"key":"PowerPotion"},{"floor":12,"key":"Regen Potion"},{"floor":14,"key":"PowerPotion"},{"floor":16,"key":"Swift Potion"},{"floor":18,"key":"Fire Potion"},{"floor":22,"key":"Weak Potion"},{"floor":30,"key":"Energy Potion"}],"is_trial":false,"path_per_floor":["M","?","M","M","?","R","M","R","T","E","$","M","R","E","R","B",null,"M","M","?","M","M","R","$","M","T","R","M","$","E","?","R","B",null,"M","?","$","M","M","R","M","M","T","R","?","$","R","?","R","B",null],"character_chosen":"THE_SILENT","items_purchased":["Membership Card","Vajra","Bronze Scales","Regen Potion","Footwork","Blood Vial","Malaise"],"campfire_rested":6,"item_purchase_floors":[29,29,29,29,29,37,37],"current_hp_per_floor":[70,70,67,67,67,67,67,67,67,67,67,67,67,62,62,45,70,56,55,39,50,34,55,55,53,53,70,27,27,23,23,44,27,70,41,59,59,61,53,70,54,46,46,67,67,67,70,70,70,25],"gold":0,"neow_bonus":"ONE_RARE_RELIC","is_prod":false,"is_daily":false,"chose_seed":false,"campfire_upgraded":4,"win_rate":0,"timestamp":1548638479,"path_taken":["M","?","?","M","?","R","?","R","T","E","$","M","R","E","R","BOSS","M","M","?","M","M","R","$","M","T","R","M","$","E","?","R","BOSS","M","?","$","M","M","R","M","M","T","R","?","$","R","?","R","BOSS"],"build_version":"2019-01-23","purchased_purges":3,"victory":true,"max_hp_per_floor":[70,70,70,70,70,70,70,70,70,70,70,70,70,70,70,70,70,70,70,70,70,70,70,70,70,70,70,70,70,70,70,70,70,70,70,70,70,70,70,70,70,70,70,70,70,70,70,70,70,70],"card_choices":[{"not_picked":["Acrobatics","Poisoned Stab"],"picked":"Footwork","floor":1},{"not_picked":["PiercingWail","Backflip"],"picked":"Predator","floor":3},{"not_picked":["Sucker Punch","Blade Dance"],"picked":"Caltrops","floor":4},{"not_picked":["Cloak And Dagger","Footwork"],"picked":"Backflip","floor":7},{"not_picked":["Dagger Throw","Caltrops"],"picked":"Catalyst","floor":10},{"not_picked":["Flying Knee","Deflect"],"picked":"A Thousand Cuts","floor":12},{"not_picked":["Dagger Spray","Prepared"],"picked":"Well Laid Plans","floor":14},{"not_picked":["Phantasmal Killer","Storm of Steel"],"picked":"Envenom","floor":16},{"not_picked":["Poisoned Stab","Well Laid Plans"],"picked":"Outmaneuver+1","floor":18},{"not_picked":["Reflex","Flechettes"],"picked":"Deadly Poison+1","floor":19},{"not_picked":["Sucker Punch","Dagger Spray"],"picked":"Deadly Poison+1","floor":21},{"not_picked":["Expertise","Calculated Gamble","Underhanded Strike"],"picked":"SKIP","floor":22},{"not_picked":["Bane+1","Dodge and Roll"],"picked":"Bouncing Flask","floor":25},{"not_picked":["Expertise","Dodge and Roll","Choke"],"picked":"SKIP","floor":28},{"not_picked":["Slice","Dagger Throw","Well Laid Plans"],"picked":"SKIP","floor":30},{"not_picked":["Poisoned Stab","Flying Knee"],"picked":"Cloak And Dagger+1","floor":35},{"not_picked":["Outmaneuver+1","Flying Knee+1"],"picked":"Caltrops","floor":38},{"not_picked":["Dagger Spray+1","Underhanded Strike+1"],"picked":"Backflip","floor":39},{"not_picked":["Outmaneuver","Reflex","Setup"],"picked":"SKIP","floor":41},{"not_picked":["Deadly Poison+1","Outmaneuver+1"],"picked":"Blade Dance+1","floor":42}],"player_experience":128070,"relics_obtained":[{"floor":9,"key":"Shuriken"},{"floor":10,"key":"Kunai"},{"floor":14,"key":"MawBank"},{"floor":20,"key":"Enchiridion"},{"floor":26,"key":"Matryoshka"},{"floor":30,"key":"Ancient Tea Set"},{"floor":43,"key":"Toxic Egg 2"},{"floor":43,"key":"Potion Belt"}],"event_choices":[{"damage_healed":0,"gold_gain":0,"player_choice":"Trade","damage_taken":0,"relics_obtained":["CultistMask"],"max_hp_gain":0,"max_hp_loss":0,"event_name":"FaceTrader","floor":2,"gold_loss":0},{"cards_removed":["Injury"],"damage_healed":0,"gold_gain":0,"player_choice":"Removed Curses","damage_taken":0,"max_hp_gain":0,"max_hp_loss":0,"event_name":"Fountain of Cleansing","floor":5,"gold_loss":0},{"damage_healed":0,"gold_gain":0,"player_choice":"Obtained Book","damage_taken":16,"max_hp_gain":0,"max_hp_loss":0,"event_name":"Cursed Tome","floor":20,"gold_loss":0},{"damage_healed":0,"gold_gain":0,"player_choice":"Ignored","damage_taken":0,"max_hp_gain":0,"max_hp_loss":0,"event_name":"Ghosts","floor":31,"gold_loss":0},{"damage_healed":18,"gold_gain":0,"player_choice":"Writhe","damage_taken":0,"max_hp_gain":0,"max_hp_loss":0,"event_name":"Winding Halls","floor":36,"gold_loss":0,"cards_obtained":["Writhe"]},{"damage_healed":0,"gold_gain":0,"player_choice":"Paid","damage_taken":0,"relics_obtained":["Red Mask"],"max_hp_gain":0,"max_hp_loss":0,"event_name":"Tomb of Lord Red Mask","floor":45,"gold_loss":102},{"damage_healed":0,"gold_gain":0,"player_choice":"Upgrade","damage_taken":0,"relics_obtained":["Mark of the Bloom"],"max_hp_gain":0,"max_hp_loss":0,"event_name":"MindBloom","floor":48,"gold_loss":0,"cards_upgraded":["Defend_G","Defend_G","Defend_G","Defend_G","Strike_G","Strike_G","Strike_G","Strike_G","Survivor","Neutralize","Backflip","Catalyst","A Thousand Cuts","Envenom","Bouncing Flask","Footwork","Malaise","Caltrops","Backflip"]}],"is_beta":false,"boss_relics":[{"not_picked":["Empty Cage","Coffee Dripper"],"picked":"Fusion Hammer"},{"not_picked":["Black Star","Eternal Feather"],"picked":"Sozu"}],"items_purged_floors":[11,29,37],"is_endless":false,"potions_floor_spawned":[4,7,12,14,16,18,19,22,30,38,39,42],"ascension_level":3}