{"gold_per_floor":[20,36,36,57,72,72,110,110,110,130,146,146,165,145,145,264,264,288,288,288],"floor_reached":20,"playtime":2872,"items_purged":[],"score":211,"play_id":"ca793f47-19dc-47af-aea8-8e4eb19cccd8","local_time":"20190225230201","is_ascension_mode":true,"campfire_choices":[{"data":"Zap","floor":6,"key":"SMITH"},{"floor":8,"key":"REST"},{"floor":12,"key":"REST"},{"floor":15,"key":"REST"}],"neow_cost":"NO_GOLD","seed_source_timestamp":714378099255497,"circlet_count":0,"master_deck":["Strike_B","Strike_B","Strike_B","Strike_B","Defend_B","Defend_B","Defend_B","Defend_B","Zap+1","Dualcast","Buffer","Steam","Hello World","Leap","Genetic Algorithm","Capacitor","Go for the Eyes","Beam Cell","Defragment","Seek","Ball Lightning"],"relics":["Cracked Core","Golden Idol","Blue Candle","Bottled Lightning","Cursed Key"],"potions_floor_usage":[7,16,16,16],"damage_taken":[{"damage":4,"enemies":"Jaw Worm","floor":1,"turns":4},{"damage":0,"enemies":"Small Slimes","floor":2,"turns":3},{"damage":4,"enemies":"2 Louse","floor":4,"turns":4},{"damage":3,"enemies":"Looter","floor":5,"turns":4},{"damage":35,"enemies":"3 Sentries","floor":7,"turns":9},{"damage":9,"enemies":"2 Fungi Beasts","floor":10,"turns":4},{"damage":0,"enemies":"Red Slaver","floor":11,"turns":4},{"damage":20,"enemies":"Lots of Slimes","floor":13,"turns":5},{"damage":28,"enemies":"The Guardian","floor":16,"turns":15},{"damage":5,"enemies":"Shell Parasite","floor":18,"turns":7},{"damage":17,"enemies":"Colosseum Slavers","floor":20,"turns":6},{"damage":54,"enemies":"Colosseum Nobs","floor":20,"turns":4}],"seed_played":"6068204906994515020","potions_obtained":[{"floor":5,"key":"Ancient Potion"},{"floor":10,"key":"LiquidBronze"},{"floor":11,"key":"Regen Potion"},{"floor":13,"key":"Weak Potion"}],"is_trial":false,"path_per_floor":["M","M","?","M","M","R","E","R","T","M","M","R","M","?","R","B",null,"M","?","?"],"character_chosen":"DEFECT","items_purchased":[],"campfire_rested":3,"item_purchase_floors":[],"current_hp_per_floor":[71,71,53,49,46,46,11,33,33,24,24,46,26,26,48,35,75,70,70,0],"gold":288,"neow_bonus":"THREE_RARE_CARDS","is_prod":false,"is_daily":false,"chose_seed":false,"campfire_upgraded":1,"win_rate":0,"timestamp":1551153721,"path_taken":["M","M","?","M","M","R","E","R","T","M","M","R","M","?","R","BOSS","M","?","?"],"build_version":"2019-01-23","purchased_purges":0,"victory":false,"max_hp_per_floor":[75,75,75,75,75,75,75,75,75,75,75,75,75,75,75,75,75,75,75,75],"card_choices":[{"not_picked":["Seek","Reboot"],"picked":"Buffer","floor":0},{"not_picked":["Streamline","Redo"],"picked":"Steam","floor":1},{"not_picked":["Sweeping Beam","Beam Cell"],"picked":"Hello World","floor":2},{"not_picked":["Loop","Steam"],"picked":"Leap","floor":4},{"not_picked":["Scrape","Reinforced Body"],"picked":"Genetic Algorithm","floor":5},{"not_picked":["Sweeping Beam","Stack"],"picked":"Capacitor","floor":7},{"not_picked":["Static Discharge","Conserve Battery"],"picked":"Go for the Eyes","floor":10},{"not_picked":["Fission","Conserve Battery"],"picked":"Beam Cell","floor":11},{"not_picked":["Barrage","Hello World"],"picked":"Defragment","floor":13},{"not_picked":["Thunder Strike","Amplify"],"picked":"Seek","floor":16},{"not_picked":["Skim","Gash"],"picked":"Ball Lightning","floor":18}],"player_experience":312755,"relics_obtained":[{"floor":7,"key":"Blue Candle"},{"floor":9,"key":"Bottled Lightning"}],"event_choices":[{"damage_healed":0,"gold_gain":0,"player_choice":"Take Damage","damage_taken":18,"relics_obtained":["Golden Idol"],"max_hp_gain":0,"max_hp_loss":0,"event_name":"Golden Idol","floor":3,"gold_loss":0},{"damage_healed":0,"gold_gain":0,"player_choice":"Left Gold","damage_taken":0,"max_hp_gain":0,"max_hp_loss":0,"event_name":"World of Goop","floor":14,"gold_loss":20},{"damage_healed":0,"gold_gain":0,"player_choice":"Ignored","damage_taken":0,"max_hp_gain":0,"max_hp_loss":0,"event_name":"Ghosts","floor":19,"gold_loss":0},{"damage_healed":0,"gold_gain":0,"player_choice":"Fight","damage_taken":0,"max_hp_gain":0,"max_hp_loss":0,"event_name":"Colosseum","floor":20,"gold_loss":0},{"damage_healed":0,"gold_gain":0,"player_choice":"Fought Nobs","damage_taken":0,"max_hp_gain":0,"max_hp_loss":0,"event_name":"Colosseum","floor":20,"gold_loss":0}],"is_beta":false,"boss_relics":[{"not_picked":["Velvet Choker","Eternal Feather"],"picked":"Cursed Key"}],"items_purged_floors":[],"is_endless":false,"potions_floor_spawned":[5,10,11,13,20],"killed_by":"Colosseum Nobs","ascension_level":4}