{"gold_per_floor":[116,291,307,307,321,355,355,375,426,99,113,130,130,130,130,230,230,230],"floor_reached":18,"playtime":772,"items_purged":["Doubt"],"score":203,"play_id":"ba167af9-d401-46d8-8702-dbdce73e70dc","local_time":"20190215022044","is_ascension_mode":true,"campfire_choices":[{"data":"Zap","floor":7,"key":"SMITH"},{"data":"Loop","floor":13,"key":"SMITH"},{"data":"Go for the Eyes","floor":15,"key":"SMITH"}],"neow_cost":"NONE","seed_source_timestamp":1408167633812700,"circlet_count":0,"master_deck":["Strike_B","Defend_B","Defend_B","Defend_B","Defend_B","Zap+1","Dualcast","Self Repair","Go for the Eyes","Loop+1","Ball Lightning","Chill","Go for the Eyes+1","Capacitor","Buffer","Machine Learning+1","Genetic Algorithm+1","Force Field+1"],"relics":["Cracked Core","NeowsBlessing","Shuriken","Molten Egg 2","Astrolabe"],"potions_floor_usage":[],"damage_taken":[{"damage":0,"enemies":"Small Slimes","floor":1,"turns":1},{"damage":0,"enemies":"2 Louse","floor":3,"turns":1},{"damage":0,"enemies":"Cultist","floor":5,"turns":1},{"damage":40,"enemies":"3 Sentries","floor":6,"turns":7},{"damage":8,"enemies":"Red Slaver","floor":8,"turns":3},{"damage":8,"enemies":"3 Louse","floor":11,"turns":3},{"damage":1,"enemies":"Looter","floor":12,"turns":2},{"damage":24,"enemies":"Slime Boss","floor":16,"turns":11},{"damage":0,"enemies":"Spheric Guardian","floor":18,"turns":3}],"seed_played":"2843868038924007677","potions_obtained":[{"floor":1,"key":"PowerPotion"},{"floor":3,"key":"FearPotion"},{"floor":6,"key":"Dexterity Potion"}],"is_trial":false,"path_per_floor":["M","?","M","?","M","E","R","M","T","$","M","M","R","$","R","B",null,"M"],"character_chosen":"DEFECT","items_purchased":["Molten Egg 2"],"campfire_rested":0,"item_purchase_floors":[10],"current_hp_per_floor":[75,75,75,75,75,42,42,34,34,34,33,39,39,39,39,22,62,62],"gold":230,"neow_bonus":"THREE_ENEMY_KILL","is_prod":false,"is_daily":false,"chose_seed":false,"campfire_upgraded":3,"win_rate":0,"timestamp":1550193644,"path_taken":["M","?","M","?","?","E","R","M","T","$","M","M","R","?","R","BOSS","M"],"build_version":"2019-01-23","purchased_purges":1,"victory":false,"max_hp_per_floor":[75,75,75,75,75,75,75,75,75,75,75,75,75,75,75,75,75,75],"card_choices":[{"not_picked":["Chill","Redo"],"picked":"Self Repair","floor":1},{"not_picked":["Beam Cell","Reprogram"],"picked":"Go for the Eyes","floor":3},{"not_picked":["Gash","Redo"],"picked":"Ball Lightning","floor":5},{"not_picked":["Consume","Fusion"],"picked":"Chill","floor":6},{"not_picked":["Storm","Hyperbeam"],"picked":"Go for the Eyes","floor":8},{"not_picked":["Stack","Hologram"],"picked":"Capacitor","floor":11},{"not_picked":["Gash+1","Barrage+1","Aggregate"],"picked":"SKIP","floor":12},{"not_picked":["Meteor Strike+1","All For One+1"],"picked":"Buffer","floor":16}],"player_experience":174132,"relics_obtained":[{"floor":6,"key":"Shuriken"}],"event_choices":[{"damage_healed":0,"gold_gain":175,"player_choice":"AGREE","damage_taken":0,"max_hp_gain":0,"max_hp_loss":0,"event_name":"Liars Game","floor":2,"gold_loss":0,"cards_obtained":["Doubt"]},{"damage_healed":0,"gold_gain":0,"player_choice":"1 cards matched","damage_taken":0,"max_hp_gain":0,"max_hp_loss":0,"event_name":"Match and Keep!","floor":4,"gold_loss":0,"cards_obtained":["Loop"]}],"is_beta":false,"boss_relics":[{"not_picked":["Lizard Tail","White Beast Statue"],"picked":"Astrolabe"}],"items_purged_floors":[10],"is_endless":false,"potions_floor_spawned":[1,3,6],"killed_by":"Spheric Guardian","ascension_level":5}