{"gold_per_floor":[13,32,32,47,61,61,88,88,134,134,59,120,120,130,130,226,226,226,166,166,81,81,81,81,81,81,81,81,81,81],"floor_reached":30,"playtime":16272,"items_purged":[],"score":250,"play_id":"cc25b005-aaf6-4ee2-9b92-4bd287084709","local_time":"20190212182846","is_ascension_mode":false,"campfire_choices":[{"data":"Dualcast","floor":6,"key":"SMITH"},{"floor":8,"key":"REST"},{"data":"Lockon","floor":10,"key":"SMITH"},{"floor":15,"key":"REST"},{"floor":23,"key":"REST"},{"floor":25,"key":"REST"}],"neow_cost":"NO_GOLD","seed_source_timestamp":1803374502361184,"circlet_count":0,"master_deck":["Strike_B","Strike_B+1","Strike_B+1","Strike_B","Defend_B","Defend_B","Defend_B","Defend_B","Zap","Dualcast+1","Sweeping Beam+1","Lockon+1","Reprogram","Conserve Battery+1","Genetic Algorithm","Chaos","Sunder","Streamline","Self Repair","Coolheaded+1","Amplify","Coolheaded","Streamline+1","Rebound+1","Tempest","Leap+1"],"relics":["Cracked Core","Bottled Flame","Vajra","Whetstone","Ectoplasm","Unceasing Top","Molten Egg 2","Darkstone Periapt","Bronze Scales","PreservedInsect"],"potions_floor_usage":[5,12,14,16,20,20,28,30],"damage_taken":[{"damage":0,"enemies":"2 Louse","floor":1,"turns":2},{"damage":0,"enemies":"Cultist","floor":2,"turns":3},{"damage":1,"enemies":"Jaw Worm","floor":4,"turns":2},{"damage":8,"enemies":"Large Slime","floor":5,"turns":4},{"damage":34,"enemies":"Lagavulin","floor":7,"turns":8},{"damage":10,"enemies":"3 Sentries","floor":12,"turns":5},{"damage":0,"enemies":"Lots of Slimes","floor":14,"turns":4},{"damage":27,"enemies":"The Guardian","floor":16,"turns":10},{"damage":24,"enemies":"3 Byrds","floor":18,"turns":4},{"damage":26,"enemies":"2 Thieves","floor":19,"turns":5},{"damage":33,"enemies":"Colosseum Slavers","floor":20,"turns":5},{"damage":27,"enemies":"Colosseum Nobs","floor":20,"turns":5},{"damage":36,"enemies":"Gremlin Leader","floor":24,"turns":8},{"damage":11,"enemies":"Snecko","floor":27,"turns":5},{"damage":15,"enemies":"Centurion and Healer","floor":28,"turns":6},{"damage":17,"enemies":"3 Cultists","floor":29,"turns":5},{"damage":22,"enemies":"Snecko","floor":30,"turns":5}],"seed_played":"-1255203408320374286","potions_obtained":[{"floor":2,"key":"Swift Potion"},{"floor":3,"key":"Regen Potion"},{"floor":3,"key":"Fire Potion"},{"floor":5,"key":"Swift Potion"},{"floor":7,"key":"Explosive Potion"},{"floor":16,"key":"Regen Potion"},{"floor":19,"key":"LiquidBronze"},{"floor":24,"key":"Poison Potion"},{"floor":28,"key":"Swift Potion"}],"is_trial":false,"path_per_floor":["M","M","?","M","M","R","E","R","T","R","$","?","?","M","R","B",null,"M","M","?","?","?","R","E","R","T","M","M","M","M"],"character_chosen":"DEFECT","items_purchased":["Chaos"],"campfire_rested":4,"item_purchase_floors":[11],"current_hp_per_floor":[89,89,89,88,80,80,46,72,72,72,72,62,44,56,82,55,89,65,46,14,14,14,40,18,44,44,40,32,22,0],"gold":81,"neow_bonus":"TWENTY_PERCENT_HP_BONUS","is_prod":false,"is_daily":false,"chose_seed":false,"campfire_upgraded":2,"win_rate":0,"timestamp":1550014126,"path_taken":["M","M","?","M","M","R","E","R","T","R","?","?","?","M","R","BOSS","M","M","?","?","?","R","E","R","T","?","?","M","?"],"build_version":"2019-01-23","purchased_purges":0,"victory":false,"max_hp_per_floor":[89,89,89,89,89,89,89,89,89,89,89,89,89,89,89,89,89,89,89,89,89,89,89,89,89,89,89,89,89,89],"card_choices":[{"not_picked":["Rebound","Barrage"],"picked":"Sweeping Beam","floor":1},{"not_picked":["Hologram","Skim"],"picked":"Lockon","floor":2},{"not_picked":["Ball Lightning","Conserve Battery"],"picked":"Reprogram","floor":4},{"not_picked":["Darkness","Undo"],"picked":"Conserve Battery","floor":5},{"not_picked":["Coolheaded","Gash"],"picked":"Genetic Algorithm","floor":7},{"not_picked":["Conserve Battery","Undo"],"picked":"Sunder","floor":12},{"not_picked":["Consume","Sweeping Beam"],"picked":"Streamline","floor":14},{"not_picked":["Hyperbeam","Machine Learning"],"picked":"Reboot","floor":16},{"not_picked":["Barrage+1","Rebound"],"picked":"Self Repair","floor":18},{"not_picked":["Heatsinks","Steam"],"picked":"Coolheaded+1","floor":19},{"not_picked":["Sweeping Beam","Leap"],"picked":"Amplify","floor":20},{"not_picked":["Hologram","Ball Lightning+1"],"picked":"Streamline+1","floor":24},{"not_picked":["Aggregate","Redo"],"picked":"Rebound+1","floor":27},{"not_picked":["Barrage+1","Compile Driver+1"],"picked":"Tempest","floor":28},{"not_picked":["Ball Lightning+1","Stack"],"picked":"Leap+1","floor":29}],"player_experience":53168,"relics_obtained":[{"floor":7,"key":"Bottled Flame"},{"floor":9,"key":"Vajra"},{"floor":12,"key":"Whetstone"},{"floor":20,"key":"Unceasing Top"},{"floor":20,"key":"Molten Egg 2"},{"floor":24,"key":"Bronze Scales"},{"floor":26,"key":"PreservedInsect"}],"event_choices":[{"damage_healed":0,"gold_gain":0,"player_choice":"Got Potions","damage_taken":0,"max_hp_gain":0,"max_hp_loss":0,"event_name":"Lab","floor":3,"gold_loss":0},{"damage_healed":0,"gold_gain":30,"player_choice":"Searched \u00272\u0027 times","damage_taken":0,"max_hp_gain":0,"max_hp_loss":0,"event_name":"Dead Adventurer","floor":12,"gold_loss":0},{"damage_healed":0,"gold_gain":0,"player_choice":"Entered Light","damage_taken":18,"max_hp_gain":0,"max_hp_loss":0,"event_name":"Shining Light","floor":13,"gold_loss":0,"cards_upgraded":["Strike_B","Conserve Battery"]},{"damage_healed":0,"gold_gain":0,"player_choice":"Fight","damage_taken":0,"max_hp_gain":0,"max_hp_loss":0,"event_name":"Colosseum","floor":20,"gold_loss":0},{"damage_healed":0,"gold_gain":0,"player_choice":"Fought Nobs","damage_taken":0,"max_hp_gain":0,"max_hp_loss":0,"event_name":"Colosseum","floor":20,"gold_loss":0},{"damage_healed":0,"gold_gain":0,"player_choice":"Obtained Relic","damage_taken":0,"relics_obtained":["Darkstone Periapt"],"max_hp_gain":0,"max_hp_loss":0,"event_name":"Addict","floor":21,"gold_loss":85},{"damage_healed":0,"gold_gain":0,"cards_transformed":["Reboot"],"player_choice":"Transformed","damage_taken":0,"max_hp_gain":0,"max_hp_loss":0,"event_name":"Transmorgrifier","floor":22,"gold_loss":0,"cards_obtained":["Coolheaded"]}],"is_beta":false,"boss_relics":[{"not_picked":["Runic Pyramid","Nuclear Battery"],"picked":"Ectoplasm"}],"items_purged_floors":[],"is_endless":false,"potions_floor_spawned":[2,5,7,16,19,24,28],"killed_by":"Snecko","ascension_level":0}