{"gold_per_floor":[114,133,133,133,145,171,183,213,261,261,261,261,289,363,363,363,363,383,383,383,383],"floor_reached":21,"playtime":1534,"items_purged":[],"score":254,"play_id":"827e9747-d5cd-4f9b-beba-9a45cfc98c64","local_time":"20190208144407","is_ascension_mode":true,"campfire_choices":[{"floor":10,"key":"REST"},{"floor":12,"key":"REST"},{"floor":15,"key":"REST"}],"neow_cost":"NONE","seed_source_timestamp":2341031346225940,"circlet_count":0,"master_deck":["Survivor","Neutralize","Bane","Cloak And Dagger","Bouncing Flask","Quick Slash","Choke","Noxious Fumes","Blur","Bouncing Flask","Night Terror","Prepared","Flying Knee","Adrenaline","Flechettes","Die Die Die","Outmaneuver","Flying Knee","Backflip","Footwork"],"relics":["HoveringKite","Art of War","Matryoshka","Boot","Omamori","Vajra","Bottled Tornado","Pandora\u0027s Box"],"potions_floor_usage":[6,8,16],"damage_taken":[{"damage":2,"enemies":"Cultist","floor":1,"turns":5},{"damage":1,"enemies":"Small Slimes","floor":2,"turns":5},{"damage":0,"enemies":"2 Louse","floor":5,"turns":2},{"damage":12,"enemies":"Gremlin Nob","floor":6,"turns":4},{"damage":6,"enemies":"2 Fungi Beasts","floor":7,"turns":3},{"damage":21,"enemies":"3 Sentries","floor":8,"turns":8},{"damage":22,"enemies":"Lagavulin","floor":13,"turns":5},{"damage":17,"enemies":"Hexaghost","floor":16,"turns":8},{"damage":35,"enemies":"3 Byrds","floor":18,"turns":4},{"damage":27,"enemies":"Colosseum Slavers","floor":19,"turns":3},{"damage":0,"enemies":"2 Thieves","floor":21,"turns":1}],"seed_played":"-6924310637014863070","potions_obtained":[{"floor":2,"key":"Block Potion"},{"floor":7,"key":"FearPotion"},{"floor":8,"key":"Block Potion"},{"floor":13,"key":"FearPotion"}],"is_trial":false,"path_per_floor":["M","M","?","$","M","E","M","E","T","R","?","R","E","?","R","B",null,"M","?","?","M"],"character_chosen":"THE_SILENT","items_purchased":[],"campfire_rested":3,"item_purchase_floors":[],"current_hp_per_floor":[61,60,60,60,60,48,42,21,21,42,42,63,41,41,62,45,64,29,2,2,2],"gold":383,"neow_bonus":"BOSS_RELIC","is_prod":false,"is_daily":false,"chose_seed":false,"campfire_upgraded":0,"win_rate":0,"timestamp":1549665847,"path_taken":["M","M","?","$","?","E","M","E","T","R","?","R","E","?","R","BOSS","M","?","?","M"],"build_version":"2019-01-23","purchased_purges":0,"victory":false,"max_hp_per_floor":[70,70,70,70,70,70,70,70,70,70,70,70,70,70,70,70,70,70,70,70,70],"card_choices":[{"not_picked":["Dodge and Roll","Backstab"],"picked":"Bane","floor":1},{"not_picked":["Prepared","Underhanded Strike"],"picked":"Cloak And Dagger","floor":2},{"not_picked":["Flechettes","Deflect"],"picked":"Bouncing Flask","floor":5},{"not_picked":["Riddle With Holes","Blur"],"picked":"Quick Slash","floor":6},{"not_picked":["Deflect","Doppelganger"],"picked":"Choke","floor":7},{"not_picked":["Finisher","Wraith Form v2"],"picked":"Noxious Fumes","floor":8},{"not_picked":["Sucker Punch","Glass Knife"],"picked":"Blur","floor":13},{"not_picked":["Outmaneuver","Sucker Punch+1"],"picked":"Backflip","floor":18}],"player_experience":279572,"relics_obtained":[{"floor":6,"key":"Art of War"},{"floor":8,"key":"Matryoshka"},{"floor":9,"key":"Boot"},{"floor":9,"key":"Omamori"},{"floor":13,"key":"Bottled Tornado"}],"event_choices":[{"cards_removed":["Defend_G"],"damage_healed":0,"gold_gain":0,"player_choice":"Offered Basic","damage_taken":0,"max_hp_gain":0,"max_hp_loss":0,"event_name":"Bonfire Elementals","floor":3,"gold_loss":0},{"damage_healed":0,"gold_gain":0,"player_choice":"Searched \u00272\u0027 times","damage_taken":0,"relics_obtained":["Vajra"],"max_hp_gain":0,"max_hp_loss":0,"event_name":"Dead Adventurer","floor":11,"gold_loss":0},{"damage_healed":0,"gold_gain":74,"player_choice":"Gained Gold","damage_taken":0,"max_hp_gain":0,"max_hp_loss":0,"event_name":"Golden Wing","floor":14,"gold_loss":0},{"damage_healed":0,"gold_gain":0,"player_choice":"Fight","damage_taken":0,"max_hp_gain":0,"max_hp_loss":0,"event_name":"Colosseum","floor":19,"gold_loss":0},{"damage_healed":0,"gold_gain":0,"player_choice":"Fled From Nobs","damage_taken":0,"max_hp_gain":0,"max_hp_loss":0,"event_name":"Colosseum","floor":19,"gold_loss":0},{"damage_healed":0,"gold_gain":0,"player_choice":"1 cards matched","damage_taken":0,"max_hp_gain":0,"max_hp_loss":0,"event_name":"Match and Keep!","floor":20,"gold_loss":0,"cards_obtained":["Footwork"]}],"is_beta":false,"boss_relics":[{"not_picked":["Fusion Hammer","Empty Cage"],"picked":"Pandora\u0027s Box"}],"items_purged_floors":[],"is_endless":false,"potions_floor_spawned":[2,7,8,13,16,19],"killed_by":"2 Thieves","ascension_level":6}