{"gold_per_floor":[113,129,129,77,92,92,103,103,103,103,132,132,148,165,165,242,242,260,185,110,110,129,129,39,39],"floor_reached":25,"playtime":846,"items_purged":["Strike_G"],"score":557,"play_id":"cfd8e9d7-35f7-407e-88ff-4254aa14dbe2","local_time":"20190226161031","is_ascension_mode":true,"campfire_choices":[{"data":"Caltrops","floor":6,"key":"SMITH"},{"data":"Neutralize","floor":8,"key":"SMITH"},{"data":"Dagger Throw","floor":10,"key":"SMITH"},{"data":"Leg Sweep","floor":12,"key":"SMITH"},{"floor":15,"key":"REST"},{"data":"Skewer","floor":23,"key":"SMITH"}],"neow_cost":"NONE","seed_source_timestamp":0,"circlet_count":0,"master_deck":["AscendersBane","Defend_G","Defend_G","Defend_G","Defend_G","Defend_G","Strike_G","Strike_G","Survivor","Neutralize+1","Leg Sweep+1","All Out Attack","Dagger Throw+1","Caltrops+1","Deadly Poison","Backstab","Corpse Explosion","Backflip","Skewer+1","Footwork"],"special_seed":0,"relics":["Lizard Tail","Sundial","Art of War","Black Star","MutagenicStrength"],"potions_floor_usage":[16,25,25],"damage_taken":[{"damage":6,"enemies":"2 Louse","floor":1,"turns":3},{"damage":13,"enemies":"Cultist","floor":2,"turns":6},{"damage":0,"enemies":"Jaw Worm","floor":5,"turns":5},{"damage":0,"enemies":"Looter","floor":7,"turns":4},{"damage":40,"enemies":"Gremlin Nob","floor":11,"turns":5},{"damage":5,"enemies":"3 Louse","floor":13,"turns":2},{"damage":4,"enemies":"Large Slime","floor":14,"turns":6},{"damage":11,"enemies":"Hexaghost","floor":16,"turns":10},{"damage":18,"enemies":"3 Byrds","floor":18,"turns":3},{"damage":7,"enemies":"Chosen","floor":22,"turns":5},{"damage":43,"enemies":"Slavers","floor":25,"turns":3}],"seed_played":"8547402027606796039","potions_obtained":[{"floor":1,"key":"Block Potion"},{"floor":7,"key":"PowerPotion"},{"floor":18,"key":"Weak Potion"}],"is_trial":false,"path_per_floor":["M","M","?","$","M","R","M","R","T","R","E","R","M","M","R","B",null,"M","$","?","?","M","R","$","E"],"character_chosen":"THE_SILENT","items_purchased":["Dagger Throw","Footwork"],"campfire_rested":1,"item_purchase_floors":[4,24],"current_hp_per_floor":[53,40,40,40,40,40,40,40,40,40,33,33,28,24,43,32,58,40,40,40,40,33,33,33,0],"gold":39,"neow_bonus":"BOSS_RELIC","is_prod":false,"is_daily":false,"chose_seed":false,"campfire_upgraded":5,"win_rate":0,"timestamp":1551226231,"path_taken":["M","M","?","?","M","R","M","R","T","R","E","R","M","M","R","BOSS","M","$","?","?","M","R","$","E"],"build_version":"2019-01-23","purchased_purges":1,"victory":false,"max_hp_per_floor":[66,66,66,66,66,66,66,66,66,66,66,66,66,66,66,66,66,66,66,66,66,66,66,66,66],"card_choices":[{"not_picked":["Caltrops","Dodge and Roll"],"picked":"Leg Sweep","floor":1},{"not_picked":["Setup","Blade Dance"],"picked":"All Out Attack","floor":2},{"not_picked":["Dodge and Roll","Setup"],"picked":"Caltrops","floor":5},{"not_picked":["Quick Slash","Sucker Punch"],"picked":"Deadly Poison","floor":7},{"not_picked":["Eviscerate","Tools of the Trade"],"picked":"Backstab","floor":11},{"not_picked":["Blade Dance","Sucker Punch","Endless Agony"],"picked":"SKIP","floor":13},{"not_picked":["Accuracy","Prepared","Deflect"],"picked":"SKIP","floor":14},{"not_picked":["Wraith Form v2","Doppelganger"],"picked":"Corpse Explosion","floor":16},{"not_picked":["Outmaneuver","Dodge and Roll"],"picked":"Backflip","floor":18},{"not_picked":["Bane","Flying Knee"],"picked":"Skewer","floor":22}],"player_experience":256959,"relics_obtained":[{"floor":9,"key":"Sundial"},{"floor":11,"key":"Art of War"}],"event_choices":[{"cards_removed":["Strike_G"],"damage_healed":0,"gold_gain":0,"player_choice":"Purged","damage_taken":0,"max_hp_gain":0,"max_hp_loss":0,"event_name":"Purifier","floor":3,"gold_loss":0},{"cards_removed":["Strike_G"],"damage_healed":0,"gold_gain":0,"player_choice":"Gave Gold","damage_taken":0,"max_hp_gain":0,"max_hp_loss":0,"event_name":"Beggar","floor":20,"gold_loss":75},{"damage_healed":0,"gold_gain":0,"player_choice":"Inject Mutagens","damage_taken":0,"relics_obtained":["MutagenicStrength"],"max_hp_gain":0,"max_hp_loss":0,"event_name":"Drug Dealer","floor":21,"gold_loss":0}],"is_beta":false,"boss_relics":[{"not_picked":["Velvet Choker","Eternal Feather"],"picked":"Black Star"}],"items_purged_floors":[19],"is_endless":false,"potions_floor_spawned":[1,7,11,18],"killed_by":"Slavers","ascension_level":17}