{"gold_per_floor":[109,34,34,34,53,53,53,53,53,53,53,53,73,88,88,191,191,201,5,20,20,40,60,72,89,89,89,89,107,107,33,33,33],"floor_reached":33,"playtime":864,"items_purged":["Defend_B"],"score":237,"play_id":"e6d84ec3-4cc9-41dc-b036-1fc946bf615e","local_time":"20190103171930","is_ascension_mode":false,"campfire_choices":[{"data":"Scrape","floor":6.0,"key":"SMITH"},{"data":"Zap","floor":8.0,"key":"SMITH"},{"data":"Dualcast","floor":11.0,"key":"SMITH"},{"floor":15.0,"key":"REST"},{"floor":27.0,"key":"REST"},{"floor":32.0,"key":"REST"}],"neow_cost":"PERCENT_DAMAGE","seed_source_timestamp":86374388684717,"circlet_count":0,"master_deck":["Strike_B","Strike_B","Defend_B+1","Zap+1","Dualcast+1","Scrape+1","All For One"],"special_seed":0,"relics":["Cracked Core","Blue Candle","Darkstone Periapt","Empty Cage","Membership Card","Sundial","Orichalcum"],"potions_floor_usage":[33,33,33],"damage_taken":[{"damage":1.0,"enemies":"Jaw Worm","floor":1.0,"turns":5.0},{"damage":0.0,"enemies":"2 Louse","floor":5.0,"turns":2.0},{"damage":0.0,"enemies":"Cultist","floor":13.0,"turns":2.0},{"damage":2.0,"enemies":"Looter","floor":14.0,"turns":2.0},{"damage":30.0,"enemies":"Hexaghost","floor":16.0,"turns":7.0},{"damage":14.0,"enemies":"2 Thieves","floor":18.0,"turns":3.0},{"damage":2.0,"enemies":"3 Byrds","floor":20.0,"turns":3.0},{"damage":21.0,"enemies":"Snake Plant","floor":22.0,"turns":2.0},{"damage":4.0,"enemies":"Chosen and Byrds","floor":23.0,"turns":4.0},{"damage":11.0,"enemies":"3 Cultists","floor":24.0,"turns":4.0},{"damage":12.0,"enemies":"Centurion and Healer","floor":25.0,"turns":5.0},{"damage":10.0,"enemies":"Cultist and Chosen","floor":29.0,"turns":3.0},{"damage":54,"enemies":"Champ","floor":33,"turns":6}],"seed_played":"1400327675530371840","potions_obtained":[{"floor":5.0,"key":"AttackPotion"},{"floor":14.0,"key":"Fire Potion"},{"floor":23.0,"key":"Strength Potion"},{"floor":25.0,"key":"SteroidPotion"},{"floor":29.0,"key":"Poison Potion"}],"is_trial":false,"path_per_floor":["M","$","?","$","M","R","?","R","T","$","R","?","M","M","R","B",null,"M","$","M","$","M","M","M","M","T","R","?","M","?","$","R","B"],"character_chosen":"DEFECT","items_purchased":["Membership Card","Orichalcum"],"campfire_rested":3,"item_purchase_floors":[19,31],"current_hp_per_floor":[53,53,46,46,46,46,31,31,31,31,31,31,31,29,51,21,75,61,61,59,59,38,34,23,11,11,33,33,23,23,23,45,0],"gold":33,"neow_bonus":"REMOVE_TWO","is_prod":false,"is_daily":false,"chose_seed":false,"campfire_upgraded":3,"win_rate":0,"timestamp":1546528770,"path_taken":["M","$","?","$","M","R","?","R","T","$","R","?","M","M","R","BOSS","M","$","M","?","M","M","M","M","T","R","?","M","?","$","R","BOSS"],"build_version":"2018-12-20","purchased_purges":1,"victory":false,"max_hp_per_floor":[75,75,75,75,75,75,75,75,75,75,75,75,75,75,75,75,75,75,75,75,75,75,75,75,75,75,75,75,75,75,75,75,75],"card_choices":[{"not_picked":["Steam","Sweeping Beam"],"picked":"Scrape","floor":1.0},{"not_picked":["Stack","Sweeping Beam","White Noise"],"picked":"SKIP","floor":5.0},{"not_picked":["Blizzard","Streamline","Beam Cell"],"picked":"SKIP","floor":13.0},{"not_picked":["Go for the Eyes","Compile Driver","Auto Shields"],"picked":"SKIP","floor":14.0},{"not_picked":["Stack","Hologram","Steam Power"],"picked":"SKIP","floor":18.0},{"not_picked":["Chill+1","Beam Cell","Redo"],"picked":"SKIP","floor":20.0},{"not_picked":["Double Energy","Recycle","Stack"],"picked":"SKIP","floor":22.0},{"not_picked":["Doom and Gloom","Beam Cell","Leap"],"picked":"SKIP","floor":23.0},{"not_picked":["Hologram","Double Energy","Stack+1"],"picked":"SKIP","floor":24.0},{"not_picked":["Coolheaded+1","Fusion+1","Heatsinks+1"],"picked":"SKIP","floor":25.0},{"not_picked":["Chaos","Go for the Eyes","Core Surge"],"picked":"SKIP","floor":29.0}],"player_experience":80146,"relics_obtained":[{"floor":9.0,"key":"Darkstone Periapt"},{"floor":26.0,"key":"Sundial"}],"event_choices":[{"damage_healed":0.0,"max_hp_gain":0.0,"max_hp_loss":0.0,"gold_gain":0.0,"event_name":"Scrap Ooze","player_choice":"Success","floor":3.0,"gold_loss":0.0,"damage_taken":7.0,"relics_obtained":["Blue Candle"]},{"damage_healed":0.0,"max_hp_gain":0.0,"max_hp_loss":0.0,"gold_gain":0.0,"event_name":"Shining Light","player_choice":"Entered Light","floor":7.0,"gold_loss":0.0,"damage_taken":15.0,"cards_upgraded":["Defend_B","Defend_B"]},{"damage_healed":0.0,"max_hp_gain":0.0,"max_hp_loss":0.0,"gold_gain":0.0,"event_name":"Match and Keep!","player_choice":"0 cards matched","floor":12.0,"gold_loss":0.0,"damage_taken":0.0,"cards_obtained":[]},{"damage_healed":0.0,"max_hp_gain":0.0,"max_hp_loss":0.0,"gold_gain":0.0,"event_name":"The Library","player_choice":"Read","floor":28.0,"gold_loss":0.0,"damage_taken":0.0,"cards_obtained":["All For One"]},{"damage_healed":0.0,"max_hp_gain":0.0,"max_hp_loss":0.0,"gold_gain":0.0,"event_name":"Vampires","player_choice":"Ignored","floor":30.0,"gold_loss":0.0,"damage_taken":0.0}],"is_beta":false,"boss_relics":[{"not_picked":["Ectoplasm","Inserter"],"picked":"Empty Cage"}],"items_purged_floors":[2],"is_endless":false,"potions_floor_spawned":[5,14,23,25,29],"killed_by":"Champ","ascension_level":0}