{"gold_per_floor":[111,111,111,186,199,199,230,254,254,295,333,333,138,157,157,157],"floor_reached":16,"playtime":889,"items_purged":["Defend_R"],"score":166,"play_id":"e27e365e-4fd4-4cc1-95d2-166c50e11b99","local_time":"20190201000526","is_ascension_mode":true,"campfire_choices":[{"floor":6,"key":"REST"},{"floor":12,"key":"REST"},{"data":"Flame Barrier","floor":15,"key":"SMITH"}],"neow_cost":"NONE","seed_source_timestamp":1684152802353206,"circlet_count":0,"master_deck":["Strike_R","Strike_R","Strike_R","Strike_R","Strike_R","Defend_R","Defend_R","Defend_R","Bash","Warcry","Warcry","Flame Barrier+1","Uppercut","Heavy Blade","Shrug It Off","Bandage Up","Shrug It Off","Rupture"],"relics":["Burning Blood","NeowsBlessing","Mummified Hand","Golden Idol","Ice Cream","Ornamental Fan","Anchor","Odd Mushroom"],"potions_floor_usage":[10,11,16],"damage_taken":[{"damage":0,"enemies":"Cultist","floor":1,"turns":1},{"damage":0,"enemies":"Jaw Worm","floor":5,"turns":1},{"damage":0,"enemies":"Gremlin Nob","floor":7,"turns":1},{"damage":0,"enemies":"2 Louse","floor":8,"turns":3},{"damage":32,"enemies":"Lagavulin","floor":10,"turns":8},{"damage":12,"enemies":"The Mushroom Lair","floor":11,"turns":6},{"damage":10,"enemies":"Exordium Wildlife","floor":14,"turns":7},{"damage":71,"enemies":"Slime Boss","floor":16,"turns":7}],"seed_played":"-4783334545875599125","potions_obtained":[{"floor":8,"key":"EssenceOfSteel"},{"floor":10,"key":"Ancient Potion"},{"floor":14,"key":"FearPotion"}],"is_trial":false,"path_per_floor":["M","?","?","?","M","R","E","M","T","E","?","R","$","M","R","B"],"character_chosen":"IRONCLAD","items_purchased":["Bandage Up","Shrug It Off"],"campfire_rested":2,"item_purchase_floors":[13,13],"current_hp_per_floor":[80,62,42,31,37,61,67,73,73,47,41,65,65,65,65,0],"gold":157,"neow_bonus":"THREE_ENEMY_KILL","is_prod":false,"is_daily":false,"chose_seed":false,"campfire_upgraded":1,"win_rate":0,"timestamp":1549008326,"path_taken":["M","?","?","?","M","R","E","M","T","E","?","R","$","M","R","BOSS"],"build_version":"2019-01-23","purchased_purges":1,"victory":false,"max_hp_per_floor":[80,80,80,80,80,80,80,80,80,80,80,80,80,80,80,80],"card_choices":[{"not_picked":["Perfected Strike","True Grit"],"picked":"Warcry","floor":1},{"not_picked":["Anger","Clash"],"picked":"Warcry","floor":5},{"not_picked":["Burning Pact","Bludgeon"],"picked":"Flame Barrier","floor":7},{"not_picked":["Blood for Blood","Bloodletting"],"picked":"Uppercut","floor":8},{"not_picked":["Shockwave","True Grit"],"picked":"Heavy Blade","floor":10},{"not_picked":["True Grit","Hemokinesis"],"picked":"Shrug It Off","floor":11},{"not_picked":["Fire Breathing","Clash"],"picked":"Rupture","floor":14}],"player_experience":248756,"relics_obtained":[{"floor":7,"key":"Ice Cream"},{"floor":9,"key":"Ornamental Fan"},{"floor":10,"key":"Anchor"},{"floor":11,"key":"Odd Mushroom"}],"event_choices":[{"damage_healed":0,"gold_gain":0,"player_choice":"Success","damage_taken":18,"relics_obtained":["Mummified Hand"],"max_hp_gain":0,"max_hp_loss":0,"event_name":"Scrap Ooze","floor":2,"gold_loss":0},{"damage_healed":0,"gold_gain":0,"player_choice":"Take Damage","damage_taken":20,"relics_obtained":["Golden Idol"],"max_hp_gain":0,"max_hp_loss":0,"event_name":"Golden Idol","floor":3,"gold_loss":0},{"damage_healed":0,"gold_gain":75,"player_choice":"Gather Gold","damage_taken":11,"max_hp_gain":0,"max_hp_loss":0,"event_name":"World of Goop","floor":4,"gold_loss":0},{"damage_healed":0,"gold_gain":0,"player_choice":"Fought Mushrooms","damage_taken":0,"max_hp_gain":0,"max_hp_loss":0,"event_name":"Mushrooms","floor":11,"gold_loss":0}],"is_beta":false,"boss_relics":[],"items_purged_floors":[13],"is_endless":false,"potions_floor_spawned":[8,10,14],"killed_by":"Slime Boss","ascension_level":5}