{"gold_per_floor":[114,114,129,149,163,163,195,2,75,101,101,101,26,41,41,112,112,131,81,91,111,11,70,70,103,130,144,144,164,164,79,79,151,151,165,176,176,192,42,76,92,192,192,192,192,203,203,234,234,234],"floor_reached":50,"playtime":2880,"items_purged":["Strike_R","Defend_R"],"score":974,"play_id":"9dd0586f-848f-4f53-b819-421c447e1ea7","local_time":"20190223012746","is_ascension_mode":true,"campfire_choices":[{"floor":6.0,"key":"REST"},{"floor":11.0,"key":"REST"},{"data":"Armaments","floor":15.0,"key":"SMITH"},{"floor":24.0,"key":"REST"},{"floor":28.0,"key":"REST"},{"data":"Infernal Blade","floor":32.0,"key":"SMITH"},{"data":"Bash","floor":45.0,"key":"SMITH"},{"data":"Pommel Strike","floor":47.0,"key":"SMITH"},{"floor":49.0,"key":"REST"}],"neow_cost":"PERCENT_DAMAGE","seed_source_timestamp":627356943209985,"circlet_count":0,"master_deck":["AscendersBane","Defend_R","Defend_R","Defend_R","Bash+1","Inflame","Twin Strike","Infernal Blade+1","Armaments+1","Berserk","Heavy Blade+1","Shrug It Off","Offering","Warcry+1","Pommel Strike+1","Anger+1","Metallicize","Rampage","Bite","Bite","Bite","Bite","Bite","Immolate","Whirlwind+1","True Grit+1","Sword Boomerang+1","Iron Wave+1","Heavy Blade+1"],"special_seed":0,"relics":["Black Blood","Incense Burner","Brimstone","Gremlin Horn","Orichalcum","Philosopher\u0027s Stone","Tiny Chest","Bag of Preparation","Smiling Mask","Bag of Marbles","Art of War","Darkstone Periapt","Nunchaku","Singing Bowl","Vajra","Turnip"],"potions_floor_usage":[],"damage_taken":[{"damage":9.0,"enemies":"Jaw Worm","floor":1.0,"turns":3.0},{"damage":10.0,"enemies":"Cultist","floor":3.0,"turns":5.0},{"damage":0.0,"enemies":"2 Louse","floor":4.0,"turns":2.0},{"damage":17.0,"enemies":"Exordium Wildlife","floor":5.0,"turns":3.0},{"damage":30.0,"enemies":"Gremlin Nob","floor":7.0,"turns":4.0},{"damage":40.0,"enemies":"Lagavulin","floor":10.0,"turns":5.0},{"damage":0.0,"enemies":"Looter","floor":14.0,"turns":2.0},{"damage":33.0,"enemies":"Hexaghost","floor":16.0,"turns":6.0},{"damage":9.0,"enemies":"Spheric Guardian","floor":18.0,"turns":1.0},{"damage":21.0,"enemies":"Shell Parasite","floor":20.0,"turns":3.0},{"damage":15.0,"enemies":"Sentry and Sphere","floor":21.0,"turns":3.0},{"damage":20.0,"enemies":"Gremlin Leader","floor":23.0,"turns":2.0},{"damage":39.0,"enemies":"Book of Stabbing","floor":25.0,"turns":4.0},{"damage":20.0,"enemies":"Snecko","floor":27.0,"turns":3.0},{"damage":1.0,"enemies":"3 Cultists","floor":29.0,"turns":3.0},{"damage":19.0,"enemies":"Automaton","floor":33.0,"turns":5.0},{"damage":4.0,"enemies":"Orb Walker","floor":35.0,"turns":2.0},{"damage":9.0,"enemies":"3 Shapes","floor":36.0,"turns":1.0},{"damage":0.0,"enemies":"3 Darklings","floor":38.0,"turns":1.0},{"damage":44.0,"enemies":"Nemesis","floor":40.0,"turns":5.0},{"damage":17.0,"enemies":"Maw","floor":41.0,"turns":6.0},{"damage":1.0,"enemies":"Mind Bloom Boss Battle","floor":42.0,"turns":3.0},{"damage":16.0,"enemies":"Spire Growth","floor":46.0,"turns":2.0},{"damage":20.0,"enemies":"Giant Head","floor":48.0,"turns":5.0},{"damage":78,"enemies":"Donu and Deca","floor":50,"turns":3}],"seed_played":"4242909301106172650","potions_obtained":[{"floor":1.0,"key":"Explosive Potion"},{"floor":5.0,"key":"Explosive Potion"},{"floor":14.0,"key":"Block Potion"},{"floor":16.0,"key":"FearPotion"},{"floor":20.0,"key":"AttackPotion"},{"floor":25.0,"key":"Dexterity Potion"},{"floor":27.0,"key":"SkillPotion"},{"floor":29.0,"key":"GamblersBrew"},{"floor":33.0,"key":"Weak Potion"},{"floor":38.0,"key":"Ancient Potion"},{"floor":40.0,"key":"SpeedPotion"}],"is_trial":false,"path_per_floor":["M","?","M","M","M","R","E","$","T","E","R","?","$","M","R","B",null,"M","?","M","M","$","E","R","E","T","M","R","M","?","?","R","B",null,"M","M","?","M","$","E","M","?","T","T","R","M","R","E","R","B"],"character_chosen":"IRONCLAD","items_purchased":["Brimstone","Art of War"],"campfire_rested":5,"item_purchase_floors":[8,39],"current_hp_per_floor":[64,64,60,66,55,83,59,59,59,25,53,53,53,59,59,32,80,77,77,62,53,53,39,67,34,34,20,48,53,53,53,53,51,63,67,67,67,67,67,38,39,56,56,56,56,54,54,52,71,0],"gold":234,"neow_bonus":"TWENTY_PERCENT_HP_BONUS","is_prod":false,"is_daily":false,"chose_seed":false,"campfire_upgraded":4,"win_rate":0,"timestamp":1550914066,"path_taken":["M","?","M","M","?","R","E","?","T","E","R","?","$","?","R","BOSS","M","?","?","M","$","E","R","E","T","M","R","M","?","?","R","BOSS","M","M","?","M","$","E","M","?","T","?","R","M","R","E","R","BOSS"],"build_version":"2019-01-23","purchased_purges":2,"victory":false,"max_hp_per_floor":[96,96,96,96,96,96,96,96,96,96,96,96,96,96,96,96,96,96,96,96,96,96,96,96,96,96,96,96,96,67,67,67,67,67,67,67,67,67,67,67,67,67,67,67,67,69,69,71,71,71],"card_choices":[{"not_picked":["Warcry","Clothesline"],"picked":"Inflame","floor":1.0},{"not_picked":["Iron Wave","Warcry"],"picked":"Twin Strike","floor":3.0},{"not_picked":["Body Slam","Twin Strike"],"picked":"Infernal Blade","floor":4.0},{"not_picked":["Dual Wield","Searing Blow"],"picked":"Armaments","floor":5.0},{"not_picked":["Clash","Body Slam"],"picked":"Berserk","floor":7.0},{"not_picked":["Armaments","Dark Embrace"],"picked":"Heavy Blade","floor":10.0},{"not_picked":["Feel No Pain","Clash"],"picked":"Shrug It Off","floor":14.0},{"not_picked":["Bludgeon","Immolate"],"picked":"Offering","floor":16.0},{"not_picked":["Battle Trance","Wild Strike+1"],"picked":"Warcry+1","floor":18.0},{"not_picked":["Sentinel","Headbutt+1"],"picked":"Pommel Strike","floor":20.0},{"not_picked":["Pummel","Sword Boomerang"],"picked":"Anger+1","floor":21.0},{"not_picked":["Entrench","Heavy Blade","Perfected Strike"],"picked":"SKIP","floor":23.0},{"not_picked":["Offering","Havoc"],"picked":"Metallicize","floor":25.0},{"not_picked":["Havoc","Evolve","Twin Strike"],"picked":"SKIP","floor":27.0},{"not_picked":["Twin Strike+1","Iron Wave"],"picked":"Rampage","floor":29.0},{"not_picked":["Impervious","Berserk"],"picked":"Immolate","floor":33.0},{"not_picked":["Reckless Charge","Corruption"],"picked":"Whirlwind+1","floor":35.0},{"not_picked":["Second Wind","Body Slam","Clash"],"picked":"SKIP","floor":36.0},{"not_picked":["Pommel Strike","Clothesline+1"],"picked":"True Grit+1","floor":38.0},{"not_picked":["Pummel","Thunderclap"],"picked":"Sword Boomerang+1","floor":40.0},{"not_picked":["Body Slam","Corruption"],"picked":"Iron Wave+1","floor":41.0},{"not_picked":["Body Slam","True Grit"],"picked":"Heavy Blade+1","floor":42.0},{"not_picked":["Armaments","Headbutt+1","Clash"],"picked":"Singing Bowl","floor":46.0},{"not_picked":["Fire Breathing+1","Disarm","Dropkick+1"],"picked":"Singing Bowl","floor":48.0}],"player_experience":483040,"relics_obtained":[{"floor":7.0,"key":"Incense Burner"},{"floor":9.0,"key":"Gremlin Horn"},{"floor":10.0,"key":"Orichalcum"},{"floor":23.0,"key":"Tiny Chest"},{"floor":25.0,"key":"Bag of Preparation"},{"floor":26.0,"key":"Smiling Mask"},{"floor":40.0,"key":"Darkstone Periapt"},{"floor":42.0,"key":"Nunchaku"},{"floor":43.0,"key":"Singing Bowl"},{"floor":44.0,"key":"Vajra"},{"floor":48.0,"key":"Turnip"}],"event_choices":[{"cards_removed":["Strike_R"],"damage_healed":0.0,"max_hp_gain":0.0,"max_hp_loss":0.0,"gold_gain":0.0,"event_name":"Purifier","player_choice":"Purged","floor":2.0,"gold_loss":0.0,"damage_taken":0.0},{"damage_healed":0.0,"max_hp_gain":0.0,"max_hp_loss":0.0,"gold_gain":0.0,"event_name":"Living Wall","player_choice":"Grow","floor":12.0,"gold_loss":0.0,"damage_taken":0.0,"cards_upgraded":["Heavy Blade"]},{"damage_healed":0.0,"max_hp_gain":0.0,"max_hp_loss":0.0,"gold_gain":0.0,"event_name":"The Joust","player_choice":"Bet on Murderer","floor":19.0,"gold_loss":50.0,"damage_taken":0.0},{"damage_healed":0.0,"max_hp_gain":0.0,"max_hp_loss":29.0,"gold_gain":0.0,"event_name":"Vampires","player_choice":"Became a vampire","floor":30.0,"gold_loss":0.0,"damage_taken":0.0,"cards_obtained":["Bite","Bite","Bite","Bite","Bite"]},{"damage_healed":0.0,"max_hp_gain":0.0,"max_hp_loss":0.0,"gold_gain":0.0,"event_name":"Addict","player_choice":"Obtained Relic","floor":31.0,"gold_loss":85.0,"damage_taken":0.0,"relics_obtained":["Bag of Marbles"]},{"damage_healed":0.0,"max_hp_gain":0.0,"max_hp_loss":0.0,"gold_gain":0.0,"event_name":"Tomb of Lord Red Mask","player_choice":"Ignored","floor":37.0,"gold_loss":0.0,"damage_taken":0.0},{"damage_healed":0.0,"max_hp_gain":0.0,"max_hp_loss":0.0,"gold_gain":0.0,"event_name":"MindBloom","player_choice":"Fight","floor":42.0,"gold_loss":0.0,"damage_taken":0.0}],"is_beta":false,"boss_relics":[{"not_picked":["Coffee Dripper","Ectoplasm"],"picked":"Philosopher\u0027s Stone"},{"not_picked":["Fusion Hammer","Busted Crown"],"picked":"Black Blood"}],"items_purged_floors":[13,22],"is_endless":false,"potions_floor_spawned":[1,5,7,14,16,20,25,27,29,33,38,40],"killed_by":"Donu and Deca","ascension_level":13}