{"gold_per_floor":[115,115,115,115,133,58,78,353,353,364,364,364,375,388,388,483,483,501,701,309,359,372,372],"floor_reached":23,"playtime":1673,"items_purged":["Strike_G","Strike_G"],"score":190,"play_id":"6f20d550-64c6-4eaa-a11d-79ed422b7a29","local_time":"20190109210500","is_ascension_mode":true,"campfire_choices":[{"data":"Neutralize","floor":12,"key":"SMITH"},{"floor":15,"key":"REST"}],"neow_cost":"NONE","seed_source_timestamp":28094118807647,"circlet_count":0,"master_deck":["Defend_G","Defend_G","Defend_G","Defend_G","Strike_G","Strike_G+1","Survivor+1","Neutralize+1","Quick Slash","Noxious Fumes+1","Backflip","Regret","Sucker Punch","Outmaneuver","Poisoned Stab","After Image","Flying Knee","Dagger Spray","Slice","Quick Slash","Noxious Fumes","Footwork","Bane","Dagger Throw+1"],"relics":["Ring of the Snake","Bottled Tornado","Orrery","Shuriken"],"potions_floor_usage":[16,22,23,23],"damage_taken":[{"damage":7,"enemies":"Jaw Worm","floor":1,"turns":6},{"damage":0,"enemies":"2 Louse","floor":5,"turns":3},{"damage":1,"enemies":"Cultist","floor":7,"turns":3},{"damage":3,"enemies":"2 Fungi Beasts","floor":10,"turns":4},{"damage":4,"enemies":"Red Slaver","floor":13,"turns":4},{"damage":0,"enemies":"Looter","floor":14,"turns":4},{"damage":27,"enemies":"Hexaghost","floor":16,"turns":10},{"damage":12,"enemies":"Spheric Guardian","floor":18,"turns":5},{"damage":28,"enemies":"2 Thieves","floor":22,"turns":5},{"damage":57,"enemies":"Slavers","floor":23,"turns":3}],"seed_played":"-2948114246509229906","potions_obtained":[{"floor":5,"key":"Ancient Potion"},{"floor":7,"key":"FearPotion"},{"floor":10,"key":"Ancient Potion"},{"floor":18,"key":"SteroidPotion"},{"floor":22,"key":"Regen Potion"}],"is_trial":false,"path_per_floor":["M","?","?","?","M","$","M","?","T","M","?","R","M","M","R","B",null,"M","?","$","?","M","E"],"character_chosen":"THE_SILENT","items_purchased":["Shuriken","Bane"],"campfire_rested":1,"item_purchase_floors":[20,20],"current_hp_per_floor":[63,49,42,47,47,47,46,46,46,43,43,43,39,39,61,34,75,63,63,63,63,35,0],"gold":372,"neow_bonus":"REMOVE_CARD","is_prod":false,"is_daily":false,"chose_seed":false,"campfire_upgraded":1,"win_rate":0,"timestamp":1547096700,"path_taken":["M","?","?","?","M","$","M","?","T","?","?","R","?","M","R","BOSS","M","?","?","?","M","E"],"build_version":"2019-01-03v4","purchased_purges":2,"victory":false,"max_hp_per_floor":[70,70,70,75,75,75,75,75,75,75,75,75,75,75,75,75,75,75,75,75,75,75,75],"card_choices":[{"not_picked":["Blade Dance","Expertise"],"picked":"Quick Slash","floor":1},{"not_picked":["Quick Slash","Deadly Poison"],"picked":"Noxious Fumes","floor":5},{"not_picked":["Blade Dance","Malaise"],"picked":"Backflip","floor":7},{"not_picked":["Distraction","Underhanded Strike"],"picked":"Sucker Punch","floor":10},{"not_picked":["Slice","Deflect"],"picked":"Outmaneuver","floor":13},{"not_picked":["Acrobatics","Bane"],"picked":"Poisoned Stab","floor":14},{"not_picked":["Glass Knife","Die Die Die"],"picked":"After Image","floor":16},{"not_picked":["Outmaneuver","Dodge and Roll"],"picked":"Flying Knee","floor":17},{"not_picked":["Blade Dance","Sucker Punch"],"picked":"Dagger Spray","floor":17},{"not_picked":["PiercingWail","Blade Dance"],"picked":"Slice","floor":17},{"not_picked":["After Image","Dagger Throw"],"picked":"Quick Slash","floor":17},{"not_picked":["Crippling Poison","Backstab"],"picked":"Noxious Fumes","floor":17},{"not_picked":["Calculated Gamble","Dagger Spray"],"picked":"Footwork","floor":18},{"not_picked":["Flying Knee","Expertise"],"picked":"Dagger Throw+1","floor":22}],"player_experience":92173,"relics_obtained":[{"floor":9,"key":"Bottled Tornado"}],"event_choices":[{"damage_healed":0,"gold_gain":0,"player_choice":"Entered Light","damage_taken":14,"max_hp_gain":0,"max_hp_loss":0,"event_name":"Shining Light","floor":2,"gold_loss":0,"cards_upgraded":["Survivor","Strike_G"]},{"cards_removed":["Defend_G"],"damage_healed":0,"gold_gain":0,"player_choice":"Card Removal","damage_taken":7,"max_hp_gain":0,"max_hp_loss":0,"event_name":"Golden Wing","floor":3,"gold_loss":0},{"damage_healed":0,"gold_gain":0,"player_choice":"Donut","damage_taken":0,"max_hp_gain":5,"max_hp_loss":0,"event_name":"Big Fish","floor":4,"gold_loss":0},{"damage_healed":0,"gold_gain":275,"player_choice":"Desecrate","damage_taken":0,"max_hp_gain":0,"max_hp_loss":0,"event_name":"Golden Shrine","floor":8,"gold_loss":0,"cards_obtained":["Regret"]},{"damage_healed":0,"gold_gain":0,"player_choice":"Forge","damage_taken":0,"max_hp_gain":0,"max_hp_loss":0,"event_name":"Accursed Blacksmith","floor":11,"gold_loss":0,"cards_upgraded":["Noxious Fumes"]},{"damage_healed":0,"gold_gain":200,"player_choice":"Gold","damage_taken":0,"max_hp_gain":0,"max_hp_loss":0,"event_name":"Wheel of Change","floor":19,"gold_loss":0},{"damage_healed":0,"gold_gain":100,"player_choice":"Bet on Murderer","damage_taken":0,"max_hp_gain":0,"max_hp_loss":0,"event_name":"The Joust","floor":21,"gold_loss":50}],"is_beta":false,"boss_relics":[{"not_picked":["White Beast Statue","Runic Dome"],"picked":"Orrery"}],"items_purged_floors":[6,20],"is_endless":false,"potions_floor_spawned":[5,7,10,18,22],"killed_by":"Slavers","ascension_level":1}