{"gold_per_floor":[118,118,43,63,74,102,114,156,168,180,267,297,309,333,345,357],"floor_reached":16,"playtime":823,"items_purged":["Doubt"],"score":186,"play_id":"ce868167-344c-486b-9614-7a95fda3240b","local_time":"20190220142111","is_ascension_mode":true,"campfire_choices":[{"data":"Metallicize","floor":10.0,"key":"SMITH"},{"data":"True Grit","floor":15.0,"key":"SMITH"}],"neow_cost":"CURSE","seed_source_timestamp":167766698058380,"circlet_count":0,"master_deck":["AscendersBane","Strike_R","Strike_R","Strike_R","Strike_R","Strike_R","Defend_R","Defend_R","Defend_R","Defend_R","Bash+1","Shrug It Off","Ghostly Armor","Carnage","True Grit+1","Metallicize+1","Twin Strike"],"special_seed":0,"relics":["Burning Blood","Thread and Needle","MawBank","Shuriken","Boot"],"potions_floor_usage":[16],"damage_taken":[{"damage":0.0,"enemies":"2 Louse","floor":1.0,"turns":3.0},{"damage":1.0,"enemies":"Cultist","floor":4.0,"turns":4.0},{"damage":2.0,"enemies":"Jaw Worm","floor":5.0,"turns":5.0},{"damage":29.0,"enemies":"3 Sentries","floor":6.0,"turns":12.0},{"damage":12.0,"enemies":"Gremlin Nob","floor":8.0,"turns":4.0},{"damage":6.0,"enemies":"3 Louse","floor":12.0,"turns":4.0},{"damage":0.0,"enemies":"3 Sentries","floor":13.0,"turns":1.0},{"damage":4.0,"enemies":"Large Slime","floor":14.0,"turns":13.0},{"damage":51,"enemies":"Hexaghost","floor":16,"turns":11}],"seed_played":"4653358277062126632","potions_obtained":[{"floor":4.0,"key":"SmokeBomb"},{"floor":6.0,"key":"EntropicBrew"}],"is_trial":false,"path_per_floor":["M","?","$","M","M","E","$","E","T","R","?","M","E","M","R","B"],"character_chosen":"IRONCLAD","items_purchased":[],"campfire_rested":0,"item_purchase_floors":[],"current_hp_per_floor":[78,78,78,80,80,57,57,51,51,51,40,40,46,48,48,0],"gold":357,"neow_bonus":"ONE_RARE_RELIC","is_prod":false,"is_daily":false,"chose_seed":false,"campfire_upgraded":2,"win_rate":0,"timestamp":1550665271,"path_taken":["M","?","$","?","M","E","$","E","T","R","?","M","E","M","R","BOSS"],"build_version":"2019-01-23","purchased_purges":1,"victory":false,"max_hp_per_floor":[80,80,80,80,80,80,80,80,80,80,80,80,80,80,80,80],"card_choices":[{"not_picked":["Pommel Strike","Bloodletting"],"picked":"Shrug It Off","floor":1.0},{"not_picked":["Flex","Burning Pact"],"picked":"Ghostly Armor","floor":4.0},{"not_picked":["Cleave","Reckless Charge"],"picked":"Carnage","floor":5.0},{"not_picked":["Wild Strike","Cleave"],"picked":"True Grit","floor":6.0},{"not_picked":["Pommel Strike","Sever Soul"],"picked":"Metallicize","floor":8.0},{"not_picked":["Infernal Blade","Cleave","Warcry"],"picked":"SKIP","floor":12.0},{"not_picked":["Intimidate","Perfected Strike"],"picked":"Twin Strike","floor":14.0}],"player_experience":206781,"relics_obtained":[{"floor":6.0,"key":"MawBank"},{"floor":8.0,"key":"Shuriken"},{"floor":9.0,"key":"Boot"}],"event_choices":[{"damage_healed":0.0,"max_hp_gain":0.0,"max_hp_loss":0.0,"gold_gain":0.0,"event_name":"Upgrade Shrine","player_choice":"Upgraded","floor":2.0,"gold_loss":0.0,"damage_taken":0.0,"cards_upgraded":["Bash"]},{"damage_healed":0.0,"max_hp_gain":0.0,"max_hp_loss":0.0,"gold_gain":75.0,"event_name":"World of Goop","player_choice":"Gather Gold","floor":11.0,"gold_loss":0.0,"damage_taken":11.0}],"is_beta":false,"boss_relics":[],"items_purged_floors":[3],"is_endless":false,"potions_floor_spawned":[4,6,13],"killed_by":"Hexaghost","ascension_level":11}