{"gold_per_floor":[115,130,130,130,147,176,101,130,157,173,207,207,207,1,1,75,75,86,96,96,11,42,88,100,141,153,192,204,216],"floor_reached":29,"playtime":2300,"items_purged":["Regret"],"score":518,"play_id":"651af0ad-dea9-4150-8c04-4e98111c75a4","local_time":"20190223003704","is_ascension_mode":true,"campfire_choices":[{"floor":13.0,"key":"REST"},{"data":"Armaments","floor":15.0,"key":"SMITH"},{"floor":24.0,"key":"REST"}],"neow_cost":"NONE","seed_source_timestamp":624738743919332,"circlet_count":0,"master_deck":["AscendersBane","Strike_R","Strike_R","Strike_R","Strike_R","Defend_R","Defend_R","Defend_R","Defend_R","Bash","Spot Weakness","Metallicize","Rage","Armaments+1","Twin Strike","Offering","Demon Form+1","Shrug It Off+1","Feed","Metallicize+1","Shrug It Off","Iron Wave+1","Reaper"],"special_seed":0,"relics":["Burning Blood","Bag of Preparation","Orichalcum","Frozen Egg 2","PreservedInsect","Bottled Lightning","Lee\u0027s Waffle","Eternal Feather","MawBank","Dream Catcher","Gremlin Horn","Bottled Flame","Peace Pipe","Juzu Bracelet"],"potions_floor_usage":[],"damage_taken":[{"damage":3.0,"enemies":"Small Slimes","floor":1.0,"turns":5.0},{"damage":9.0,"enemies":"2 Louse","floor":2.0,"turns":3.0},{"damage":19.0,"enemies":"Jaw Worm","floor":5.0,"turns":4.0},{"damage":34.0,"enemies":"Lagavulin","floor":6.0,"turns":6.0},{"damage":19.0,"enemies":"3 Sentries","floor":8.0,"turns":10.0},{"damage":15.0,"enemies":"Blue Slaver","floor":10.0,"turns":4.0},{"damage":15.0,"enemies":"Gremlin Nob","floor":11.0,"turns":4.0},{"damage":42.0,"enemies":"Hexaghost","floor":16.0,"turns":9.0},{"damage":13.0,"enemies":"Spheric Guardian","floor":18.0,"turns":4.0},{"damage":23.0,"enemies":"Shell Parasite","floor":19.0,"turns":5.0},{"damage":27.0,"enemies":"Centurion and Healer","floor":22.0,"turns":9.0},{"damage":25.0,"enemies":"Gremlin Leader","floor":23.0,"turns":6.0},{"damage":47.0,"enemies":"Book of Stabbing","floor":25.0,"turns":6.0},{"damage":32.0,"enemies":"Gremlin Leader","floor":27.0,"turns":6.0},{"damage":21,"enemies":"Cultist and Chosen","floor":29,"turns":10}],"seed_played":"-1681291108622004783","potions_obtained":[{"floor":1.0,"key":"SteroidPotion"},{"floor":2.0,"key":"FearPotion"},{"floor":11.0,"key":"BloodPotion"},{"floor":19.0,"key":"Explosive Potion"},{"floor":22.0,"key":"BloodPotion"}],"is_trial":false,"path_per_floor":["M","M","?","?","M","E","$","E","T","M","E","$","R","$","R","B",null,"M","M","$","?","M","E","R","E","T","E","?","M"],"character_chosen":"IRONCLAD","items_purchased":["Lee\u0027s Waffle"],"campfire_rested":2,"item_purchase_floors":[14],"current_hp_per_floor":[83,80,80,80,67,39,39,26,26,17,8,8,34,95,95,68,88,81,64,64,64,47,37,78,37,37,14,14,0],"gold":216,"neow_bonus":"TEN_PERCENT_HP_BONUS","is_prod":false,"is_daily":false,"chose_seed":false,"campfire_upgraded":1,"win_rate":0,"timestamp":1550911024,"path_taken":["M","M","?","?","M","E","$","E","T","M","E","$","R","?","R","BOSS","M","M","$","?","M","E","R","E","T","E","?","M"],"build_version":"2019-01-23","purchased_purges":1,"victory":false,"max_hp_per_floor":[88,88,88,88,88,88,88,88,88,88,88,88,88,95,95,95,95,95,95,95,95,99,99,99,99,99,102,102,105],"card_choices":[{"not_picked":["Rampage","Fire Breathing"],"picked":"Spot Weakness","floor":1.0},{"not_picked":["Hemokinesis","True Grit"],"picked":"Metallicize","floor":2.0},{"not_picked":["Anger","Sentinel"],"picked":"Rage","floor":5.0},{"not_picked":["Havoc","Dark Embrace"],"picked":"Armaments","floor":6.0},{"not_picked":["Carnage","Intimidate"],"picked":"Twin Strike","floor":8.0},{"not_picked":["Body Slam","Clash","Anger"],"picked":"SKIP","floor":10.0},{"not_picked":["Carnage","Cleave"],"picked":"Offering","floor":11.0},{"not_picked":["Fiend Fire","Juggernaut+1"],"picked":"Demon Form+1","floor":16.0},{"not_picked":["Clothesline","Second Wind"],"picked":"Shrug It Off+1","floor":18.0},{"not_picked":["Thunderclap","Havoc"],"picked":"Feed","floor":19.0},{"not_picked":["Power Through","Bloodletting"],"picked":"Metallicize+1","floor":22.0},{"not_picked":["Carnage","Combust+1","Warcry"],"picked":"SKIP","floor":23.0},{"not_picked":["Clash","Thunderclap"],"picked":"Shrug It Off","floor":24.0},{"not_picked":["Battle Trance","Body Slam"],"picked":"Iron Wave+1","floor":25.0},{"not_picked":["True Grit","Shrug It Off"],"picked":"Reaper","floor":27.0}],"player_experience":480740,"relics_obtained":[{"floor":6.0,"key":"Orichalcum"},{"floor":8.0,"key":"Frozen Egg 2"},{"floor":9.0,"key":"PreservedInsect"},{"floor":11.0,"key":"Bottled Lightning"},{"floor":23.0,"key":"Dream Catcher"},{"floor":25.0,"key":"Gremlin Horn"},{"floor":26.0,"key":"Bottled Flame"},{"floor":27.0,"key":"Peace Pipe"}],"event_choices":[{"cards_removed":["Strike_R"],"damage_healed":0.0,"max_hp_gain":0.0,"max_hp_loss":0.0,"gold_gain":0.0,"event_name":"Living Wall","player_choice":"Forget","floor":3.0,"gold_loss":0.0,"damage_taken":0.0},{"damage_healed":0.0,"max_hp_gain":0.0,"max_hp_loss":0.0,"gold_gain":0.0,"event_name":"Big Fish","player_choice":"Box","floor":4.0,"gold_loss":0.0,"damage_taken":0.0,"relics_obtained":["Bag of Preparation"],"cards_obtained":["Regret"]},{"damage_healed":0.0,"max_hp_gain":0.0,"max_hp_loss":0.0,"gold_gain":0.0,"event_name":"Addict","player_choice":"Obtained Relic","floor":21.0,"gold_loss":85.0,"damage_taken":0.0,"relics_obtained":["MawBank"]},{"damage_healed":0.0,"max_hp_gain":0.0,"max_hp_loss":0.0,"gold_gain":0.0,"event_name":"The Mausoleum","player_choice":"Opened","floor":28.0,"gold_loss":0.0,"damage_taken":0.0,"relics_obtained":["Juzu Bracelet"]}],"is_beta":false,"boss_relics":[{"not_picked":["Runic Dome","Runic Cube"],"picked":"Eternal Feather"}],"items_purged_floors":[7],"is_endless":false,"potions_floor_spawned":[1,2,11,19,22],"killed_by":"Cultist and Chosen","ascension_level":13}