{"gold_per_floor":[114,125,136,148,158,158,173,173,173,208,223,19,19,19,19,122,122,132,47,9,9],"floor_reached":21,"playtime":1316,"items_purged":["Strike_R"],"score":226,"play_id":"0426e9af-08b1-4f04-bd4e-4b98f8c21ba1","local_time":"20190208004105","is_ascension_mode":true,"campfire_choices":[{"data":"Clothesline","floor":6,"key":"SMITH"},{"data":"Warcry","floor":8,"key":"SMITH"},{"data":"Combust","floor":15,"key":"SMITH"}],"neow_cost":"NONE","seed_source_timestamp":2290665572078310,"circlet_count":0,"master_deck":["Strike_R","Strike_R","Strike_R","Strike_R","Defend_R","Defend_R","Defend_R","Defend_R","Bash","Clothesline+1","Shrug It Off","Thunderclap","Combust+1","Warcry+1","Shockwave","Feed"],"relics":["Black Blood","NeowsBlessing","Regal Pillow","Torii","Membership Card","Pantograph","Pen Nib"],"potions_floor_usage":[7,10,16,21],"damage_taken":[{"damage":0,"enemies":"Cultist","floor":1,"turns":1},{"damage":0,"enemies":"Small Slimes","floor":2,"turns":1},{"damage":0,"enemies":"Jaw Worm","floor":3,"turns":1},{"damage":14,"enemies":"Looter","floor":4,"turns":3},{"damage":9,"enemies":"Blue Slaver","floor":5,"turns":4},{"damage":0,"enemies":"3 Louse","floor":7,"turns":2},{"damage":23,"enemies":"3 Sentries","floor":10,"turns":10},{"damage":0,"enemies":"Large Slime","floor":11,"turns":4},{"damage":49,"enemies":"Hexaghost","floor":16,"turns":14},{"damage":22,"enemies":"2 Thieves","floor":18,"turns":5},{"damage":32,"enemies":"Colosseum Slavers","floor":21,"turns":9},{"damage":43,"enemies":"Colosseum Nobs","floor":21,"turns":4}],"seed_played":"2113732404999497","potions_obtained":[{"floor":1,"key":"PowerPotion"},{"floor":2,"key":"Explosive Potion"},{"floor":7,"key":"GamblersBrew"},{"floor":18,"key":"GamblersBrew"}],"is_trial":false,"path_per_floor":["M","M","M","M","M","R","M","R","T","E","M","$","T","$","R","B",null,"M","?","$","?"],"character_chosen":"IRONCLAD","items_purchased":["Membership Card"],"campfire_rested":0,"item_purchase_floors":[12],"current_hp_per_floor":[80,80,80,72,69,69,75,75,75,58,64,64,64,64,64,37,69,60,60,60,0],"gold":9,"neow_bonus":"THREE_ENEMY_KILL","is_prod":false,"is_daily":false,"chose_seed":false,"campfire_upgraded":3,"win_rate":0,"timestamp":1549615265,"path_taken":["M","M","?","M","?","R","M","R","T","E","M","$","?","$","R","BOSS","M","?","$","?"],"build_version":"2019-01-23","purchased_purges":1,"victory":false,"max_hp_per_floor":[80,80,80,80,80,80,80,80,80,80,80,80,80,80,80,80,80,83,83,83,86],"card_choices":[{"not_picked":["Fire Breathing","Disarm"],"picked":"Clothesline","floor":1},{"not_picked":["Warcry","Clash"],"picked":"Shrug It Off","floor":2},{"not_picked":["Headbutt","Perfected Strike"],"picked":"Thunderclap","floor":3},{"not_picked":["Reckless Charge","Blood for Blood","Perfected Strike"],"picked":"SKIP","floor":4},{"not_picked":["Dark Embrace","True Grit"],"picked":"Combust","floor":5},{"not_picked":["Sever Soul","Second Wind"],"picked":"Warcry","floor":7},{"not_picked":["Body Slam","Power Through"],"picked":"Shockwave","floor":10},{"not_picked":["Dark Embrace","Headbutt","Thunderclap"],"picked":"SKIP","floor":11},{"not_picked":["Barricade","Brutality"],"picked":"Feed","floor":16},{"not_picked":["Combust","Pummel","Sword Boomerang"],"picked":"SKIP","floor":18}],"player_experience":266729,"relics_obtained":[{"floor":9,"key":"Regal Pillow"},{"floor":10,"key":"Torii"},{"floor":13,"key":"Pantograph"}],"event_choices":[{"damage_healed":0,"gold_gain":0,"player_choice":"Obtained Relic","damage_taken":0,"relics_obtained":["Pen Nib"],"max_hp_gain":0,"max_hp_loss":0,"event_name":"Addict","floor":19,"gold_loss":85},{"damage_healed":0,"gold_gain":0,"player_choice":"Fight","damage_taken":0,"max_hp_gain":0,"max_hp_loss":0,"event_name":"Colosseum","floor":21,"gold_loss":0},{"damage_healed":0,"gold_gain":0,"player_choice":"Fought Nobs","damage_taken":0,"max_hp_gain":0,"max_hp_loss":0,"event_name":"Colosseum","floor":21,"gold_loss":0}],"is_beta":false,"boss_relics":[{"not_picked":["Empty Cage","Orrery"],"picked":"Black Blood"}],"items_purged_floors":[20],"is_endless":false,"potions_floor_spawned":[1,2,7,18],"killed_by":"Colosseum Nobs","ascension_level":5}