{"gold_per_floor":[110,110,110,127,127,127,157,169,239,272,297,309,334,346,358,474,486,481,506,518,334,334,334,350,385,465,187,207,207,207,222,222,222],"floor_reached":33,"playtime":941,"items_purged":["Strike_R","Strike_R"],"score":275,"play_id":"bbe228cf-45e2-4e9a-b93f-459d04685ae4","local_time":"20190103164156","is_ascension_mode":false,"campfire_choices":[{"data":"Bash","floor":6.0,"key":"SMITH"},{"data":"Searing Blow+1","floor":12.0,"key":"SMITH"},{"data":"Searing Blow+2","floor":15.0,"key":"SMITH"},{"data":"Searing Blow+4","floor":23.0,"key":"SMITH"},{"floor":30,"key":"REST"},{"data":"Searing Blow+5","floor":32,"key":"SMITH"}],"neow_cost":"NONE","seed_source_timestamp":83671622195692,"circlet_count":0,"master_deck":["Strike_R","Strike_R+1","Defend_R","Defend_R","Defend_R+1","Defend_R","Bash+1","Searing Blow+6"],"special_seed":0,"relics":["Burning Blood","Bronze Scales","Letter Opener","MawBank","Black Star","Tiny Chest","Ancient Tea Set","Question Card","The Courier","Self Forming Clay"],"potions_floor_usage":[33,33],"damage_taken":[{"damage":7.0,"enemies":"2 Louse","floor":1.0,"turns":4.0},{"damage":2.0,"enemies":"Small Slimes","floor":4.0,"turns":4.0},{"damage":28.0,"enemies":"3 Sentries","floor":7.0,"turns":10.0},{"damage":1.0,"enemies":"Jaw Worm","floor":8.0,"turns":3.0},{"damage":15.0,"enemies":"Gremlin Nob","floor":10.0,"turns":4.0},{"damage":2.0,"enemies":"Looter","floor":11.0,"turns":3.0},{"damage":7.0,"enemies":"Gremlin Gang","floor":13.0,"turns":4.0},{"damage":29.0,"enemies":"Slime Boss","floor":16.0,"turns":7.0},{"damage":17.0,"enemies":"2 Thieves","floor":18.0,"turns":4.0},{"damage":12.0,"enemies":"Chosen","floor":19.0,"turns":4.0},{"damage":19.0,"enemies":"Snake Plant","floor":24.0,"turns":3.0},{"damage":40.0,"enemies":"Gremlin Leader","floor":25.0,"turns":6.0},{"damage":16,"enemies":"Chosen and Byrds","floor":28,"turns":3},{"damage":8,"enemies":"Shelled Parasite and Fungi","floor":31,"turns":3},{"damage":42,"enemies":"Collector","floor":33,"turns":3}],"seed_played":"8780710832374975697","potions_obtained":[{"floor":4.0,"key":"Swift Potion"},{"floor":7.0,"key":"AttackPotion"},{"floor":11.0,"key":"Swift Potion"},{"floor":16.0,"key":"Dexterity Potion"},{"floor":19.0,"key":"BloodPotion"},{"floor":28,"key":"Swift Potion"},{"floor":31,"key":"LiquidBronze"}],"is_trial":false,"path_per_floor":["M","?","?","M","?","R","E","M","T","E","M","R","M","?","R","B",null,"M","M","?","$","?","R","M","E","T","$","M","?","R","M","R","B"],"character_chosen":"IRONCLAD","items_purchased":["Tiny Chest","Self Forming Clay"],"campfire_rested":1,"item_purchase_floors":[21,27],"current_hp_per_floor":[79,63,68,72,72,72,50,55,55,46,50,50,49,49,49,26,85,74,68,68,68,68,68,63,29,29,29,19,19,44,42,42,0],"gold":222,"neow_bonus":"REMOVE_CARD","is_prod":false,"is_daily":false,"chose_seed":false,"campfire_upgraded":5,"win_rate":0,"timestamp":1546526516,"path_taken":["M","?","?","?","?","R","E","M","T","E","M","R","?","?","R","BOSS","M","M","?","$","?","R","M","E","T","$","?","?","R","M","R","BOSS"],"build_version":"2018-12-20","purchased_purges":2,"victory":false,"max_hp_per_floor":[80,80,85,85,85,85,85,85,85,85,85,85,85,85,85,85,85,85,85,85,85,85,85,85,85,85,85,85,85,85,85,85,85],"card_choices":[{"not_picked":["Twin Strike","Blood for Blood","Clothesline"],"picked":"SKIP","floor":1.0},{"not_picked":["Clothesline","True Grit"],"picked":"Searing Blow","floor":4.0},{"not_picked":["Spot Weakness","Blood for Blood","Carnage"],"picked":"SKIP","floor":7.0},{"not_picked":["Armaments","Body Slam","Wild Strike"],"picked":"SKIP","floor":8.0},{"not_picked":["Body Slam","Pummel","Pommel Strike"],"picked":"SKIP","floor":10.0},{"not_picked":["Body Slam","Perfected Strike","Thunderclap"],"picked":"SKIP","floor":11.0},{"not_picked":["Bludgeon","Shrug It Off","Cleave"],"picked":"SKIP","floor":13.0},{"not_picked":["Headbutt","Entrench+1","Warcry"],"picked":"SKIP","floor":18.0},{"not_picked":["Dual Wield","Corruption","Twin Strike"],"picked":"SKIP","floor":19.0},{"not_picked":["Flame Barrier","Anger","Searing Blow"],"picked":"SKIP","floor":24.0},{"not_picked":["Infernal Blade","Havoc","Berserk"],"picked":"SKIP","floor":25.0},{"not_picked":["Wild Strike+1","Fire Breathing+1","Hemokinesis+1","Headbutt+1"],"picked":"SKIP","floor":28},{"not_picked":["Uppercut","Burning Pact+1","Twin Strike","Clothesline"],"picked":"SKIP","floor":31}],"player_experience":78463,"relics_obtained":[{"floor":7.0,"key":"Bronze Scales"},{"floor":9.0,"key":"Letter Opener"},{"floor":10.0,"key":"MawBank"},{"floor":25.0,"key":"Ancient Tea Set"},{"floor":25.0,"key":"Question Card"},{"floor":26.0,"key":"The Courier"}],"event_choices":[{"damage_healed":0.0,"max_hp_gain":0.0,"max_hp_loss":0.0,"gold_gain":0.0,"event_name":"Shining Light","player_choice":"Entered Light","floor":2.0,"gold_loss":0.0,"damage_taken":16.0,"cards_upgraded":["Defend_R","Strike_R"]},{"damage_healed":0.0,"max_hp_gain":5.0,"max_hp_loss":0.0,"gold_gain":0.0,"event_name":"Big Fish","player_choice":"Donut","floor":3.0,"gold_loss":0.0,"damage_taken":0.0},{"damage_healed":0.0,"max_hp_gain":0.0,"max_hp_loss":0.0,"gold_gain":0.0,"event_name":"Accursed Blacksmith","player_choice":"Forge","floor":5.0,"gold_loss":0.0,"damage_taken":0.0,"cards_upgraded":["Searing Blow"]},{"damage_healed":0.0,"max_hp_gain":0.0,"max_hp_loss":0.0,"gold_gain":0.0,"event_name":"Match and Keep!","player_choice":"0 cards matched","floor":14.0,"gold_loss":0.0,"damage_taken":0.0,"cards_obtained":[]},{"damage_healed":0.0,"max_hp_gain":0.0,"max_hp_loss":0.0,"gold_gain":0.0,"event_name":"Vampires","player_choice":"Ignored","floor":20.0,"gold_loss":0.0,"damage_taken":0.0},{"damage_healed":0.0,"max_hp_gain":0.0,"max_hp_loss":0.0,"gold_gain":0.0,"event_name":"Upgrade Shrine","player_choice":"Upgraded","floor":22.0,"gold_loss":0.0,"damage_taken":0.0,"cards_upgraded":["Searing Blow"]},{"damage_healed":0,"gold_gain":0,"player_choice":"Ignored","damage_taken":0,"max_hp_gain":0,"max_hp_loss":0,"event_name":"Duplicator","floor":29,"gold_loss":0}],"is_beta":false,"boss_relics":[{"not_picked":["Coffee Dripper","Snecko Eye"],"picked":"Black Star"}],"items_purged_floors":[21,27],"is_endless":false,"potions_floor_spawned":[4,7,11,16,19,28,31],"killed_by":"Collector","ascension_level":0}