{"gold_per_floor":[116,116,116,133,145,477,477,493,493,643,643,657,675,64,64,64],"floor_reached":16,"playtime":11021,"items_purged":["Regret"],"score":208,"play_id":"5dcb120a-1931-45c0-b9b4-f3456ad58f27","local_time":"20190213171028","is_ascension_mode":true,"campfire_choices":[{"data":"Shockwave","floor":7,"key":"SMITH"},{"data":"Body Slam","floor":15,"key":"SMITH"}],"neow_cost":"NONE","seed_source_timestamp":784145871429957,"circlet_count":0,"master_deck":["AscendersBane","Strike_R","Strike_R","Strike_R","Strike_R","Strike_R","Defend_R","Defend_R","Bash","Pommel Strike","Shockwave+1","Headbutt","Ghostly Armor","Flame Barrier","Body Slam+1","Doubt","Reaper","Feel No Pain","Shrug It Off"],"special_seed":0,"relics":["Burning Blood","Old Coin","FossilizedHelix","Pantograph","Matryoshka"],"potions_floor_usage":[6,13,16],"damage_taken":[{"damage":12.0,"enemies":"Jaw Worm","floor":1.0,"turns":2.0},{"damage":6.0,"enemies":"Cultist","floor":3.0,"turns":3.0},{"damage":12.0,"enemies":"Small Slimes","floor":4.0,"turns":3.0},{"damage":11.0,"enemies":"3 Louse","floor":5.0,"turns":4.0},{"damage":15,"enemies":"3 Sentries","floor":6,"turns":9},{"damage":0,"enemies":"2 Fungi Beasts","floor":8,"turns":4},{"damage":12,"enemies":"Blue Slaver","floor":12,"turns":3},{"damage":0,"enemies":"Looter","floor":13,"turns":3},{"damage":77,"enemies":"Hexaghost","floor":16,"turns":11}],"seed_played":"5561303468308267024","potions_obtained":[{"floor":3.0,"key":"Dexterity Potion"},{"floor":4.0,"key":"GamblersBrew"},{"floor":5.0,"key":"SteroidPotion"},{"floor":8,"key":"Regen Potion"},{"floor":13,"key":"Energy Potion"}],"is_trial":false,"path_per_floor":["M","?","M","M","M","E","R","M","T","?","?","M","M","$","R","B"],"character_chosen":"IRONCLAD","items_purchased":["Matryoshka","Reaper","Feel No Pain","Shrug It Off"],"campfire_rested":0,"item_purchase_floors":[14,14,14,14],"current_hp_per_floor":[62,62,62,56,51,42,42,48,48,48,48,42,48,48,48,14],"gold":64,"neow_bonus":"REMOVE_CARD","is_prod":false,"is_daily":false,"chose_seed":false,"campfire_upgraded":2,"win_rate":0,"timestamp":1550103028,"path_taken":["M","?","?","M","?","E","R","M","T","?","?","M","M","$","R","BOSS"],"build_version":"2019-01-23","purchased_purges":1,"victory":false,"max_hp_per_floor":[75,75,75,75,75,75,75,75,75,75,75,75,75,75,75,75],"card_choices":[{"not_picked":["Seeing Red","Clothesline"],"picked":"Pommel Strike","floor":1.0},{"not_picked":["Cleave","Anger"],"picked":"Headbutt","floor":3.0},{"not_picked":["Rupture","Carnage"],"picked":"Ghostly Armor","floor":4.0},{"not_picked":["Body Slam","Havoc"],"picked":"Flame Barrier","floor":5.0},{"not_picked":["Cleave","Flex","Twin Strike"],"picked":"SKIP","floor":6},{"not_picked":["Flex","Havoc"],"picked":"Body Slam","floor":8},{"not_picked":["Searing Blow","Fire Breathing","Bloodletting"],"picked":"SKIP","floor":12},{"not_picked":["Dual Wield","Wild Strike","Heavy Blade"],"picked":"SKIP","floor":13}],"player_experience":806260,"relics_obtained":[{"floor":6,"key":"Old Coin"},{"floor":9,"key":"FossilizedHelix"}],"event_choices":[{"damage_healed":0.0,"max_hp_gain":0.0,"max_hp_loss":0.0,"gold_gain":0.0,"cards_transformed":["Defend_R"],"event_name":"Transmorgrifier","player_choice":"Transformed","floor":2.0,"gold_loss":0.0,"damage_taken":0.0,"cards_obtained":["Shockwave"]},{"damage_healed":0,"gold_gain":150,"player_choice":"AGREE","damage_taken":0,"max_hp_gain":0,"max_hp_loss":0,"event_name":"Liars Game","floor":10,"gold_loss":0,"cards_obtained":["Doubt"]},{"damage_healed":0,"gold_gain":0,"player_choice":"Box","damage_taken":0,"relics_obtained":["Pantograph"],"max_hp_gain":0,"max_hp_loss":0,"event_name":"Big Fish","floor":11,"gold_loss":0,"cards_obtained":["Regret"]}],"is_beta":false,"boss_relics":[],"items_purged_floors":[14],"is_endless":false,"potions_floor_spawned":[3,4,5,8,13],"killed_by":"Hexaghost","ascension_level":20}