{"gold_per_floor":[11,11,11,31,45,45,72,72,99,110,143,219,245,274,274,378,378,388,62,80,99,14,14,14,14,14,44,44,44,44,62,62,167,167,185,0,0,0,12,42,42,42,42,42,58,91,91,106,106,106],"floor_reached":50,"playtime":2786,"items_purged":["Regret"],"score":730,"play_id":"5aef2802-0b5e-42c7-b34d-259bf0abde09","local_time":"20181103060543","is_ascension_mode":true,"campfire_choices":[{"data":"1","floor":6,"key":"LIFT"},{"data":"2","floor":8,"key":"LIFT"},{"floor":15,"key":"REST"},{"data":"3","floor":23,"key":"LIFT"},{"data":"Armaments","floor":25,"key":"SMITH"},{"data":"Limit Break","floor":30,"key":"SMITH"},{"data":"True Grit","floor":32,"key":"SMITH"},{"data":"Inflame","floor":41,"key":"SMITH"},{"data":"Heavy Blade","floor":42,"key":"SMITH"},{"data":"Heavy Blade","floor":44,"key":"SMITH"},{"floor":49,"key":"REST"}],"neow_cost":"NO_GOLD","seed_source_timestamp":508036942478987,"circlet_count":0,"master_deck":["Defend_R","Defend_R+1","Defend_R","Defend_R+1","Bash","Whirlwind","Armaments+1","Sword Boomerang","Heavy Blade+1","Intimidate","Iron Wave","Limit Break+1","Twin Strike+1","Heavy Blade+1","Inflame+1","Metallicize","True Grit+1","Reaper","Uppercut+1","Anger+1","Reaper+1","Barricade","Limit Break+1"],"relics":["Burning Blood","Girya","Vajra","Paper Frog","Red Skull","Bag of Preparation","Dodecahedron","Odd Mushroom","Shuriken","Runic Cube","Bottled Lightning","WingedGreaves","Ornamental Fan","Blood Vial","Astrolabe","Red Mask","FossilizedHelix","Turnip","Matryoshka"],"potions_floor_usage":[7,11,16,33,39],"damage_taken":[{"damage":12,"enemies":"2 Louse","floor":1,"turns":3},{"damage":5,"enemies":"Small Slimes","floor":4,"turns":3},{"damage":6,"enemies":"Jaw Worm","floor":5,"turns":3},{"damage":34,"enemies":"Lagavulin","floor":7,"turns":5},{"damage":0,"enemies":"2 Fungi Beasts","floor":10,"turns":1},{"damage":4,"enemies":"3 Sentries","floor":11,"turns":3},{"damage":0,"enemies":"The Mushroom Lair","floor":13,"turns":2},{"damage":21,"enemies":"Gremlin Nob","floor":14,"turns":3},{"damage":44,"enemies":"Hexaghost","floor":16,"turns":5},{"damage":10,"enemies":"Chosen","floor":18,"turns":5},{"damage":12,"enemies":"3 Byrds","floor":20,"turns":4},{"damage":23,"enemies":"Snecko","floor":21,"turns":4},{"damage":0,"enemies":"Gremlin Leader","floor":27,"turns":3},{"damage":16,"enemies":"Cultist and Chosen","floor":31,"turns":5},{"damage":35,"enemies":"Collector","floor":33,"turns":6},{"damage":30,"enemies":"3 Darklings","floor":35,"turns":4},{"damage":19,"enemies":"3 Shapes","floor":39,"turns":3},{"damage":17,"enemies":"Nemesis","floor":40,"turns":7},{"damage":23,"enemies":"Jaw Worm Horde","floor":45,"turns":4},{"damage":60,"enemies":"Giant Head","floor":46,"turns":7},{"damage":17,"enemies":"3 Darklings","floor":48,"turns":3},{"damage":46,"enemies":"Donu and Deca","floor":50,"turns":3}],"seed_played":"-5647715941538106479","potions_obtained":[{"floor":5,"key":"FearPotion"},{"floor":7,"key":"FearPotion"},{"floor":10,"key":"SkillPotion"},{"floor":16,"key":"SpeedPotion"},{"floor":21,"key":"LiquidBronze"},{"floor":33,"key":"Ancient Potion"},{"floor":35,"key":"Explosive Potion"},{"floor":40,"key":"SmokeBomb"}],"is_trial":false,"path_per_floor":["M","?","?","M","M","R","E","R","T","M","E","T","?","E","R","B",null,"M","$","M","M","?","R","?","R","T","E","$","?","R","M","R","B",null,"M","?","?","$","M","E","R","R","T","R","M","E","?","M","R","B"],"character_chosen":"IRONCLAD","items_purchased":["Bottled Lightning"],"campfire_rested":2,"item_purchase_floors":[19],"current_hp_per_floor":[74,74,58,59,59,59,31,31,31,37,39,39,45,30,54,16,64,60,60,54,37,37,37,37,37,37,43,43,43,43,35,35,8,62,71,71,71,71,74,65,65,65,65,65,59,18,18,9,33,0],"gold":106,"neow_bonus":"ONE_RARE_RELIC","is_prod":false,"is_daily":false,"chose_seed":false,"campfire_upgraded":6,"win_rate":0,"timestamp":1541187343,"path_taken":["M","?","?","M","M","R","E","R","T","M","E","?","?","E","R","BOSS","M","$","M","M","?","R","?","R","T","E","$","?","R","?","R","BOSS","M","?","?","$","M","E","R","R","T","R","?","E","?","M","R","BOSS"],"build_version":"2018-11-01","purchased_purges":1,"victory":false,"max_hp_per_floor":[80,80,80,80,80,80,80,80,80,80,80,80,80,80,80,80,80,80,80,80,80,80,80,80,80,80,80,80,80,80,80,80,80,80,80,80,80,80,80,80,80,80,80,80,80,80,80,80,80,80],"card_choices":[{"not_picked":["Havoc","Disarm","Battle Trance"],"picked":"SKIP","floor":1},{"not_picked":["Clash","Perfected Strike"],"picked":"Whirlwind","floor":4},{"not_picked":["Seeing Red","Shrug It Off"],"picked":"Armaments","floor":5},{"not_picked":["Shrug It Off","Pummel"],"picked":"Sword Boomerang","floor":7},{"not_picked":["Searing Blow","Dual Wield","Shockwave"],"picked":"SKIP","floor":10},{"not_picked":["Bludgeon","Seeing Red"],"picked":"Heavy Blade","floor":11},{"not_picked":["Ghostly Armor","True Grit"],"picked":"Intimidate","floor":13},{"not_picked":["Seeing Red","Barricade"],"picked":"Iron Wave","floor":14},{"not_picked":["Brutality","Berserk"],"picked":"Limit Break","floor":16},{"not_picked":["Clothesline","Rampage"],"picked":"Twin Strike+1","floor":18},{"not_picked":["Headbutt","Iron Wave"],"picked":"Heavy Blade","floor":20},{"not_picked":["Perfected Strike","Battle Trance","Rampage"],"picked":"SKIP","floor":21},{"not_picked":["Brutality","Evolve"],"picked":"Inflame","floor":27},{"not_picked":["Sword Boomerang","Pommel Strike"],"picked":"True Grit","floor":31},{"not_picked":["Dark Embrace","Juggernaut"],"picked":"Reaper","floor":33},{"not_picked":["Cleave","Clash","Carnage+1"],"picked":"SKIP","floor":35},{"not_picked":["Havoc+1","Armaments","Perfected Strike"],"picked":"SKIP","floor":39},{"not_picked":["Wild Strike","Rampage+1","Twin Strike"],"picked":"SKIP","floor":40},{"not_picked":["Bloodletting","Body Slam+1","Evolve+1"],"picked":"SKIP","floor":45},{"not_picked":["Dual Wield+1","Havoc+1"],"picked":"Barricade","floor":46},{"not_picked":["Body Slam+1","Fire Breathing","Feel No Pain"],"picked":"SKIP","floor":48}],"player_experience":366748,"relics_obtained":[{"floor":7,"key":"Paper Frog"},{"floor":9,"key":"Red Skull"},{"floor":11,"key":"Bag of Preparation"},{"floor":12,"key":"Dodecahedron"},{"floor":13,"key":"Odd Mushroom"},{"floor":14,"key":"Shuriken"},{"floor":26,"key":"Ornamental Fan"},{"floor":27,"key":"Blood Vial"},{"floor":40,"key":"FossilizedHelix"},{"floor":43,"key":"Turnip"},{"floor":46,"key":"Matryoshka"}],"event_choices":[{"damage_healed":0,"gold_gain":0,"player_choice":"Box","damage_taken":0,"relics_obtained":["Vajra"],"max_hp_gain":0,"max_hp_loss":0,"event_name":"Big Fish","floor":2,"gold_loss":0,"cards_obtained":["Regret"]},{"damage_healed":0,"gold_gain":0,"player_choice":"Entered Light","damage_taken":16,"max_hp_gain":0,"max_hp_loss":0,"event_name":"Shining Light","floor":3,"gold_loss":0,"cards_upgraded":["Defend_R","Defend_R"]},{"damage_healed":0,"gold_gain":0,"player_choice":"Fought Mushrooms","damage_taken":0,"max_hp_gain":0,"max_hp_loss":0,"event_name":"Mushrooms","floor":13,"gold_loss":0},{"damage_healed":0,"gold_gain":0,"player_choice":"Obtained Relic","damage_taken":0,"relics_obtained":["WingedGreaves"],"max_hp_gain":0,"max_hp_loss":0,"event_name":"Addict","floor":22,"gold_loss":85},{"damage_healed":0,"gold_gain":0,"player_choice":"Ignored","damage_taken":0,"max_hp_gain":0,"max_hp_loss":0,"event_name":"Ghosts","floor":24,"gold_loss":0},{"damage_healed":0,"gold_gain":0,"cards_transformed":["Strike_R"],"player_choice":"Transformed","damage_taken":0,"max_hp_gain":0,"max_hp_loss":0,"event_name":"Transmorgrifier","floor":29,"gold_loss":0,"cards_obtained":["Metallicize"]},{"damage_healed":0,"gold_gain":0,"player_choice":"Paid","damage_taken":0,"relics_obtained":["Red Mask"],"max_hp_gain":0,"max_hp_loss":0,"event_name":"Tomb of Lord Red Mask","floor":36,"gold_loss":185},{"cards_removed":["Strike_R"],"damage_healed":0,"gold_gain":0,"player_choice":"Purged","damage_taken":0,"max_hp_gain":0,"max_hp_loss":0,"event_name":"Purifier","floor":37,"gold_loss":0},{"damage_healed":0,"gold_gain":0,"player_choice":"Copied","damage_taken":0,"max_hp_gain":0,"max_hp_loss":0,"event_name":"Duplicator","floor":47,"gold_loss":0,"cards_obtained":["Limit Break"]}],"is_beta":false,"boss_relics":[{"not_picked":["Philosopher\u0027s Stone","Tiny House"],"picked":"Runic Cube"},{"not_picked":["Calling Bell","Black Star"],"picked":"Astrolabe"}],"items_purged_floors":[19],"is_endless":false,"potions_floor_spawned":[5,7,10,16,21,33,35,40,45],"killed_by":"Donu and Deca","ascension_level":5}