{"gold_per_floor":[110,110,60,70,83,83,83,83,160,260,282,282,298,309,309,404,404],"floor_reached":17,"playtime":187,"items_purged":[],"score":145,"play_id":"40d81b7e-f9c7-41fb-8172-1463eb82e805","local_time":"20180829070759","is_ascension_mode":false,"campfire_choices":[{"data":"Flex","floor":6,"key":"SMITH"},{"data":"Spot Weakness","floor":8,"key":"SMITH"},{"data":"Sword Boomerang","floor":12,"key":"SMITH"},{"data":"Bash","floor":15,"key":"SMITH"}],"neow_cost":"","seed_source_timestamp":1023303010512753,"circlet_count":0,"master_deck":["Strike_R","Strike_R","Strike_R","Strike_R","Defend_R","Defend_R","Bash+1","Flex+1","Sword Boomerang+1","Spot Weakness+1","Clash","Shrug It Off","Offering"],"relics":["Burning Blood","Self Forming Clay","Odd Mushroom","Ectoplasm"],"potions_floor_usage":[],"damage_taken":[{"damage":7,"enemies":"2 Louse","floor":1,"turns":2},{"damage":6,"enemies":"Jaw Worm","floor":4,"turns":2},{"damage":6,"enemies":"Cultist","floor":5,"turns":3},{"damage":18,"enemies":"The Mushroom Lair","floor":11,"turns":3},{"damage":0,"enemies":"Looter","floor":13,"turns":1},{"damage":12,"enemies":"Blue Slaver","floor":14,"turns":2},{"damage":21,"enemies":"The Guardian","floor":16,"turns":6}],"seed_played":"7720382911988524825","potions_obtained":[{"floor":5,"key":"SneckoOil"},{"floor":11,"key":"SpeedPotion"},{"floor":16,"key":"Regen Potion"}],"is_trial":false,"path_per_floor":["M","?","?","M","M","R","?","R","T","?","?","R","M","M","R","B"],"character_chosen":"IRONCLAD","items_purchased":[],"campfire_rested":0,"item_purchase_floors":[],"current_hp_per_floor":[79,72,72,72,72,72,72,72,72,72,60,60,66,60,60,45,45],"gold":404,"neow_bonus":"","is_prod":false,"is_daily":false,"chose_seed":false,"campfire_upgraded":4,"win_rate":0,"timestamp":1535494079,"path_taken":["M","?","?","M","M","R","?","R","T","?","?","R","?","M","R","BOSS"],"build_version":"2018-08-23v2","purchased_purges":0,"victory":false,"max_hp_per_floor":[80,80,80,80,80,80,80,80,80,80,80,80,80,80,80,80,80],"card_choices":[{"not_picked":["Sever Soul","Metallicize"],"picked":"Flex","floor":1},{"not_picked":["Cleave","Flame Barrier"],"picked":"Sword Boomerang","floor":4},{"not_picked":["Pommel Strike","Pummel"],"picked":"Spot Weakness","floor":5},{"not_picked":["Infernal Blade","Searing Blow"],"picked":"Clash","floor":11},{"not_picked":["Dual Wield","Iron Wave","Metallicize"],"picked":"SKIP","floor":13},{"not_picked":["Thunderclap","Hemokinesis"],"picked":"Shrug It Off","floor":14},{"not_picked":["Double Tap","Brutality"],"picked":"Offering","floor":16}],"player_experience":537988,"relics_obtained":[{"floor":9,"key":"Self Forming Clay"},{"floor":11,"key":"Odd Mushroom"}],"event_choices":[{"event_name":"Golden Wing","player_choice":"Card Removal","floor":2,"damage_taken":0},{"event_name":"The Cleric","player_choice":"Card Removal","floor":3,"damage_taken":0},{"event_name":"Living Wall","player_choice":"Forget","floor":7,"damage_taken":0},{"event_name":"Golden Shrine","player_choice":"Pray","floor":10,"damage_taken":0},{"event_name":"Mushrooms","player_choice":"Fought Mushrooms","floor":11,"damage_taken":0}],"is_beta":false,"boss_relics":[{"not_picked":["Orrery","Runic Pyramid"],"picked":"Ectoplasm"}],"items_purged_floors":[],"is_endless":false,"potions_floor_spawned":[5,11,16],"ascension_level":0}