{"gold_per_floor":[115,115,115,133,153,188,188,217,217,392,100,116,16,16,16,16],"floor_reached":16,"playtime":1031,"items_purged":["Amplify","Doubt"],"score":157,"play_id":"7b0342b4-1649-4025-8ca7-3e5a69a61669","local_time":"20190211120122","is_ascension_mode":true,"campfire_choices":[{"floor":7.0,"key":"REST"},{"data":"Scrape","floor":15.0,"key":"SMITH"}],"neow_cost":"NONE","seed_source_timestamp":331774912108669,"circlet_count":0,"master_deck":["Strike_B","Strike_B","Strike_B","Defend_B","Defend_B","Defend_B","Defend_B","Zap","Dualcast","Chill","Gash","Scrape+1","Reprogram","Turbo","Reboot","FTL","FTL"],"special_seed":0,"relics":["Cracked Core","Orichalcum","Mercury Hourglass","Blue Candle"],"potions_floor_usage":[],"damage_taken":[{"damage":6.0,"enemies":"Cultist","floor":1.0,"turns":4.0},{"damage":5.0,"enemies":"Jaw Worm","floor":4.0,"turns":4.0},{"damage":0.0,"enemies":"Small Slimes","floor":5.0,"turns":4.0},{"damage":24.0,"enemies":"Gremlin Nob","floor":6.0,"turns":4.0},{"damage":19.0,"enemies":"3 Sentries","floor":8.0,"turns":9.0},{"damage":2.0,"enemies":"Exordium Thugs","floor":12.0,"turns":3.0},{"damage":42,"enemies":"The Guardian","floor":16,"turns":9}],"seed_played":"2723980477418486847","potions_obtained":[{"floor":1.0,"key":"Swift Potion"},{"floor":4.0,"key":"Explosive Potion"}],"is_trial":false,"path_per_floor":["M","?","?","M","M","E","R","E","T","?","$","M","$","$","R","B"],"character_chosen":"DEFECT","items_purchased":["Reboot","FTL"],"campfire_rested":1,"item_purchase_floors":[11,11],"current_hp_per_floor":[62,62,67,62,62,38,62,43,43,43,43,41,41,41,41,0],"gold":16,"neow_bonus":"ONE_RANDOM_RARE_CARD","is_prod":false,"is_daily":false,"chose_seed":false,"campfire_upgraded":1,"win_rate":0,"timestamp":1549908082,"path_taken":["M","?","?","?","M","E","R","E","T","?","$","M","?","$","R","BOSS"],"build_version":"2019-01-23","purchased_purges":2,"victory":false,"max_hp_per_floor":[75,75,80,80,80,80,80,80,80,80,80,80,80,80,80,80],"card_choices":[{"not_picked":["White Noise","Beam Cell"],"picked":"Chill","floor":1.0},{"not_picked":["Compile Driver","Scrape"],"picked":"Gash","floor":4.0},{"not_picked":["Steam","Lockon"],"picked":"Scrape","floor":5.0},{"not_picked":["Biased Cognition","Defragment"],"picked":"Reprogram","floor":6.0},{"not_picked":["Skim","Rebound"],"picked":"Turbo","floor":8.0},{"not_picked":["Consume","Compile Driver"],"picked":"FTL","floor":12.0}],"player_experience":275170,"relics_obtained":[{"floor":6.0,"key":"Orichalcum"},{"floor":8.0,"key":"Mercury Hourglass"},{"floor":9.0,"key":"Blue Candle"}],"event_choices":[{"cards_removed":["Strike_B"],"damage_healed":0.0,"max_hp_gain":0.0,"max_hp_loss":0.0,"gold_gain":0.0,"event_name":"Living Wall","player_choice":"Forget","floor":2.0,"gold_loss":0.0,"damage_taken":0.0},{"damage_healed":0.0,"max_hp_gain":5.0,"max_hp_loss":0.0,"gold_gain":0.0,"event_name":"Big Fish","player_choice":"Donut","floor":3.0,"gold_loss":0.0,"damage_taken":0.0},{"damage_healed":0.0,"max_hp_gain":0.0,"max_hp_loss":0.0,"gold_gain":175.0,"event_name":"Liars Game","player_choice":"AGREE","floor":10.0,"gold_loss":0.0,"damage_taken":0.0,"cards_obtained":["Doubt"]}],"is_beta":false,"boss_relics":[],"items_purged_floors":[11,13],"is_endless":false,"potions_floor_spawned":[1,4],"killed_by":"The Guardian","ascension_level":9}