{"gold_per_floor":[114,114,126,126,51,51,84,84,84,98,111,140,152,180,180,254,254,264,275,275,287,297,297,330,255,278,278,295,324,324,14,14,93,93,110,110,128,148,167,167,217,217,217,217,217,234,234,249,249,249],"floor_reached":50,"playtime":1934,"items_purged":["Defend_R"],"score":1079,"play_id":"b458cddb-d715-4c60-a689-c2e07a93598a","local_time":"20180828044215","is_ascension_mode":true,"campfire_choices":[{"data":"Clash","floor":6,"key":"SMITH"},{"data":"Clash","floor":8,"key":"SMITH"},{"data":"Pommel Strike","floor":15,"key":"SMITH"},{"data":"Bash","floor":23,"key":"SMITH"},{"floor":27,"key":"REST"},{"floor":30,"key":"REST"},{"floor":32,"key":"REST"},{"floor":40,"key":"REST"},{"data":"Strike_R","floor":42,"key":"SMITH"},{"data":"Strike_R","floor":45,"key":"SMITH"},{"floor":49,"key":"REST"}],"neow_cost":"NONE","seed_source_timestamp":926412312943402,"circlet_count":0,"master_deck":["Strike_R+1","Strike_R+1","Bash+1","AscendersBane","Clash+1","Uppercut+1","Clash+1","Double Tap+1","Armaments+1","True Grit+1","Pommel Strike+1","Flex+1","Shrug It Off+1","Limit Break+1","Evolve+1","Second Wind+1","Pommel Strike+1","Flex+1","Shockwave+1","Rage+1","True Grit+1","Power Through+1","Impervious+1","Flex+1","Master of Strategy+1","Impervious+1","Flex+1","Limit Break+1","Thunderclap+1","Madness+1","Madness+1","Uppercut"],"relics":["Burning Blood","Toxic Egg 2","Self Forming Clay","Meat on the Bone","Happy Flower","Astrolabe","Oddly Smooth Stone","Potion Belt","Juzu Bracelet","Mercury Hourglass","Sozu","Magic Flower"],"potions_floor_usage":[11,12,13,14,19,24,29,39],"damage_taken":[{"damage":2,"enemies":"2 Louse","floor":1,"turns":4},{"damage":0,"enemies":"Cultist","floor":3,"turns":2},{"damage":24,"enemies":"Gremlin Nob","floor":7,"turns":4},{"damage":0,"enemies":"Jaw Worm","floor":10,"turns":1},{"damage":0,"enemies":"Lots of Slimes","floor":11,"turns":1},{"damage":6,"enemies":"Lagavulin","floor":12,"turns":4},{"damage":6,"enemies":"Red Slaver","floor":13,"turns":3},{"damage":20,"enemies":"3 Sentries","floor":14,"turns":5},{"damage":37,"enemies":"Hexaghost","floor":16,"turns":9},{"damage":33,"enemies":"3 Byrds","floor":18,"turns":6},{"damage":0,"enemies":"Spheric Guardian","floor":19,"turns":3},{"damage":26,"enemies":"Snake Plant","floor":21,"turns":4},{"damage":18,"enemies":"Sentry and Sphere","floor":22,"turns":5},{"damage":39,"enemies":"Slavers","floor":24,"turns":7},{"damage":30,"enemies":"Chosen and Byrds","floor":28,"turns":10},{"damage":40,"enemies":"Gremlin Leader","floor":29,"turns":9},{"damage":15,"enemies":"Champ","floor":33,"turns":7},{"damage":18,"enemies":"3 Darklings","floor":35,"turns":5},{"damage":32,"enemies":"Flame Bruiser 1 Orb","floor":37,"turns":7},{"damage":28,"enemies":"4 Shapes","floor":38,"turns":5},{"damage":11,"enemies":"Maw","floor":39,"turns":5},{"damage":20,"enemies":"Flame Bruiser 2 Orb","floor":46,"turns":5},{"damage":27,"enemies":"4 Shapes","floor":48,"turns":9},{"damage":86,"enemies":"Time Eater","floor":50,"turns":11}],"seed_played":"-7605438905989302825","potions_obtained":[{"floor":1,"key":"Fire Potion"},{"floor":10,"key":"AttackPotion"},{"floor":11,"key":"FearPotion"},{"floor":13,"key":"Ancient Potion"},{"floor":14,"key":"BloodPotion"},{"floor":16,"key":"Swift Potion"},{"floor":19,"key":"GamblersBrew"},{"floor":24,"key":"EssenceOfSteel"},{"floor":29,"key":"FearPotion"}],"is_trial":false,"path_per_floor":["M","?","M","?","?","R","E","R","T","M","M","E","M","E","R","B",null,"M","M","T","M","M","R","E","?","T","R","M","E","R","$","R","B",null,"M","?","M","M","M","R","?","R","T","$","R","M","?","M","R"],"character_chosen":"IRONCLAD","items_purchased":["Master of Strategy+1"],"campfire_rested":5,"item_purchase_floors":[31],"current_hp_per_floor":[72,72,75,75,75,75,57,57,57,63,69,69,69,55,55,36,65,50,56,56,48,48,48,27,27,27,49,37,22,44,44,66,57,71,59,59,45,35,42,64,57,57,57,57,57,64,50,50,72,0],"gold":249,"neow_bonus":"THREE_CARDS","is_prod":false,"is_daily":false,"chose_seed":false,"campfire_upgraded":6,"win_rate":0,"timestamp":1535398935,"path_taken":["M","?","M","?","?","R","E","R","T","?","M","E","M","E","R","BOSS","M","M","?","?","M","R","E","?","T","R","M","E","R","$","R","BOSS","M","?","M","M","M","R","?","R","T","$","R","M","?","M","R","BOSS"],"build_version":"2018-08-23v2","purchased_purges":1,"victory":false,"max_hp_per_floor":[75,75,75,75,75,75,75,75,75,75,75,75,75,75,75,75,75,75,75,75,75,75,75,75,75,75,75,75,75,75,75,75,75,75,75,75,75,75,75,75,75,75,75,75,75,75,75,75,75,75],"card_choices":[{"not_picked":["Hemokinesis","Pommel Strike"],"picked":"Clash","floor":0},{"not_picked":["Anger","Sword Boomerang"],"picked":"Uppercut","floor":1},{"not_picked":["Reckless Charge","Havoc"],"picked":"Clash","floor":3},{"not_picked":["Uppercut","Shrug It Off"],"picked":"Double Tap","floor":7},{"not_picked":["Body Slam","Wild Strike"],"picked":"Armaments+1","floor":10},{"not_picked":["Power Through+1","Twin Strike"],"picked":"True Grit+1","floor":11},{"not_picked":["Thunderclap","Entrench+1"],"picked":"Pommel Strike","floor":12},{"not_picked":["Clothesline","Sword Boomerang"],"picked":"Flex+1","floor":13},{"not_picked":["Armaments+1","Cleave"],"picked":"Shrug It Off+1","floor":14},{"not_picked":["Brutality","Bludgeon"],"picked":"Limit Break+1","floor":16},{"not_picked":["Havoc+1","Power Through+1"],"picked":"Flex+1","floor":18},{"not_picked":["Flex+1","Anger"],"picked":"Shockwave+1","floor":19},{"not_picked":["Twin Strike","Thunderclap"],"picked":"Rage+1","floor":21},{"not_picked":["Clash","Intimidate+1"],"picked":"True Grit+1","floor":22},{"not_picked":["Shrug It Off+1","Body Slam"],"picked":"Power Through+1","floor":24},{"not_picked":["Heavy Blade+1","Shrug It Off+1"],"picked":"Impervious+1","floor":28},{"not_picked":["Wild Strike","Uppercut"],"picked":"Flex+1","floor":29},{"not_picked":["Fiend Fire","Demon Form"],"picked":"Impervious+1","floor":33},{"not_picked":["Inflame","Heavy Blade"],"picked":"Flex+1","floor":35},{"not_picked":["Clothesline","Perfected Strike","Warcry+1"],"picked":"SKIP","floor":37},{"not_picked":["Body Slam","Wild Strike","Perfected Strike"],"picked":"SKIP","floor":38},{"not_picked":["Clothesline","Sword Boomerang","Fire Breathing+1"],"picked":"SKIP","floor":39},{"not_picked":["Clothesline+1","Sword Boomerang"],"picked":"Thunderclap+1","floor":46},{"not_picked":["Thunderclap","Clothesline"],"picked":"Uppercut","floor":48}],"player_experience":522284,"relics_obtained":[{"floor":7,"key":"Toxic Egg 2"},{"floor":9,"key":"Self Forming Clay"},{"floor":12,"key":"Meat on the Bone"},{"floor":14,"key":"Happy Flower"},{"floor":20,"key":"Oddly Smooth Stone"},{"floor":24,"key":"Potion Belt"},{"floor":26,"key":"Juzu Bracelet"},{"floor":29,"key":"Mercury Hourglass"},{"floor":43,"key":"Magic Flower"}],"event_choices":[{"event_name":"Bonfire Elementals","player_choice":"BASIC","floor":2,"damage_taken":0},{"event_name":"Upgrade Shrine","player_choice":"Upgraded","floor":4,"damage_taken":0},{"event_name":"The Cleric","player_choice":"Card Removal","floor":5,"damage_taken":0},{"event_name":"Beggar","player_choice":"Gave Gold","floor":25,"damage_taken":0},{"event_name":"Duplicator","player_choice":"One dupe","floor":36,"damage_taken":0},{"event_name":"FaceTrader","player_choice":"Touch","floor":41,"damage_taken":0},{"event_name":"Winding Halls","player_choice":"Embrace Madness","floor":47,"damage_taken":0}],"is_beta":false,"boss_relics":[{"not_picked":["Eternal Feather","White Beast Statue"],"picked":"Astrolabe"},{"not_picked":["Runic Pyramid","Black Star"],"picked":"Sozu"}],"items_purged_floors":[31],"is_endless":false,"potions_floor_spawned":[1,10,11,13,14,16,19,24,29,37,39,48],"killed_by":"Time Eater","ascension_level":20}