{"gold_per_floor":[369,32,32,50,65,96,96,127,127,147,173,3,3,19,19,120,120,134,59,69,69,86,121,121,53,53,70,87,139,139,166,166,262,262,278,292,5,23,68,68,86,86,86,111,126,126,142,142,142,142],"floor_reached":51,"playtime":3612,"items_purged":["Strike_G","Defend_G"],"score":850,"play_id":"991c9cd1-b8ac-41e5-89cf-494f2ad29b36","local_time":"20180907220455","is_ascension_mode":true,"campfire_choices":[{"data":"Footwork","floor":7.0,"key":"SMITH"},{"data":"Dash","floor":13.0,"key":"SMITH"},{"data":"Flechettes","floor":15.0,"key":"SMITH"},{"data":"Footwork","floor":24.0,"key":"SMITH"},{"data":"Caltrops","floor":30,"key":"SMITH"},{"data":"Dash","floor":32,"key":"SMITH"},{"data":"1","floor":40,"key":"LIFT"},{"data":"2","floor":49,"key":"LIFT"}],"neow_cost":"CURSE","seed_source_timestamp":0,"circlet_count":0,"master_deck":["Defend_G","Defend_G","Defend_G","Strike_G","Strike_G","Strike_G","Strike_G","Survivor","Neutralize","Heel Hook","Crippling Poison","Footwork+1","Dodge and Roll","All Out Attack","Poisoned Stab","Flechettes+1","Dodge and Roll","Dash+1","Grand Finale","Adrenaline","Dodge and Roll","Flying Knee+1","Footwork+1","Dash+1","Caltrops+1","Caltrops+1","Bullet Time","Blur","Dodge and Roll","Flying Knee+1","Footwork","Footwork","Blur+1"],"special_seed":0,"relics":["Ring of the Snake","Bronze Scales","Gambling Chip","Pantograph","Mercury Hourglass","Odd Mushroom","Runic Pyramid","Boot","Blue Candle","Blood Vial","Ancient Tea Set","Orrery","ClockworkSouvenir","Girya","PreservedInsect","Oddly Smooth Stone","Tingsha"],"potions_floor_usage":[31,33,33,41,41,45,50],"damage_taken":[{"damage":1.0,"enemies":"Small Slimes","floor":1.0,"turns":3.0},{"damage":5.0,"enemies":"Jaw Worm","floor":4.0,"turns":3.0},{"damage":0.0,"enemies":"Cultist","floor":5.0,"turns":4.0},{"damage":19.0,"enemies":"Gremlin Nob","floor":6.0,"turns":6.0},{"damage":6.0,"enemies":"Lagavulin","floor":8.0,"turns":7.0},{"damage":0.0,"enemies":"Blue Slaver","floor":10.0,"turns":3.0},{"damage":6.0,"enemies":"The Mushroom Lair","floor":11.0,"turns":2.0},{"damage":0.0,"enemies":"2 Fungi Beasts","floor":14.0,"turns":2.0},{"damage":1.0,"enemies":"The Guardian","floor":16.0,"turns":12.0},{"damage":0.0,"enemies":"Spheric Guardian","floor":18.0,"turns":3.0},{"damage":0.0,"enemies":"3 Byrds","floor":20.0,"turns":3.0},{"damage":16.0,"enemies":"Snake Plant","floor":22.0,"turns":3.0},{"damage":19.0,"enemies":"Slavers","floor":23.0,"turns":4.0},{"damage":0.0,"enemies":"Centurion and Healer","floor":27.0,"turns":6.0},{"damage":5.0,"enemies":"Sentry and Sphere","floor":28.0,"turns":5.0},{"damage":11,"enemies":"Book of Stabbing","floor":31,"turns":5},{"damage":28,"enemies":"Automaton","floor":33,"turns":11},{"damage":22,"enemies":"3 Darklings","floor":35,"turns":5},{"damage":0,"enemies":"3 Shapes","floor":36,"turns":5},{"damage":0,"enemies":"Sphere and 2 Shapes","floor":38,"turns":8},{"damage":13,"enemies":"Mysterious Sphere","floor":39,"turns":6},{"damage":11,"enemies":"3 Darklings","floor":41,"turns":5},{"damage":12,"enemies":"2 Orb Walkers","floor":44,"turns":4},{"damage":11,"enemies":"Reptomancer","floor":45,"turns":7},{"damage":4,"enemies":"Mind Bloom Boss Battle","floor":46,"turns":6},{"damage":0,"enemies":"Spire Growth","floor":47,"turns":6},{"damage":0,"enemies":"Time Eater","floor":50,"turns":12}],"seed_played":"8788077725384219205","potions_obtained":[{"floor":1.0,"key":"Poison Potion"},{"floor":6.0,"key":"Poison Potion"},{"floor":8.0,"key":"Ancient Potion"},{"floor":10.0,"key":"Dexterity Potion"},{"floor":20.0,"key":"EntropicBrew"},{"floor":27.0,"key":"Energy Potion"},{"floor":31,"key":"Fire Potion"},{"floor":35,"key":"GamblersBrew"},{"floor":38,"key":"Energy Potion"},{"floor":45,"key":"Swift Potion"}],"is_trial":false,"path_per_floor":["M","$","?","M","M","E","R","E","T","M","?","$","R","M","R","B",null,"M","?","M","$","M","E","R","$","T","M","M","T","R","E","R","B",null,"M","M","$","M","?","R","M","$","T","E","M","?","M","?","R","B"],"character_chosen":"THE_SILENT","items_purchased":["Crippling Poison","Bronze Scales","Footwork","Dash","Dash","ClockworkSouvenir","Footwork"],"campfire_rested":0,"item_purchase_floors":[2,2,2,12,25,37,37],"current_hp_per_floor":[69,69,62,57,57,38,38,32,32,32,26,26,26,26,26,50,70,70,70,70,70,54,35,35,35,35,35,30,30,30,21,21,20,70,48,50,50,52,41,41,32,32,32,22,13,36,38,38,38,65],"gold":142,"neow_bonus":"TWO_FIFTY_GOLD","is_prod":false,"is_daily":false,"chose_seed":false,"campfire_upgraded":6,"win_rate":0,"timestamp":1536323695,"path_taken":["M","$","?","M","M","E","R","E","T","?","?","$","R","M","R","BOSS","M","?","M","$","M","E","R","?","T","M","?","?","R","E","R","BOSS","M","M","$","M","?","R","M","$","T","E","M","?","?","?","R","BOSS"],"build_version":"2018-09-06","purchased_purges":2,"victory":true,"max_hp_per_floor":[70,70,70,70,70,70,70,70,70,70,70,70,70,70,70,70,70,70,70,70,70,70,70,70,70,70,70,70,70,70,70,70,70,70,70,70,70,70,70,70,70,70,70,70,70,70,70,66,66,66],"card_choices":[{"not_picked":["Dagger Spray","Acrobatics"],"picked":"Heel Hook","floor":1.0},{"not_picked":["Flechettes","Choke"],"picked":"Dodge and Roll","floor":4.0},{"not_picked":["Deflect","Slice","Acrobatics"],"picked":"SKIP","floor":5.0},{"not_picked":["Choke","Endless Agony"],"picked":"All Out Attack","floor":6.0},{"not_picked":["Calculated Gamble","Masterful Stab"],"picked":"Poisoned Stab","floor":8.0},{"not_picked":["PiercingWail","Finisher"],"picked":"Flechettes","floor":10.0},{"not_picked":["Concentrate","Expertise"],"picked":"Dodge and Roll","floor":11.0},{"not_picked":["Dagger Spray","Bane"],"picked":"Grand Finale","floor":14.0},{"not_picked":["Malaise","Tools of the Trade"],"picked":"Adrenaline","floor":16.0},{"not_picked":["Poisoned Stab","Reflex"],"picked":"Dodge and Roll","floor":18.0},{"not_picked":["Blade Dance","Deflect"],"picked":"Flying Knee+1","floor":20.0},{"not_picked":["Dagger Throw","Backflip","Cloak And Dagger"],"picked":"SKIP","floor":22.0},{"not_picked":["Heel Hook+1","Bane"],"picked":"Footwork","floor":23.0},{"not_picked":["Grand Finale","All Out Attack"],"picked":"Caltrops","floor":27.0},{"not_picked":["Blade Dance","Cloak And Dagger"],"picked":"Caltrops+1","floor":28.0},{"not_picked":["Eviscerate","Finisher","Storm of Steel"],"picked":"SKIP","floor":31},{"not_picked":["Doppelganger","After Image"],"picked":"Bullet Time","floor":33},{"not_picked":["PiercingWail","Outmaneuver"],"picked":"Blur","floor":34},{"not_picked":["Eviscerate","Slice"],"picked":"Dodge and Roll","floor":34},{"not_picked":["Prepared","Outmaneuver","Blade Dance+1"],"picked":"SKIP","floor":35},{"not_picked":["Catalyst","Acrobatics+1"],"picked":"Flying Knee+1","floor":36},{"not_picked":["Blade Dance","Dash","Quick Slash"],"picked":"SKIP","floor":38},{"not_picked":["Tools of the Trade","Sucker Punch+1"],"picked":"Footwork","floor":41},{"not_picked":["Backflip","Quick Slash"],"picked":"Blur+1","floor":44},{"not_picked":["Flying Knee","Blade Dance","Bane+1"],"picked":"SKIP","floor":45},{"not_picked":["Slice","Blade Dance+1","Heel Hook+1"],"picked":"SKIP","floor":47}],"player_experience":144577,"relics_obtained":[{"floor":6.0,"key":"Gambling Chip"},{"floor":8.0,"key":"Pantograph"},{"floor":9.0,"key":"Mercury Hourglass"},{"floor":11.0,"key":"Odd Mushroom"},{"floor":23.0,"key":"Boot"},{"floor":26.0,"key":"Blue Candle"},{"floor":29,"key":"Blood Vial"},{"floor":31,"key":"Ancient Tea Set"},{"floor":39,"key":"Girya"},{"floor":43,"key":"PreservedInsect"},{"floor":44,"key":"Oddly Smooth Stone"},{"floor":46,"key":"Tingsha"}],"event_choices":[{"event_name":"Golden Wing","player_choice":"Card Removal","floor":3.0,"damage_taken":0.0},{"event_name":"Mushrooms","player_choice":"Fought Mushrooms","floor":11.0,"damage_taken":0.0},{"event_name":"Beggar","player_choice":"Gave Gold","floor":19.0,"damage_taken":0.0},{"event_name":"Mysterious Sphere","player_choice":"Fight","floor":39,"damage_taken":0},{"event_name":"MindBloom","player_choice":"Fight","floor":46,"damage_taken":0},{"event_name":"Winding Halls","player_choice":"Max HP","floor":48,"damage_taken":0}],"is_beta":false,"boss_relics":[{"not_picked":["Astrolabe","Ectoplasm"],"picked":"Runic Pyramid"},{"not_picked":["Pandora\u0027s Box","Runic Dome"],"picked":"Orrery"}],"items_purged_floors":[2,12],"is_endless":false,"potions_floor_spawned":[1,6,8,10,20,27,31,35,38,39,45],"ascension_level":2}