{"gold_per_floor":[111,186,201,376,427,462,462,361,361,164,164,177,189,138,138,243,243,261,65,65,65,83,83,98,117,117,117,135,84,84,84,84,84],"floor_reached":33,"playtime":1477,"items_purged":["Doubt","Strike_B","Strike_B"],"score":243,"play_id":"fd775b62-ebe3-42f9-bdbf-f2c8f00eef8f","local_time":"20190213002054","is_ascension_mode":false,"campfire_choices":[{"floor":7,"key":"REST"},{"floor":15,"key":"REST"},{"floor":23,"key":"REST"},{"floor":30,"key":"REST"},{"floor":32,"key":"REST"}],"neow_cost":"NONE","seed_source_timestamp":260840916350708,"circlet_count":0,"master_deck":["Strike_B","Defend_B","Defend_B","Defend_B","Defend_B","Zap","Dualcast","Thunder Strike","Sweeping Beam","Beam Cell","Multi-Cast","Ball Lightning","Redo","Defragment","Leap+1","Beam Cell","Coolheaded+1","Coolheaded+1","Reboot+1","Ball Lightning+1","Glacier+1","Redo+1","Leap+1","Glacier+1","Redo+1","FTL"],"relics":["Cracked Core","Dream Catcher","Blood Vial","Toxic Egg 2","Fusion Hammer","Gremlin Horn","Nilry\u0027s Codex","Dodecahedron"],"potions_floor_usage":[25,28,33,33,33],"damage_taken":[{"damage":1,"enemies":"2 Louse","floor":1,"turns":3},{"damage":9,"enemies":"Jaw Worm","floor":3,"turns":4},{"damage":32,"enemies":"Gremlin Nob","floor":6,"turns":4},{"damage":0,"enemies":"Small Slimes","floor":12,"turns":3},{"damage":5,"enemies":"Looter","floor":13,"turns":2},{"damage":23,"enemies":"Hexaghost","floor":16,"turns":9},{"damage":18,"enemies":"Spheric Guardian","floor":18,"turns":4},{"damage":5,"enemies":"Chosen","floor":22,"turns":4},{"damage":18,"enemies":"Centurion and Healer","floor":24,"turns":5},{"damage":4,"enemies":"Snake Plant","floor":25,"turns":3},{"damage":30,"enemies":"3 Cultists","floor":28,"turns":5},{"damage":56,"enemies":"Champ","floor":33,"turns":15}],"seed_played":"-2843435272704555887","potions_obtained":[{"floor":12,"key":"SkillPotion"},{"floor":13,"key":"Fire Potion"},{"floor":18,"key":"AttackPotion"},{"floor":21,"key":"Block Potion"},{"floor":25,"key":"Poison Potion"},{"floor":28,"key":"SpeedPotion"}],"is_trial":false,"path_per_floor":["M","?","M","?","T","E","R","$","T","$","?","M","M","$","R","B",null,"M","$","?","?","M","R","M","M","T","?","M","$","R","T","R","B"],"character_chosen":"DEFECT","items_purchased":["Redo","Defragment","Leap+1","Coolheaded+1","Glacier+1","Redo+1"],"campfire_rested":5,"item_purchase_floors":[8,10,10,14,19,29],"current_hp_per_floor":[74,63,54,54,54,22,44,44,44,44,37,39,36,36,58,37,75,57,57,43,43,40,64,48,46,46,30,2,2,26,26,50,0],"gold":84,"neow_bonus":"ONE_RANDOM_RARE_CARD","is_prod":false,"is_daily":false,"chose_seed":false,"campfire_upgraded":0,"win_rate":0,"timestamp":1549984854,"path_taken":["M","?","M","?","?","E","R","$","T","$","?","M","M","?","R","BOSS","M","$","?","?","?","R","M","M","T","?","M","$","R","?","R","BOSS"],"build_version":"2019-01-23","purchased_purges":3,"victory":false,"max_hp_per_floor":[75,75,75,75,75,75,75,75,75,75,75,75,75,75,75,75,75,75,75,80,80,80,80,80,80,80,80,80,80,80,80,80,80],"card_choices":[{"not_picked":["Compile Driver","Rebound"],"picked":"Sweeping Beam","floor":1},{"not_picked":["BootSequence","Sweeping Beam"],"picked":"Beam Cell","floor":3},{"not_picked":["Hologram","Stack"],"picked":"Multi-Cast","floor":6},{"not_picked":["Conserve Battery","Go for the Eyes"],"picked":"Ball Lightning","floor":7},{"not_picked":["Barrage","Streamline"],"picked":"Beam Cell","floor":12},{"not_picked":["Capacitor","Blizzard"],"picked":"Coolheaded+1","floor":13},{"not_picked":["Creative AI","Amplify+1"],"picked":"Reboot+1","floor":16},{"not_picked":["Rebound","Conserve Battery+1"],"picked":"Ball Lightning+1","floor":18},{"not_picked":["Beam Cell+1","Go for the Eyes"],"picked":"Redo+1","floor":22},{"not_picked":["Rebound+1","Cold Snap"],"picked":"Leap+1","floor":23},{"not_picked":["Barrage","Leap+1"],"picked":"Glacier+1","floor":24},{"not_picked":["Beam Cell+1","Gash+1","Stack+1"],"picked":"SKIP","floor":25},{"not_picked":["Gash","Streamline","Stack+1"],"picked":"SKIP","floor":28},{"not_picked":["Chill+1","Loop+1"],"picked":"FTL","floor":32}],"player_experience":114816,"relics_obtained":[{"floor":5,"key":"Dream Catcher"},{"floor":6,"key":"Blood Vial"},{"floor":9,"key":"Toxic Egg 2"},{"floor":26,"key":"Gremlin Horn"},{"floor":27,"key":"Nilry\u0027s Codex"},{"floor":31,"key":"Dodecahedron"}],"event_choices":[{"damage_healed":0,"gold_gain":75,"player_choice":"Gather Gold","damage_taken":11,"max_hp_gain":0,"max_hp_loss":0,"event_name":"World of Goop","floor":2,"gold_loss":0},{"damage_healed":0,"gold_gain":175,"player_choice":"AGREE","damage_taken":0,"max_hp_gain":0,"max_hp_loss":0,"event_name":"Liars Game","floor":4,"gold_loss":0,"cards_obtained":["Doubt"]},{"cards_removed":["Strike_B"],"damage_healed":0,"gold_gain":0,"player_choice":"Card Removal","damage_taken":7,"max_hp_gain":0,"max_hp_loss":0,"event_name":"Golden Wing","floor":11,"gold_loss":0},{"damage_healed":0,"gold_gain":0,"player_choice":"Shed Blood","damage_taken":19,"max_hp_gain":5,"max_hp_loss":0,"event_name":"Forgotten Altar","floor":20,"gold_loss":0},{"damage_healed":0,"gold_gain":0,"player_choice":"Got Potions","damage_taken":0,"max_hp_gain":0,"max_hp_loss":0,"event_name":"Lab","floor":21,"gold_loss":0},{"damage_healed":0,"gold_gain":0,"player_choice":"Obtained Book","damage_taken":16,"max_hp_gain":0,"max_hp_loss":0,"event_name":"Cursed Tome","floor":27,"gold_loss":0}],"is_beta":false,"boss_relics":[{"not_picked":["Coffee Dripper","Snecko Eye"],"picked":"Fusion Hammer"}],"items_purged_floors":[8,10,19],"is_endless":false,"potions_floor_spawned":[12,13,18,25,28],"killed_by":"Champ","ascension_level":0}