{"gold_per_floor":[115,115,126,51,68,101,113,125,161,173,214,226,238,262,274,363,375,406,418,430,461,473],"floor_reached":22,"playtime":648,"items_purged":["Strike_G"],"score":346,"play_id":"94304188-e5be-49c7-8089-53e14cb321a6","local_time":"20181228124502","is_ascension_mode":true,"campfire_choices":[{"floor":10,"key":"REST"},{"data":"Bouncing Flask","floor":12,"key":"SMITH"},{"data":"Survivor","floor":15,"key":"SMITH"}],"neow_cost":"NONE","seed_source_timestamp":423691405447121,"circlet_count":0,"master_deck":["AscendersBane","Defend_G","Defend_G","Defend_G","Defend_G","Strike_G","Strike_G","Strike_G","Strike_G","Survivor+1","Neutralize+1","Backstab","Poisoned Stab","Predator+1","Venomology+1","Bouncing Flask+1","Crippling Poison","Malaise","Acrobatics","Bouncing Flask+1","Terror"],"relics":["Ring of the Snake","CultistMask","MawBank","Whetstone","Odd Mushroom","Fusion Hammer"],"potions_floor_usage":[11,14,16,18,19,19,21,22,22],"damage_taken":[{"damage":7,"enemies":"2 Louse","floor":1,"turns":4},{"damage":0,"enemies":"Cultist","floor":3,"turns":3},{"damage":0,"enemies":"Small Slimes","floor":5,"turns":4},{"damage":40,"enemies":"Lagavulin","floor":6,"turns":7},{"damage":2,"enemies":"The Mushroom Lair","floor":11,"turns":5},{"damage":1,"enemies":"Blue Slaver","floor":14,"turns":2},{"damage":15,"enemies":"The Guardian","floor":16,"turns":8},{"damage":18,"enemies":"Spheric Guardian","floor":18,"turns":4},{"damage":21,"enemies":"Colosseum Slavers","floor":19,"turns":6},{"damage":4,"enemies":"Shell Parasite","floor":21,"turns":6},{"damage":15,"enemies":"3 Cultists","floor":22,"turns":4}],"seed_played":"6005516530883566104","potions_obtained":[{"floor":1,"key":"Swift Potion"},{"floor":6,"key":"SpeedPotion"},{"floor":16,"key":"Dexterity Potion"},{"floor":21,"key":"Regen Potion"}],"is_trial":false,"path_per_floor":["M","?","M","$","M","E","$","?","T","R","?","R","$","M","R","B",null,"M","?","?","M","M"],"character_chosen":"THE_SILENT","items_purchased":[],"campfire_rested":1,"item_purchase_floors":[],"current_hp_per_floor":[52,52,52,52,52,12,12,12,12,31,29,29,29,28,28,13,53,35,14,14,10,7],"gold":473,"neow_bonus":"REMOVE_CARD","is_prod":false,"is_daily":false,"chose_seed":false,"campfire_upgraded":2,"win_rate":0,"timestamp":1545968702,"path_taken":["M","?","M","$","?","E","$","?","T","R","?","R","?","M","R","BOSS","M","?","?","?","M"],"build_version":"2018-12-20","purchased_purges":1,"victory":false,"max_hp_per_floor":[66,66,66,66,66,66,66,66,66,66,66,66,66,66,66,66,66,66,66,66,66,66],"card_choices":[{"not_picked":["Distraction","Choke"],"picked":"Backstab","floor":1},{"not_picked":["Dodge and Roll","Underhanded Strike"],"picked":"Poisoned Stab","floor":3},{"not_picked":["Deflect","Quick Slash"],"picked":"Predator","floor":5},{"not_picked":["Poisoned Stab","Bane"],"picked":"Venomology","floor":6},{"not_picked":["Dagger Spray","Masterful Stab"],"picked":"Bouncing Flask","floor":11},{"not_picked":["PiercingWail","Backstab"],"picked":"Crippling Poison","floor":14},{"not_picked":["Unload","Glass Knife"],"picked":"Malaise","floor":16},{"not_picked":["Sucker Punch","Deflect"],"picked":"Acrobatics","floor":18},{"not_picked":["Blade Dance","Prepared"],"picked":"Terror","floor":21}],"player_experience":830879,"relics_obtained":[{"floor":6,"key":"MawBank"},{"floor":9,"key":"Whetstone"},{"floor":11,"key":"Odd Mushroom"}],"event_choices":[{"damage_healed":0,"gold_gain":0,"player_choice":"Trade","damage_taken":0,"relics_obtained":["CultistMask"],"max_hp_gain":0,"max_hp_loss":0,"event_name":"FaceTrader","floor":2,"gold_loss":0},{"damage_healed":0,"gold_gain":0,"player_choice":"Grow","damage_taken":0,"max_hp_gain":0,"max_hp_loss":0,"event_name":"Living Wall","floor":8,"gold_loss":0,"cards_upgraded":["Venomology"]},{"damage_healed":0,"gold_gain":0,"player_choice":"Fought Mushrooms","damage_taken":0,"max_hp_gain":0,"max_hp_loss":0,"event_name":"Mushrooms","floor":11,"gold_loss":0},{"damage_healed":0,"gold_gain":0,"player_choice":"Fight","damage_taken":0,"max_hp_gain":0,"max_hp_loss":0,"event_name":"Colosseum","floor":19,"gold_loss":0},{"damage_healed":0,"gold_gain":0,"player_choice":"Fled From Nobs","damage_taken":0,"max_hp_gain":0,"max_hp_loss":0,"event_name":"Colosseum","floor":19,"gold_loss":0},{"damage_healed":0,"gold_gain":0,"player_choice":"Copied","damage_taken":0,"max_hp_gain":0,"max_hp_loss":0,"event_name":"Duplicator","floor":20,"gold_loss":0,"cards_obtained":["Bouncing Flask"]}],"is_beta":false,"boss_relics":[{"not_picked":["Coffee Dripper","HoveringKite"],"picked":"Fusion Hammer"}],"items_purged_floors":[4],"is_endless":false,"potions_floor_spawned":[1,6,16,18,21],"killed_by":"3 Cultists","ascension_level":18}