{"gold_per_floor":[112,122,197,197,197,232,232,246,246,246,246,277,296,33,33,33],"floor_reached":16,"playtime":269,"items_purged":[],"score":266,"play_id":"e5f46a6c-c469-4204-bdfb-bd42f3f4e933","local_time":"20181218051436","is_ascension_mode":true,"campfire_choices":[{"data":"Zap","floor":7,"key":"SMITH"},{"data":"Streamline","floor":10,"key":"SMITH"},{"data":"Streamline","floor":15,"key":"SMITH"}],"neow_cost":"NONE","seed_source_timestamp":385650438958294,"circlet_count":0,"master_deck":["AscendersBane","Strike_B","Strike_B","Strike_B+1","Strike_B","Defend_B","Defend_B","Defend_B","Zap+1","Dualcast+1","Ball Lightning","Streamline+1","Streamline+1","Glacier","Leap","Rip and Tear"],"relics":["Cracked Core","NeowsBlessing","Gremlin Horn","Bag of Preparation","Omamori","Meat on the Bone"],"potions_floor_usage":[12,16],"damage_taken":[{"damage":0,"enemies":"Jaw Worm","floor":1,"turns":1},{"damage":0,"enemies":"Small Slimes","floor":2,"turns":2},{"damage":0,"enemies":"3 Sentries","floor":6,"turns":1},{"damage":0,"enemies":"2 Louse","floor":8,"turns":2},{"damage":6,"enemies":"Gremlin Nob","floor":12,"turns":3},{"damage":11,"enemies":"Exordium Wildlife","floor":13,"turns":5},{"damage":21,"enemies":"Hexaghost","floor":16,"turns":9}],"seed_played":"880834627003426936","potions_obtained":[{"floor":1,"key":"AttackPotion"},{"floor":6,"key":"PowerPotion"}],"is_trial":false,"path_per_floor":["M","M","?","?","?","E","R","M","T","R","?","E","M","$","R","B"],"character_chosen":"DEFECT","items_purchased":["Meat on the Bone"],"campfire_rested":0,"item_purchase_floors":[14],"current_hp_per_floor":[64,64,53,32,32,32,32,32,32,32,37,31,20,20,20,0],"gold":33,"neow_bonus":"THREE_ENEMY_KILL","is_prod":false,"is_daily":false,"chose_seed":false,"campfire_upgraded":3,"win_rate":0,"timestamp":1545077676,"path_taken":["M","M","?","?","?","E","R","?","T","R","?","E","M","$","R","BOSS"],"build_version":"2018-12-13","purchased_purges":0,"victory":false,"max_hp_per_floor":[71,71,71,71,71,71,71,71,71,71,76,76,76,76,76,76],"card_choices":[{"not_picked":["Streamline","Gash"],"picked":"Ball Lightning","floor":1},{"not_picked":["Compile Driver","Coolheaded"],"picked":"Streamline","floor":2},{"not_picked":["Barrage","Leap"],"picked":"Streamline","floor":6},{"not_picked":["Leap","Beam Cell"],"picked":"Glacier","floor":8},{"not_picked":["All For One","Melter"],"picked":"Leap","floor":12},{"not_picked":["Undo","Coolheaded"],"picked":"Rip and Tear","floor":13}],"player_experience":813476,"relics_obtained":[{"floor":6,"key":"Gremlin Horn"},{"floor":9,"key":"Bag of Preparation"},{"floor":12,"key":"Omamori"}],"event_choices":[{"damage_healed":0,"gold_gain":75,"player_choice":"Gather Gold","damage_taken":11,"max_hp_gain":0,"max_hp_loss":0,"event_name":"World of Goop","floor":3,"gold_loss":0},{"damage_healed":0,"gold_gain":0,"player_choice":"Entered Light","damage_taken":21,"max_hp_gain":0,"max_hp_loss":0,"event_name":"Shining Light","floor":4,"gold_loss":0,"cards_upgraded":["Dualcast","Strike_B"]},{"cards_removed":["Defend_B"],"damage_healed":0,"gold_gain":0,"player_choice":"Forget","damage_taken":0,"max_hp_gain":0,"max_hp_loss":0,"event_name":"Living Wall","floor":5,"gold_loss":0},{"damage_healed":0,"gold_gain":0,"player_choice":"Donut","damage_taken":0,"max_hp_gain":5,"max_hp_loss":0,"event_name":"Big Fish","floor":11,"gold_loss":0}],"is_beta":false,"boss_relics":[],"items_purged_floors":[],"is_endless":false,"potions_floor_spawned":[1,6],"killed_by":"Hexaghost","ascension_level":20}