{"gold_per_floor":[116,116,132,144,159,159,39,39,91,105,105,122,153,163,163,268,268,282,109,109,124,134,134,147,147,147,22,34,49,49,66,66,66],"floor_reached":33,"playtime":2057,"items_purged":["Defend_G","Strike_G","Defend_G"],"score":303,"play_id":"768049b4-a4d9-4b55-b04c-5fe1fc991e37","local_time":"20180826200532","is_ascension_mode":false,"campfire_choices":[{"data":"Deadly Poison","floor":6,"key":"SMITH"},{"data":"Blur","floor":8,"key":"SMITH"},{"data":"Deadly Poison","floor":15,"key":"SMITH"},{"data":"Footwork","floor":23,"key":"SMITH"},{"data":"Dash","floor":30,"key":"SMITH"},{"data":"Dodge and Roll","floor":32,"key":"SMITH"}],"neow_cost":"TEN_PERCENT_HP_LOSS","seed_source_timestamp":37657150237273,"circlet_count":0,"master_deck":["Defend_G","Defend_G","Defend_G","Strike_G","Strike_G","Strike_G","Survivor","Neutralize","Venomology+1","Bane","Deadly Poison+1","Blur+1","Catalyst","Bane+1","Deadly Poison+1","Dash+1","Backflip","Venomology","Bane","Footwork+1","Dodge and Roll+1","Bane","Caltrops+1","Crippling Poison+1"],"relics":["Ring of the Snake","Bronze Scales","Blood Vial","Black Star","Frozen Egg 2"],"potions_floor_usage":[1,1,3,4,10,12,13,13,13,16,16,16,16,18,21,21,21,21,22,24,24,24,28,28,28,28,29,29,31,31,31,33,33,33],"damage_taken":[{"damage":0,"enemies":"Jaw Worm","floor":1,"turns":4},{"damage":0,"enemies":"Cultist","floor":3,"turns":4},{"damage":0,"enemies":"2 Louse","floor":4,"turns":3},{"damage":0,"enemies":"Looter","floor":5,"turns":4},{"damage":0,"enemies":"Red Slaver","floor":10,"turns":3},{"damage":1,"enemies":"Lots of Slimes","floor":12,"turns":2},{"damage":0,"enemies":"Lagavulin","floor":13,"turns":4},{"damage":9,"enemies":"2 Fungi Beasts","floor":14,"turns":3},{"damage":9,"enemies":"The Guardian","floor":16,"turns":7},{"damage":4,"enemies":"Shell Parasite","floor":18,"turns":5},{"damage":0,"enemies":"Spheric Guardian","floor":21,"turns":4},{"damage":14,"enemies":"Centurion and Healer","floor":22,"turns":6},{"damage":17,"enemies":"Cultist and Chosen","floor":24,"turns":7},{"damage":7,"enemies":"Snake Plant","floor":28,"turns":4},{"damage":25,"enemies":"Snecko","floor":29,"turns":8},{"damage":8,"enemies":"3 Cultists","floor":31,"turns":7},{"damage":31,"enemies":"Collector","floor":33,"turns":3}],"seed_played":"5606902296308635437","potions_obtained":[{"floor":5,"key":"Block Potion"},{"floor":10,"key":"EssenceOfSteel"},{"floor":12,"key":"Ancient Potion"},{"floor":14,"key":"Strength Potion"},{"floor":16,"key":"Strength Potion"},{"floor":18,"key":"Dexterity Potion"},{"floor":24,"key":"SkillPotion"},{"floor":25,"key":"Regen Potion"},{"floor":29,"key":"Dexterity Potion"},{"floor":31,"key":"SkillPotion"}],"is_trial":false,"path_per_floor":["M","?","M","M","M","R","$","R","T","M","?","M","E","M","R","B",null,"M","$","?","M","M","R","M","?","T","$","M","M","R","M","R"],"character_chosen":"THE_SILENT","items_purchased":["Bane","Footwork"],"campfire_rested":0,"item_purchase_floors":[7,19],"current_hp_per_floor":[63,63,63,63,63,63,63,63,63,63,63,62,62,54,54,47,63,59,59,59,61,49,49,34,34,34,34,51,28,28,22,22,0],"gold":66,"neow_bonus":"THREE_RARE_CARDS","is_prod":false,"is_daily":false,"chose_seed":false,"campfire_upgraded":6,"win_rate":0.0,"timestamp":1535279732,"path_taken":["M","?","?","?","?","R","$","R","T","M","?","?","E","M","R","BOSS","M","?","?","M","M","R","M","?","T","?","M","M","R","M","R","BOSS"],"build_version":"2018-08-23v2","purchased_purges":3,"victory":false,"max_hp_per_floor":[63,63,63,63,63,63,63,63,63,63,63,63,63,63,63,63,63,63,63,63,63,63,63,63,63,63,63,63,63,63,63,63,63],"card_choices":[{"not_picked":["Bullet Time","Malaise"],"picked":"Venomology","floor":0},{"not_picked":["Finisher","Dagger Throw"],"picked":"Bane","floor":1},{"not_picked":["Flying Knee","Poisoned Stab"],"picked":"Deadly Poison","floor":3},{"not_picked":["Quick Slash","Backstab"],"picked":"Blur","floor":4},{"not_picked":["Backflip","Well Laid Plans"],"picked":"Catalyst","floor":5},{"not_picked":["Outmaneuver","Predator"],"picked":"Deadly Poison","floor":10},{"not_picked":["Eviscerate","Underhanded Strike","Cloak And Dagger"],"picked":"SKIP","floor":12},{"not_picked":["Caltrops","Dagger Spray"],"picked":"Dash","floor":13},{"not_picked":["Sucker Punch","Malaise"],"picked":"Backflip","floor":14},{"not_picked":["Tools of the Trade","Storm of Steel"],"picked":"Venomology","floor":16},{"not_picked":["Poisoned Stab","Blur"],"picked":"Bane","floor":18},{"not_picked":["Underhanded Strike","Blade Dance+1"],"picked":"Dodge and Roll","floor":21},{"not_picked":["Underhanded Strike","Cloak And Dagger"],"picked":"Bane","floor":22},{"not_picked":["Outmaneuver","Endless Agony","Quick Slash+1"],"picked":"SKIP","floor":24},{"not_picked":["Slice","Choke","Flying Knee"],"picked":"SKIP","floor":28},{"not_picked":["Outmaneuver+1","Infinite Blades+1"],"picked":"Caltrops+1","floor":29},{"not_picked":["Calculated Gamble","Flying Knee"],"picked":"Crippling Poison+1","floor":31}],"player_experience":55766,"relics_obtained":[{"floor":9,"key":"Bronze Scales"},{"floor":13,"key":"Blood Vial"},{"floor":26,"key":"Frozen Egg 2"}],"event_choices":[{"event_name":"Upgrade Shrine","player_choice":"Upgraded","floor":2,"damage_taken":0},{"event_name":"Living Wall","player_choice":"Grow","floor":11,"damage_taken":0},{"event_name":"Purifier","player_choice":"One Purge","floor":20,"damage_taken":0},{"event_name":"The Lab","player_choice":"Got Potions","floor":25,"damage_taken":0}],"is_beta":false,"boss_relics":[{"not_picked":["Cursed Key","Ectoplasm"],"picked":"Black Star"}],"items_purged_floors":[7,19,27],"is_endless":false,"potions_floor_spawned":[5,10,12,14,16,18,24,29,31],"killed_by":"Collector","ascension_level":0}