{"gold_per_floor":[118,130,130,130,142,142,173,173,173,199,212,230,261,275,275,346,346,362,37,37,37,37,37,71,71,101,101,118,152,172,172,172,243,243,257,277,277,357,357],"floor_reached":39,"playtime":1403,"items_purged":["Strike_G"],"score":1027,"play_id":"5f10fd7c-ecc8-40f4-a6e2-081fbce0a611","local_time":"20180831005457","is_ascension_mode":true,"campfire_choices":[{"data":"Deflect","floor":6.0,"key":"SMITH"},{"data":"Deadly Poison","floor":15.0,"key":"SMITH"},{"data":"Cloak And Dagger","floor":23,"key":"SMITH"},{"floor":25,"key":"REST"},{"data":"Burst","floor":27,"key":"SMITH"},{"floor":32,"key":"REST"}],"neow_cost":"NONE","seed_source_timestamp":0,"circlet_count":0,"master_deck":["Defend_G","Defend_G+1","Defend_G","Defend_G","Strike_G","Strike_G","Strike_G","Strike_G","Survivor","Neutralize+1","AscendersBane","Deflect+1","Poisoned Stab","Deadly Poison","Deadly Poison","Burst+1","Deadly Poison+1","Caltrops","Noxious Fumes","Cloak And Dagger+1","Venomology+1","Backflip+1","Writhe","Shame","Endless Agony","Endless Agony","Dagger Spray+1","Deadly Poison+1","Glass Knife","Decay","Doubt","Doubt","Prepared+1","Infinite Blades","Secret Technique","Secret Technique","Blind"],"special_seed":0,"relics":["Ring of the Snake","Mango","Anchor","Kunai","Blue Candle","Mummified Hand","WristBlade","Bottled Lightning","Ninja Scroll","Blood Vial","Tough Bandages","Tiny Chest","Turnip","Bronze Scales","Calling Bell","Orichalcum","Paper Crane","Ginger","Pear"],"potions_floor_usage":[18,24,24,28,29,29,33,33,36,39,39],"damage_taken":[{"damage":7.0,"enemies":"Small Slimes","floor":1.0,"turns":3.0},{"damage":0.0,"enemies":"2 Louse","floor":2.0,"turns":3.0},{"damage":0.0,"enemies":"Jaw Worm","floor":5.0,"turns":4.0},{"damage":23.0,"enemies":"Gremlin Nob","floor":7.0,"turns":5.0},{"damage":7.0,"enemies":"Lagavulin","floor":10.0,"turns":7.0},{"damage":6.0,"enemies":"Exordium Thugs","floor":11.0,"turns":5.0},{"damage":3.0,"enemies":"2 Fungi Beasts","floor":12.0,"turns":4.0},{"damage":26.0,"enemies":"3 Sentries","floor":13.0,"turns":6.0},{"damage":0.0,"enemies":"Large Slime","floor":14.0,"turns":5.0},{"damage":0.0,"enemies":"Hexaghost","floor":16.0,"turns":8.0},{"damage":9,"enemies":"Shell Parasite","floor":18,"turns":3},{"damage":48,"enemies":"Gremlin Leader","floor":24,"turns":8},{"damage":1,"enemies":"Chosen","floor":28,"turns":4},{"damage":11,"enemies":"Slavers","floor":29,"turns":6},{"damage":1,"enemies":"Centurion and Healer","floor":30,"turns":4},{"damage":35,"enemies":"Collector","floor":33,"turns":7},{"damage":36,"enemies":"Flame Bruiser 1 Orb","floor":35,"turns":6},{"damage":2,"enemies":"3 Shapes","floor":36,"turns":2},{"damage":37,"enemies":"Flame Bruiser 2 Orb","floor":39,"turns":5}],"seed_played":"3561166579567724828","potions_obtained":[{"floor":1.0,"key":"GhostInAJar"},{"floor":7.0,"key":"FairyPotion"},{"floor":12.0,"key":"LiquidBronze"},{"floor":13.0,"key":"SneckoOil"},{"floor":14.0,"key":"GamblersBrew"},{"floor":16.0,"key":"Fire Potion"},{"floor":18,"key":"SpeedPotion"},{"floor":24,"key":"Weak Potion"},{"floor":36,"key":"EntropicBrew"}],"is_trial":false,"path_per_floor":["M","M","?","T","M","R","E","?","T","E","M","M","E","M","R","B",null,"M","$","?","?","?","R","E","R","T","R","M","E","M","T","R","B",null,"M","M","?","T"],"character_chosen":"THE_SILENT","items_purchased":["Bottled Lightning"],"campfire_rested":2,"item_purchase_floors":[19],"current_hp_per_floor":[52,52,32,46,46,46,23,28,28,21,15,12,2,2,2,2,64,55,55,55,55,55,55,9,34,34,34,35,26,27,27,52,19,69,35,35,25,35,0],"gold":357,"neow_bonus":"TRANSFORM_CARD","is_prod":false,"is_daily":false,"chose_seed":false,"campfire_upgraded":4,"win_rate":0,"timestamp":1535644497,"path_taken":["M","M","?","?","M","R","E","?","T","E","M","?","E","?","R","BOSS","M","$","?","?","?","R","E","R","T","R","?","E","?","?","R","BOSS","M","M","?","?","M"],"build_version":"2018-08-23v2","purchased_purges":1,"victory":false,"max_hp_per_floor":[66,66,66,80,80,80,80,85,85,85,85,85,85,85,85,85,85,85,85,85,85,85,85,85,85,85,85,85,85,85,85,85,85,85,85,85,85,95,95],"card_choices":[{"not_picked":["Bouncing Flask","Dagger Throw"],"picked":"Poisoned Stab","floor":1.0},{"not_picked":["Sucker Punch","Dagger Throw"],"picked":"Deadly Poison","floor":2.0},{"not_picked":["Eviscerate","Expertise"],"picked":"Deadly Poison","floor":5.0},{"not_picked":["Quick Slash","Finisher"],"picked":"Burst","floor":7.0},{"not_picked":["Underhanded Strike","Skewer","Masterful Stab"],"picked":"SKIP","floor":10.0},{"not_picked":["Dagger Throw","Caltrops"],"picked":"Deadly Poison","floor":11.0},{"not_picked":["Quick Slash","Prepared"],"picked":"Caltrops","floor":12.0},{"not_picked":["Cloak And Dagger","Well Laid Plans"],"picked":"Noxious Fumes","floor":13.0},{"not_picked":["Acrobatics","Masterful Stab"],"picked":"Cloak And Dagger","floor":14.0},{"not_picked":["Unload","Storm of Steel"],"picked":"Venomology","floor":16.0},{"not_picked":["Prepared","All Out Attack"],"picked":"Backflip+1","floor":18},{"not_picked":["Bouncing Flask","Unload"],"picked":"Endless Agony","floor":24},{"not_picked":["PiercingWail","Accuracy"],"picked":"Endless Agony","floor":28},{"not_picked":["Corpse Explosion","Sucker Punch"],"picked":"Dagger Spray+1","floor":29},{"not_picked":["Blade Dance","PiercingWail+1"],"picked":"Deadly Poison+1","floor":30},{"not_picked":["Grand Finale","Unload"],"picked":"Glass Knife","floor":33},{"not_picked":["Cloak And Dagger","Quick Slash"],"picked":"Prepared+1","floor":35},{"not_picked":["Well Laid Plans","Deflect"],"picked":"Infinite Blades","floor":36},{"not_picked":["Madness","Good Instincts"],"picked":"Secret Technique","floor":37},{"not_picked":["Swift Strike","Forethought"],"picked":"Secret Technique","floor":37},{"not_picked":["Dramatic Entrance","Transmutation"],"picked":"Blind","floor":37}],"player_experience":542472,"relics_obtained":[{"floor":4.0,"key":"Mango"},{"floor":7.0,"key":"Anchor"},{"floor":9.0,"key":"Kunai"},{"floor":10.0,"key":"Blue Candle"},{"floor":13.0,"key":"Mummified Hand"},{"floor":24,"key":"Tough Bandages"},{"floor":26,"key":"Tiny Chest"},{"floor":29,"key":"Turnip"},{"floor":31,"key":"Bronze Scales"},{"floor":34,"key":"Orichalcum"},{"floor":34,"key":"Paper Crane"},{"floor":34,"key":"Ginger"},{"floor":38,"key":"Pear"}],"event_choices":[{"event_name":"Shining Light","player_choice":"Entered Light","floor":3.0,"damage_taken":0.0},{"event_name":"Big Fish","player_choice":"Donut","floor":8.0,"damage_taken":0.0},{"event_name":"Upgrade Shrine","player_choice":"Upgraded","floor":20,"damage_taken":0},{"event_name":"The Mausoleum","player_choice":"Yes","floor":21,"damage_taken":0},{"event_name":"Addict","player_choice":"Stole Relic","floor":22,"damage_taken":0},{"event_name":"SensoryStone","player_choice":"Memory 3","floor":37,"damage_taken":0}],"is_beta":false,"boss_relics":[{"not_picked":["HoveringKite","Tiny House"],"picked":"WristBlade"},{"not_picked":["Eternal Feather","Sozu"],"picked":"Calling Bell"}],"items_purged_floors":[19],"is_endless":false,"potions_floor_spawned":[1,7,12,13,14,16,18,24,36],"killed_by":"Flame Bruiser 2 Orb","ascension_level":15}