{"gold_per_floor":[115,126,126,143,93,93,93,93,93,103,122,122,47,63,63,168,168,179,179,198,98,116,145,157,157,206,224,224,238,256,274,274,274],"floor_reached":33,"playtime":727,"items_purged":["Defend_R","Strike_R"],"score":338,"play_id":"08209de3-54c7-4781-b021-9f2d5dc74ce2","local_time":"20180829041815","is_ascension_mode":false,"campfire_choices":[{"data":"Cleave","floor":6,"key":"SMITH"},{"data":"Bash","floor":8,"key":"SMITH"},{"data":"Twin Strike","floor":12,"key":"SMITH"},{"data":"Shockwave","floor":15,"key":"SMITH"},{"data":"Limit Break","floor":25,"key":"SMITH"},{"data":"Ghostly","floor":28,"key":"SMITH"},{"data":"Ghostly","floor":32,"key":"SMITH"}],"neow_cost":"","seed_source_timestamp":1012578569908636,"circlet_count":0,"master_deck":["Strike_R","Strike_R","Strike_R","Strike_R","Defend_R","Defend_R","Bash+1","Cleave+1","Flex+1","Sword Boomerang","Twin Strike+1","Shockwave+1","Limit Break+1","Flex","Ghostly+1","Ghostly+1","Ghostly","Ghostly","Ghostly","Clash","Shockwave+1","Reaper","Battle Trance","Warcry+1","Twin Strike","Pommel Strike","Pommel Strike+1"],"relics":["Burning Blood","Bag of Preparation","Paper Frog","Runic Cube","Bag of Marbles","Oddly Smooth Stone"],"potions_floor_usage":[14,16,23],"damage_taken":[{"damage":9,"enemies":"Small Slimes","floor":1,"turns":3},{"damage":0,"enemies":"2 Louse","floor":2,"turns":3},{"damage":3,"enemies":"Jaw Worm","floor":4,"turns":3},{"damage":0,"enemies":"2 Fungi Beasts","floor":10,"turns":2},{"damage":0,"enemies":"Lots of Slimes","floor":11,"turns":1},{"damage":0,"enemies":"Exordium Thugs","floor":14,"turns":2},{"damage":0,"enemies":"Slime Boss","floor":16,"turns":5},{"damage":14,"enemies":"2 Thieves","floor":18,"turns":2},{"damage":2,"enemies":"3 Byrds","floor":20,"turns":5},{"damage":1,"enemies":"Snecko","floor":22,"turns":3},{"damage":1,"enemies":"Book of Stabbing","floor":23,"turns":5},{"damage":6,"enemies":"Snake Plant","floor":24,"turns":4},{"damage":6,"enemies":"Sentry and Sphere","floor":27,"turns":6},{"damage":1,"enemies":"Shelled Parasite and Fungi","floor":29,"turns":2},{"damage":10,"enemies":"Snake Plant","floor":30,"turns":4},{"damage":1,"enemies":"Centurion and Healer","floor":31,"turns":4},{"damage":60,"enemies":"Automaton","floor":33,"turns":6}],"seed_played":"-8799813692146903873","potions_obtained":[{"floor":1,"key":"FearPotion"},{"floor":10,"key":"PowerPotion"},{"floor":11,"key":"FearPotion"},{"floor":14,"key":"BloodPotion"},{"floor":22,"key":"Dexterity Potion"},{"floor":23,"key":"SpeedPotion"}],"is_trial":false,"path_per_floor":["M","M","?","M","?","R","?","R","T","M","M","R","$","M","R","B",null,"M","?","M","$","M","E","M","R","T","M","R","M","M","M","R"],"character_chosen":"IRONCLAD","items_purchased":[],"campfire_rested":0,"item_purchase_floors":[],"current_hp_per_floor":[77,80,80,80,80,80,68,68,68,74,80,80,80,80,80,80,80,72,40,40,40,40,40,40,40,40,40,40,40,36,40,40,0],"gold":274,"neow_bonus":"","is_prod":false,"is_daily":false,"chose_seed":false,"campfire_upgraded":7,"win_rate":0,"timestamp":1535483895,"path_taken":["M","M","?","M","?","R","?","R","T","M","M","R","$","M","R","BOSS","M","?","M","?","?","E","M","R","T","M","R","M","M","M","R","BOSS"],"build_version":"2018-08-23v2","purchased_purges":2,"victory":false,"max_hp_per_floor":[80,80,80,80,80,80,80,80,80,80,80,80,80,80,80,80,80,80,40,40,40,40,40,40,40,40,40,40,40,40,40,40,40],"card_choices":[{"not_picked":["Power Through","Armaments"],"picked":"Cleave","floor":1},{"not_picked":["Carnage","Infernal Blade"],"picked":"Flex","floor":2},{"not_picked":["Heavy Blade","Combust","Cleave"],"picked":"SKIP","floor":4},{"not_picked":["Entrench","Clothesline"],"picked":"Sword Boomerang","floor":10},{"not_picked":["Headbutt","Power Through"],"picked":"Twin Strike","floor":11},{"not_picked":["Flex","Body Slam"],"picked":"Shockwave","floor":14},{"not_picked":["Brutality","Juggernaut"],"picked":"Limit Break","floor":16},{"not_picked":["Sentinel","Corruption"],"picked":"Flex","floor":18},{"not_picked":["Infernal Blade+1","Searing Blow"],"picked":"Clash","floor":20},{"not_picked":["Twin Strike","Sword Boomerang"],"picked":"Shockwave+1","floor":22},{"not_picked":["Barricade","Havoc"],"picked":"Reaper","floor":23},{"not_picked":["Cleave","Seeing Red+1"],"picked":"Battle Trance","floor":24},{"not_picked":["Sever Soul","Wild Strike"],"picked":"Warcry+1","floor":27},{"not_picked":["Flex","Exhume"],"picked":"Twin Strike","floor":29},{"not_picked":["Thunderclap","Iron Wave"],"picked":"Pommel Strike","floor":30},{"not_picked":["Wild Strike","Berserk"],"picked":"Pommel Strike+1","floor":31}],"player_experience":527732,"relics_obtained":[{"floor":9,"key":"Paper Frog"},{"floor":23,"key":"Bag of Marbles"},{"floor":26,"key":"Oddly Smooth Stone"}],"event_choices":[{"event_name":"Living Wall","player_choice":"Grow","floor":3,"damage_taken":0},{"event_name":"The Cleric","player_choice":"Card Removal","floor":5,"damage_taken":0},{"event_name":"Scrap Ooze","player_choice":"success","floor":7,"damage_taken":12},{"event_name":"Ghosts","player_choice":"Became a Ghost","floor":19,"damage_taken":0}],"is_beta":false,"boss_relics":[{"not_picked":["Philosopher\u0027s Stone","Lizard Tail"],"picked":"Runic Cube"}],"items_purged_floors":[13,21],"is_endless":false,"potions_floor_spawned":[1,10,11,14,22,23,24,29],"killed_by":"Automaton","ascension_level":0}