{"gold_per_floor":[118,135,40,50,125,125,155,155,181,146,157,157,190,190,190,294,294,304,304,304,320,320,320,345,345,416,430,441,441,471,504,504,504],"floor_reached":33,"playtime":2269,"items_purged":[],"score":316,"play_id":"2812903e-1c23-42b0-9a6a-1a9f88ed772f","local_time":"20190216090708","is_ascension_mode":false,"campfire_choices":[{"floor":8,"key":"REST"},{"data":"Fire Breathing","floor":12,"key":"SMITH"},{"floor":15,"key":"REST"},{"data":"Inflame","floor":23,"key":"SMITH"},{"data":"Bandage Up","floor":25,"key":"SMITH"},{"data":"Combust","floor":29,"key":"SMITH"},{"data":"Reaper","floor":32,"key":"SMITH"}],"neow_cost":"PERCENT_DAMAGE","seed_source_timestamp":230722133311,"circlet_count":0,"master_deck":["Strike_R","Strike_R","Strike_R","Strike_R","Strike_R","Defend_R","Defend_R","Defend_R","Defend_R","Bash","Inflame","Armaments","Bandage Up+1","Rampage","Fire Breathing+1","Perfected Strike","Inflame+1","Perfected Strike","Cleave","Feed","Seeing Red","Perfected Strike+1","Combust+1","Disarm","Metallicize","Reaper+1","Metallicize+1"],"relics":["Burning Blood","Nunchaku","Dream Catcher","Ornamental Fan","Blood Vial","Thread and Needle","Self Forming Clay","Coffee Dripper","MutagenicStrength","Matryoshka","Bottled Tornado","Darkstone Periapt","Red Mask","Toxic Egg 2"],"potions_floor_usage":[7,16,27,30,30],"damage_taken":[{"damage":13,"enemies":"Cultist","floor":1,"turns":5},{"damage":2,"enemies":"Small Slimes","floor":2,"turns":3},{"damage":2,"enemies":"2 Louse","floor":4,"turns":3},{"damage":19,"enemies":"3 Sentries","floor":7,"turns":7},{"damage":10,"enemies":"Looter","floor":11,"turns":4},{"damage":35,"enemies":"Gremlin Nob","floor":13,"turns":5},{"damage":32,"enemies":"Hexaghost","floor":16,"turns":7},{"damage":2,"enemies":"Chosen","floor":18,"turns":4},{"damage":15,"enemies":"2 Thieves","floor":21,"turns":4},{"damage":37,"enemies":"Gremlin Leader","floor":24,"turns":6},{"damage":25,"enemies":"Snake Plant","floor":27,"turns":4},{"damage":21,"enemies":"Sentry and Sphere","floor":28,"turns":5},{"damage":17,"enemies":"Masked Bandits","floor":30,"turns":6},{"damage":29,"enemies":"Book of Stabbing","floor":31,"turns":5},{"damage":82,"enemies":"Automaton","floor":33,"turns":8}],"seed_played":"-890187087639602934","potions_obtained":[{"floor":1,"key":"PowerPotion"},{"floor":2,"key":"Swift Potion"},{"floor":13,"key":"Weak Potion"},{"floor":16,"key":"FairyPotion"},{"floor":21,"key":"LiquidBronze"},{"floor":22,"key":"EssenceOfSteel"},{"floor":27,"key":"SpeedPotion"}],"is_trial":false,"path_per_floor":["M","M","$","M","?","?","E","R","T","?","M","R","E","T","R","B",null,"M","?","?","M","?","R","E","R","T","M","M","R","?","E","R","B"],"character_chosen":"IRONCLAD","items_purchased":["Bandage Up"],"campfire_rested":2,"item_purchase_floors":[3],"current_hp_per_floor":[49,53,53,61,50,32,23,47,47,67,69,69,42,42,66,46,80,83,83,83,81,81,81,56,56,56,48,44,44,44,29,29,0],"gold":504,"neow_bonus":"ONE_RARE_RELIC","is_prod":false,"is_daily":false,"chose_seed":false,"campfire_upgraded":5,"win_rate":0.0,"timestamp":1550304428,"path_taken":["M","M","$","M","?","?","E","R","T","?","M","R","E","?","R","BOSS","M","?","?","M","?","R","E","R","T","M","?","R","?","E","R","BOSS"],"build_version":"2019-01-23","purchased_purges":0,"victory":false,"max_hp_per_floor":[80,80,80,80,80,80,80,80,80,80,80,80,80,80,80,80,80,83,83,83,86,86,86,86,86,86,89,92,92,95,95,95,95],"card_choices":[{"not_picked":["Dropkick","Bloodletting"],"picked":"Inflame","floor":1},{"not_picked":["Intimidate","Seeing Red"],"picked":"Armaments","floor":2},{"not_picked":["Combust","Feel No Pain"],"picked":"Rampage","floor":4},{"not_picked":["Clash","Flame Barrier"],"picked":"Fire Breathing","floor":7},{"not_picked":["Second Wind","Sword Boomerang"],"picked":"Perfected Strike","floor":8},{"not_picked":["Carnage","Feel No Pain"],"picked":"Inflame","floor":11},{"not_picked":["Flame Barrier","Whirlwind"],"picked":"Perfected Strike","floor":13},{"not_picked":["Twin Strike","Armaments"],"picked":"Cleave","floor":15},{"not_picked":["Bludgeon","Barricade"],"picked":"Feed","floor":16},{"not_picked":["Twin Strike","Sword Boomerang"],"picked":"Seeing Red","floor":18},{"not_picked":["Sword Boomerang","Dropkick"],"picked":"Perfected Strike+1","floor":21},{"not_picked":["Flex","Anger"],"picked":"Combust","floor":24},{"not_picked":["Rage","Sword Boomerang+1"],"picked":"Disarm","floor":27},{"not_picked":["Fire Breathing+1","Perfected Strike+1"],"picked":"Metallicize","floor":28},{"not_picked":["Metallicize","Ghostly Armor+1"],"picked":"Reaper","floor":30},{"not_picked":["Feel No Pain","Corruption"],"picked":"Metallicize+1","floor":31}],"player_experience":42377,"relics_obtained":[{"floor":7,"key":"Ornamental Fan"},{"floor":9,"key":"Blood Vial"},{"floor":13,"key":"Thread and Needle"},{"floor":14,"key":"Self Forming Clay"},{"floor":24,"key":"Matryoshka"},{"floor":26,"key":"Bottled Tornado"},{"floor":26,"key":"Darkstone Periapt"},{"floor":30,"key":"Red Mask"},{"floor":31,"key":"Toxic Egg 2"}],"event_choices":[{"damage_healed":0,"gold_gain":75,"player_choice":"Gather Gold","damage_taken":11,"max_hp_gain":0,"max_hp_loss":0,"event_name":"World of Goop","floor":5,"gold_loss":0},{"damage_healed":0,"gold_gain":0,"player_choice":"Success","damage_taken":18,"relics_obtained":["Dream Catcher"],"max_hp_gain":0,"max_hp_loss":0,"event_name":"Scrap Ooze","floor":6,"gold_loss":0},{"damage_healed":20,"gold_gain":0,"player_choice":"Healed","damage_taken":0,"max_hp_gain":0,"max_hp_loss":0,"event_name":"The Cleric","floor":10,"gold_loss":35},{"damage_healed":0,"gold_gain":0,"player_choice":"Ignored","damage_taken":0,"max_hp_gain":0,"max_hp_loss":0,"event_name":"Ghosts","floor":19,"gold_loss":0},{"damage_healed":0,"gold_gain":0,"player_choice":"Inject Mutagens","damage_taken":0,"relics_obtained":["MutagenicStrength"],"max_hp_gain":0,"max_hp_loss":0,"event_name":"Drug Dealer","floor":20,"gold_loss":0},{"damage_healed":0,"gold_gain":0,"player_choice":"Got Potions","damage_taken":0,"max_hp_gain":0,"max_hp_loss":0,"event_name":"Lab","floor":22,"gold_loss":0},{"damage_healed":0,"gold_gain":0,"player_choice":"Fought Bandits","damage_taken":0,"max_hp_gain":0,"max_hp_loss":0,"event_name":"Masked Bandits","floor":30,"gold_loss":0}],"is_beta":false,"boss_relics":[{"not_picked":["Runic Cube","Runic Dome"],"picked":"Coffee Dripper"}],"items_purged_floors":[],"is_endless":false,"potions_floor_spawned":[1,2,13,16,21,24,27],"killed_by":"Automaton","ascension_level":0}