{"gold_per_floor":[211,227,74,91,91,91,116,103,103,103,128,128,28,39,39,139,139,156,174,111,111,111,111,127,127,127,157,174,194,38,38,38,134,134,153,0,17,17,117,117,133,133,158,178,178,278,278],"floor_reached":47,"playtime":1910,"items_purged":["Strike_G","Strike_G"],"score":591,"play_id":"96709a10-e4f9-4990-9311-7f39689794b6","local_time":"20181108205756","is_ascension_mode":true,"campfire_choices":[{"data":"Noxious Fumes","floor":6,"key":"SMITH"},{"data":"Noxious Fumes","floor":10,"key":"SMITH"},{"floor":15,"key":"REST"},{"floor":23,"key":"REST"},{"floor":25,"key":"REST"},{"floor":32,"key":"REST"},{"data":"Envenom","floor":40,"key":"SMITH"},{"floor":45,"key":"REST"}],"neow_cost":"NONE","seed_source_timestamp":278351828278521,"circlet_count":0,"master_deck":["Defend_G","Defend_G","Defend_G","Defend_G","Defend_G","Strike_G","Strike_G","Survivor","Neutralize","Deadly Poison","Noxious Fumes+1","Noxious Fumes+1","Die Die Die","Bane+1","Poisoned Stab","Leg Sweep","After Image","Crippling Poison+1","Pain","Bane","After Image","Envenom+1","Deadly Poison","Writhe","Decay"],"relics":["Ring of the Snake","Dodecahedron","Dead Branch","Du-Vu Doll","Cursed Key","Sundial","Pantograph","Matryoshka","Strawberry","Busted Crown","Red Mask","Mango","Frozen Egg 2","Pen Nib"],"potions_floor_usage":[27,27,33,47],"damage_taken":[{"damage":6,"enemies":"Jaw Worm","floor":1,"turns":5},{"damage":1,"enemies":"Cultist","floor":2,"turns":4},{"damage":6,"enemies":"Small Slimes","floor":4,"turns":4},{"damage":12,"enemies":"Lagavulin","floor":7,"turns":6},{"damage":8,"enemies":"Exordium Thugs","floor":8,"turns":5},{"damage":36,"enemies":"Gremlin Nob","floor":11,"turns":4},{"damage":0,"enemies":"Lots of Slimes","floor":14,"turns":1},{"damage":17,"enemies":"Slime Boss","floor":16,"turns":7},{"damage":14,"enemies":"2 Thieves","floor":18,"turns":4},{"damage":9,"enemies":"3 Byrds","floor":19,"turns":3},{"damage":31,"enemies":"Snake Plant","floor":24,"turns":4},{"damage":15,"enemies":"Gremlin Leader","floor":27,"turns":4},{"damage":9,"enemies":"Centurion and Healer","floor":28,"turns":5},{"damage":12,"enemies":"3 Cultists","floor":29,"turns":4},{"damage":71,"enemies":"Collector","floor":33,"turns":7},{"damage":29,"enemies":"3 Darklings","floor":35,"turns":4},{"damage":10,"enemies":"Orb Walker","floor":37,"turns":4},{"damage":14,"enemies":"Mind Bloom Boss Battle","floor":39,"turns":7},{"damage":20,"enemies":"3 Darklings","floor":41,"turns":4},{"damage":46,"enemies":"Spire Growth","floor":44,"turns":5},{"damage":32,"enemies":"Giant Head","floor":47,"turns":6}],"seed_played":"900315697274162673","potions_obtained":[{"floor":8,"key":"SteroidPotion"},{"floor":14,"key":"Poison Potion"},{"floor":24,"key":"Fire Potion"},{"floor":28,"key":"Dexterity Potion"},{"floor":33,"key":"SpeedPotion"},{"floor":35,"key":"Ancient Potion"},{"floor":37,"key":"Block Potion"}],"is_trial":false,"path_per_floor":["M","M","$","M","?","R","E","M","T","R","E","?","$","M","R","B",null,"M","M","?","$","?","R","M","R","T","E","M","M","$","?","R","B",null,"M","?","M","$","?","R","M","?","T","M","R","?","E"],"character_chosen":"THE_SILENT","items_purchased":["Noxious Fumes","Strawberry"],"campfire_rested":5,"item_purchase_floors":[3,30],"current_hp_per_floor":[64,63,63,57,57,57,45,37,37,37,1,1,1,1,22,5,54,40,31,31,31,31,52,21,42,42,27,18,6,13,38,61,6,59,30,30,20,20,45,45,25,48,48,2,29,29,0],"gold":278,"neow_bonus":"HUNDRED_GOLD","is_prod":false,"is_daily":false,"chose_seed":false,"campfire_upgraded":3,"win_rate":0,"timestamp":1541672876,"path_taken":["M","M","$","M","?","R","E","?","T","R","E","?","?","M","R","BOSS","M","M","?","$","?","R","M","R","T","E","M","?","$","?","R","BOSS","M","?","M","$","?","R","M","?","T","M","R","?","E"],"build_version":"2018-11-01","purchased_purges":2,"victory":false,"max_hp_per_floor":[70,70,70,70,70,70,70,70,70,70,70,70,70,70,70,70,70,70,70,70,70,70,70,70,70,70,70,70,70,77,77,77,77,77,77,77,77,77,91,91,91,91,91,91,91,91,91],"card_choices":[{"not_picked":["Acrobatics","Finisher"],"picked":"Deadly Poison","floor":1},{"not_picked":["Backflip","Dagger Spray"],"picked":"Noxious Fumes","floor":2},{"not_picked":["Prepared","Backflip"],"picked":"Die Die Die","floor":4},{"not_picked":["Blur","Finisher","Dodge and Roll"],"picked":"SKIP","floor":7},{"not_picked":["Distraction","Footwork"],"picked":"Bane","floor":8},{"not_picked":["Cloak And Dagger","Noxious Fumes"],"picked":"Poisoned Stab","floor":11},{"not_picked":["Flechettes","Finisher"],"picked":"Leg Sweep","floor":14},{"not_picked":["Night Terror","Bullet Time"],"picked":"After Image","floor":16},{"not_picked":["Poisoned Stab+1","Skewer"],"picked":"Crippling Poison","floor":18},{"not_picked":["Concentrate","Quick Slash","Backflip"],"picked":"SKIP","floor":19},{"not_picked":["Underhanded Strike","Cloak And Dagger+1","Deflect"],"picked":"SKIP","floor":24},{"not_picked":["Reflex+1","Calculated Gamble"],"picked":"Bane","floor":27},{"not_picked":["Finisher+1","Outmaneuver","Bane"],"picked":"SKIP","floor":28},{"not_picked":["Dodge and Roll","All Out Attack"],"picked":"After Image","floor":29},{"not_picked":["Venomology","Glass Knife"],"picked":"Envenom","floor":33},{"not_picked":[],"picked":"Deadly Poison","floor":35},{"not_picked":["Sucker Punch+1"],"picked":"SKIP","floor":37},{"not_picked":["Blade Dance+1"],"picked":"SKIP","floor":41},{"not_picked":["Backflip"],"picked":"SKIP","floor":44}],"player_experience":377109,"relics_obtained":[{"floor":7,"key":"Dodecahedron"},{"floor":9,"key":"Dead Branch"},{"floor":11,"key":"Du-Vu Doll"},{"floor":26,"key":"Pantograph"},{"floor":27,"key":"Matryoshka"},{"floor":39,"key":"Mango"},{"floor":43,"key":"Frozen Egg 2"},{"floor":43,"key":"Pen Nib"}],"event_choices":[{"cards_removed":["Strike_G"],"damage_healed":0,"gold_gain":0,"player_choice":"Offered Basic","damage_taken":0,"max_hp_gain":0,"max_hp_loss":0,"event_name":"Bonfire Elementals","floor":5,"gold_loss":0},{"damage_healed":0,"gold_gain":0,"player_choice":"Grow","damage_taken":0,"max_hp_gain":0,"max_hp_loss":0,"event_name":"Living Wall","floor":12,"gold_loss":0,"cards_upgraded":["Bane"]},{"damage_healed":0,"gold_gain":0,"player_choice":"Paid Gold","damage_taken":0,"relics_obtained":["Sundial"],"max_hp_gain":0,"max_hp_loss":0,"event_name":"WeMeetAgain","floor":20,"gold_loss":63},{"damage_healed":0,"gold_gain":0,"player_choice":"Upgraded","damage_taken":0,"max_hp_gain":0,"max_hp_loss":0,"event_name":"Upgrade Shrine","floor":22,"gold_loss":0,"cards_upgraded":["Crippling Poison"]},{"damage_healed":25,"gold_gain":0,"player_choice":"Heal","damage_taken":0,"max_hp_gain":0,"max_hp_loss":0,"event_name":"The Library","floor":31,"gold_loss":0},{"damage_healed":0,"gold_gain":0,"player_choice":"Paid","damage_taken":0,"relics_obtained":["Red Mask"],"max_hp_gain":0,"max_hp_loss":0,"event_name":"Tomb of Lord Red Mask","floor":36,"gold_loss":153},{"damage_healed":0,"gold_gain":0,"player_choice":"Fight","damage_taken":0,"max_hp_gain":0,"max_hp_loss":0,"event_name":"MindBloom","floor":39,"gold_loss":0},{"damage_healed":23,"gold_gain":0,"player_choice":"Writhe","damage_taken":0,"max_hp_gain":0,"max_hp_loss":0,"event_name":"Winding Halls","floor":42,"gold_loss":0,"cards_obtained":["Writhe"]},{"damage_healed":0,"gold_gain":100,"player_choice":"Pray","damage_taken":0,"max_hp_gain":0,"max_hp_loss":0,"event_name":"Golden Shrine","floor":46,"gold_loss":0}],"is_beta":false,"boss_relics":[{"not_picked":["Ring of the Serpent","Fusion Hammer"],"picked":"Cursed Key"},{"not_picked":["Sozu","White Beast Statue"],"picked":"Busted Crown"}],"items_purged_floors":[3,13],"is_endless":false,"potions_floor_spawned":[8,14,24,28,33,35,37],"killed_by":"Giant Head","ascension_level":5}