{"gold_per_floor":[110,70,84,98,117,149,149,176,199,212,212,179,129,148,148,252,252,267,283,283,283,283,283,299,72,122,22,34,49,49,59,59,59],"floor_reached":33,"playtime":1780,"items_purged":["Doom and Gloom","Glacier"],"score":261,"play_id":"a98a9eeb-618c-48ad-92ea-4e7a188d01f4","local_time":"20180827144029","is_ascension_mode":true,"campfire_choices":[{"data":"Storm","floor":7,"key":"SMITH"},{"floor":11,"key":"REST"},{"data":"Hello World","floor":15,"key":"SMITH"},{"data":"Electrodynamics","floor":23,"key":"SMITH"},{"floor":30,"key":"REST"},{"data":"Steam","floor":32,"key":"SMITH"}],"neow_cost":"CURSE","seed_source_timestamp":0,"circlet_count":0,"master_deck":["Strike_B","Strike_B","Strike_B","Defend_B","Defend_B","Zap","Dualcast","Hello World+1","Self Repair","Storm+1","FTL","Melter","Conserve Battery","Steam+1","Electrodynamics+1","Writhe","Seek+1","Compile Driver+1","Storm+1","RitualDagger","Self Repair","Leap","Redo+1","Tempest+1","Storm+1"],"special_seed":0,"relics":["Cracked Core","Du-Vu Doll","Happy Flower","Potion Belt","Dream Catcher","Astrolabe","GremlinMask","Enchiridion","Anchor","Regal Pillow"],"potions_floor_usage":[16,16,29],"damage_taken":[{"damage":13.0,"enemies":"Cultist","floor":1.0,"turns":4.0},{"damage":4.0,"enemies":"Small Slimes","floor":3.0,"turns":3.0},{"damage":10.0,"enemies":"Jaw Worm","floor":4.0,"turns":3.0},{"damage":25.0,"enemies":"3 Louse","floor":5.0,"turns":4.0},{"damage":28.0,"enemies":"Lagavulin","floor":6.0,"turns":7.0},{"damage":4,"enemies":"Blue Slaver","floor":10,"turns":4},{"damage":5,"enemies":"Looter","floor":14,"turns":3},{"damage":17,"enemies":"Slime Boss","floor":16,"turns":9},{"damage":8,"enemies":"Shell Parasite","floor":18,"turns":6},{"damage":0,"enemies":"3 Byrds","floor":19,"turns":2},{"damage":16,"enemies":"Centurion and Healer","floor":24,"turns":3},{"damage":34,"enemies":"Shelled Parasite and Fungi","floor":28,"turns":4},{"damage":11,"enemies":"Snake Plant","floor":29,"turns":2},{"damage":10,"enemies":"Centurion and Healer","floor":31,"turns":2},{"damage":46,"enemies":"Champ","floor":33,"turns":6}],"seed_played":"7870564991929834035","potions_obtained":[{"floor":3.0,"key":"SneckoOil"},{"floor":4.0,"key":"LiquidBronze"},{"floor":6.0,"key":"GamblersBrew"},{"floor":19,"key":"Fire Potion"}],"is_trial":false,"path_per_floor":["M","$","M","M","M","E","R","T","T","M","R","?","?","M","R","B",null,"M","M","?","?","?","R","M","$","T","$","M","M","R","M","R"],"character_chosen":"DEFECT","items_purchased":["Hello World","Anchor"],"campfire_rested":2,"item_purchase_floors":[2,25],"current_hp_per_floor":[62,62,58,55,37,16,16,16,16,12,34,34,34,29,29,19,75,74,74,74,68,52,52,36,36,36,36,16,12,49,46,46,0],"gold":59,"neow_bonus":"ONE_RARE_RELIC","is_prod":false,"is_daily":false,"chose_seed":false,"campfire_upgraded":4,"win_rate":0,"timestamp":1535346629,"path_taken":["M","$","?","M","?","E","R","?","T","?","R","?","?","?","R","BOSS","M","M","?","?","?","R","M","?","T","$","M","M","R","?","R","BOSS"],"build_version":"2018-08-23v2","purchased_purges":2,"victory":false,"max_hp_per_floor":[75,75,75,75,75,75,75,75,75,75,75,75,75,75,75,75,75,75,75,75,75,75,75,75,75,75,75,75,75,75,75,75,75],"card_choices":[{"not_picked":["Compile Driver","Barrage"],"picked":"Glacier","floor":1.0},{"not_picked":["Reinforced Body","Cold Snap"],"picked":"Self Repair","floor":3.0},{"not_picked":["Barrage","Redo"],"picked":"Storm","floor":4.0},{"not_picked":["Sweeping Beam","Gash"],"picked":"FTL","floor":5.0},{"not_picked":["Reprogram","Stack"],"picked":"Doom and Gloom","floor":6.0},{"not_picked":["Darkness","Compile Driver"],"picked":"Melter","floor":10},{"not_picked":["Skim","Melter"],"picked":"Conserve Battery","floor":11},{"not_picked":["Compile Driver","Stack"],"picked":"Steam","floor":14},{"not_picked":["Thunder Strike","Buffer"],"picked":"Electrodynamics","floor":16},{"not_picked":["Beam Cell","Steam","Rebound"],"picked":"SKIP","floor":18},{"not_picked":["Recycle","Cold Snap"],"picked":"Storm+1","floor":19},{"not_picked":["Streamline","Compile Driver"],"picked":"Self Repair","floor":24},{"not_picked":["Stack","Aggregate"],"picked":"Leap","floor":28},{"not_picked":["Double Energy","Rebound+1"],"picked":"Redo+1","floor":29},{"not_picked":["Sweeping Beam+1","Ball Lightning"],"picked":"Tempest+1","floor":30},{"not_picked":["Undo+1","Leap"],"picked":"Storm+1","floor":31}],"player_experience":57823,"relics_obtained":[{"floor":6.0,"key":"Happy Flower"},{"floor":8,"key":"Potion Belt"},{"floor":9,"key":"Dream Catcher"},{"floor":22,"key":"Enchiridion"},{"floor":26,"key":"Regal Pillow"}],"event_choices":[{"event_name":"World of Goop","player_choice":"Left","floor":12,"damage_taken":0},{"event_name":"The Cleric","player_choice":"Card Removal","floor":13,"damage_taken":0},{"event_name":"FaceTrader","player_choice":"Trade","floor":20,"damage_taken":0},{"event_name":"Nest","player_choice":"Joined the Cult","floor":21,"damage_taken":0},{"event_name":"Cursed Tome","player_choice":"Obtained Book","floor":22,"damage_taken":0}],"is_beta":false,"boss_relics":[{"not_picked":["Snecko Eye","Velvet Choker"],"picked":"Astrolabe"}],"items_purged_floors":[25,27],"is_endless":false,"potions_floor_spawned":[3,4,6,19],"killed_by":"Champ","ascension_level":1}