{"gold_per_floor":[113,188,199,199,213,213,233,233,256,289,301,301,301,319,319,418,418,402,418,432,205,205],"floor_reached":22,"playtime":1632,"items_purged":["Strike_G"],"score":188,"play_id":"9972dc8e-fb82-40c1-9c1b-b43f487b0e76","local_time":"20180825152320","is_ascension_mode":false,"campfire_choices":[{"data":"Infinite Blades","floor":6,"key":"SMITH"},{"data":"Infinite Blades","floor":8,"key":"SMITH"},{"floor":15,"key":"REST"}],"neow_cost":"NONE","seed_source_timestamp":111845534915538,"circlet_count":0,"master_deck":["Defend_G+1","Defend_G","Defend_G","Strike_G","Strike_G","Survivor","Neutralize","Infinite Blades+1","Footwork","Infinite Blades+1","Riddle With Holes","Backflip","Distraction","A Thousand Cuts","Leg Sweep+1","Terror+1","Underhanded Strike+1","Blade Dance","Blade Dance+1","Deflect"],"relics":["Ring of the Snake","NeowsBlessing","Omamori","Blood Vial","Astrolabe","Anchor"],"potions_floor_usage":[16,16,16],"damage_taken":[{"damage":0,"enemies":"2 Louse","floor":1,"turns":1},{"damage":0,"enemies":"Small Slimes","floor":3,"turns":1},{"damage":0,"enemies":"Jaw Worm","floor":5,"turns":1},{"damage":12,"enemies":"3 Louse","floor":7,"turns":4},{"damage":24,"enemies":"Gremlin Nob","floor":10,"turns":5},{"damage":6,"enemies":"Lots of Slimes","floor":11,"turns":8},{"damage":2,"enemies":"Blue Slaver","floor":14,"turns":6},{"damage":28,"enemies":"Hexaghost","floor":16,"turns":13},{"damage":25,"enemies":"2 Thieves","floor":18,"turns":5},{"damage":38,"enemies":"Shell Parasite","floor":19,"turns":6},{"damage":3,"enemies":"Snake Plant","floor":20,"turns":7},{"damage":15,"enemies":"Shelled Parasite and Fungi","floor":22,"turns":3}],"seed_played":"2025563224733465657","potions_obtained":[{"floor":1,"key":"EssenceOfSteel"},{"floor":7,"key":"GamblersBrew"},{"floor":11,"key":"FearPotion"},{"floor":19,"key":"Explosive Potion"}],"is_trial":false,"path_per_floor":["M","?","M","?","M","R","M","R","T","E","M","?","?","M","R","B",null,"M","M","M","$"],"character_chosen":"THE_SILENT","items_purchased":["Anchor"],"campfire_rested":1,"item_purchase_floors":[21],"current_hp_per_floor":[70,59,59,45,45,45,33,33,33,9,5,22,22,22,43,17,70,45,9,8,8,0],"gold":205,"neow_bonus":"THREE_ENEMY_KILL","is_prod":false,"is_daily":false,"chose_seed":false,"campfire_upgraded":2,"win_rate":0.0,"timestamp":1535176400,"path_taken":["M","?","M","?","?","R","M","R","T","E","M","?","?","?","R","BOSS","M","M","M","$","M"],"build_version":"2018-08-23v2","purchased_purges":1,"victory":false,"max_hp_per_floor":[70,70,70,70,70,70,70,70,70,70,70,70,70,70,70,70,70,70,70,70,70,70],"card_choices":[{"not_picked":["Backflip","Deadly Poison"],"picked":"Infinite Blades","floor":1},{"not_picked":["Catalyst","Dagger Spray"],"picked":"Footwork","floor":3},{"not_picked":["Skewer","Sucker Punch"],"picked":"Infinite Blades","floor":5},{"not_picked":["Slice","PiercingWail"],"picked":"Riddle With Holes","floor":7},{"not_picked":["Outmaneuver","Underhanded Strike","Night Terror"],"picked":"SKIP","floor":10},{"not_picked":["Poisoned Stab","Slice"],"picked":"Backflip","floor":11},{"not_picked":["Reflex","Prepared"],"picked":"Distraction","floor":14},{"not_picked":["Phantasmal Killer","Die Die Die"],"picked":"A Thousand Cuts","floor":16},{"not_picked":["Bane","Dodge and Roll"],"picked":"Blade Dance","floor":18},{"not_picked":["Eviscerate+1","Quick Slash"],"picked":"Blade Dance+1","floor":19},{"not_picked":["Dagger Throw","Poisoned Stab+1"],"picked":"Deflect","floor":20}],"player_experience":35177,"relics_obtained":[{"floor":9,"key":"Omamori"},{"floor":10,"key":"Blood Vial"}],"event_choices":[{"event_name":"World of Goop","player_choice":"Gather Gold","floor":2,"damage_taken":0},{"event_name":"Shining Light","player_choice":"Entered Light","floor":4,"damage_taken":0},{"event_name":"Mushrooms","player_choice":"Healed and dodged fight","floor":12,"damage_taken":0},{"event_name":"Living Wall","player_choice":"Forget","floor":13,"damage_taken":0}],"is_beta":false,"boss_relics":[{"not_picked":["Empty Cage","Calling Bell"],"picked":"Astrolabe"}],"items_purged_floors":[21],"is_endless":false,"potions_floor_spawned":[1,7,11,19],"killed_by":"Shelled Parasite and Fungi","ascension_level":0}