{"gold_per_floor":[118,137,212,212,212,212,247,327,327,327],"floor_reached":10,"playtime":178,"items_purged":[],"score":128,"play_id":"0ac0bac9-d21b-48a9-a120-3911d82f5a6c","local_time":"20181212014447","is_ascension_mode":true,"campfire_choices":[{"data":"Feed","floor":6.0,"key":"SMITH"}],"neow_cost":"NONE","seed_source_timestamp":419714802807526,"circlet_count":0,"master_deck":["AscendersBane","Strike_R","Strike_R","Strike_R","Strike_R","Strike_R","Defend_R","Defend_R","Defend_R","Defend_R","Bash","Feed+1","Flex","Pommel Strike","Feed"],"special_seed":0,"relics":["Burning Blood","Question Card","Oddly Smooth Stone","Singing Bowl"],"potions_floor_usage":[7],"damage_taken":[{"damage":9.0,"enemies":"Jaw Worm","floor":1.0,"turns":4.0},{"damage":10.0,"enemies":"Small Slimes","floor":2.0,"turns":4.0},{"damage":40,"enemies":"3 Sentries","floor":7,"turns":7},{"damage":42,"enemies":"Lagavulin","floor":10,"turns":6}],"seed_played":"1211571924790455250","potions_obtained":[{"floor":2.0,"key":"Explosive Potion"}],"is_trial":false,"path_per_floor":["M","M","?","?","T","R","E","?","T","E"],"character_chosen":"IRONCLAD","items_purchased":[],"campfire_rested":0,"item_purchase_floors":[],"current_hp_per_floor":[65,64,53,53,53,53,23,23,23,0],"gold":327,"neow_bonus":"ONE_RANDOM_RARE_CARD","is_prod":false,"is_daily":false,"chose_seed":false,"campfire_upgraded":1,"win_rate":0,"timestamp":1544546687,"path_taken":["M","M","?","?","?","R","E","?","T","E"],"build_version":"2018-12-06","purchased_purges":0,"victory":false,"max_hp_per_floor":[75,78,78,78,78,78,82,82,82,82],"card_choices":[{"not_picked":["Power Through","Infernal Blade"],"picked":"Flex","floor":1.0},{"not_picked":["Thunderclap","Twin Strike"],"picked":"Pommel Strike","floor":2.0},{"not_picked":["Flex","Cleave","Blood for Blood"],"picked":"Feed","floor":7}],"player_experience":784800,"relics_obtained":[{"floor":5.0,"key":"Question Card"},{"floor":7,"key":"Oddly Smooth Stone"},{"floor":9,"key":"Singing Bowl"}],"event_choices":[{"damage_healed":0.0,"max_hp_gain":0.0,"max_hp_loss":0.0,"gold_gain":75.0,"event_name":"World of Goop","player_choice":"Gather Gold","floor":3.0,"gold_loss":0.0,"damage_taken":11.0},{"damage_healed":0.0,"max_hp_gain":0.0,"max_hp_loss":0.0,"gold_gain":0.0,"event_name":"Scrap Ooze","player_choice":"Fled","floor":4.0,"gold_loss":0.0,"damage_taken":0.0},{"damage_healed":0,"gold_gain":80,"player_choice":"Gained Gold","damage_taken":0,"max_hp_gain":0,"max_hp_loss":0,"event_name":"Golden Wing","floor":8,"gold_loss":0}],"is_beta":false,"boss_relics":[],"items_purged_floors":[],"is_endless":false,"potions_floor_spawned":[2],"killed_by":"Lagavulin","ascension_level":20}