{"gold_per_floor":[110,110,58,58,123,123,133,152,152,187,187,204,254,281,281,360,360,375,425,475,500,550,577,577,165,165,190,252,264,308,330,342,354],"floor_reached":33,"playtime":1029,"items_purged":["Defend_R"],"score":647,"play_id":"a0d73013-479a-44af-bbf5-b375fb4adfd9","local_time":"20181214020610","is_ascension_mode":true,"campfire_choices":[{"data":"Bash","floor":6.0,"key":"SMITH"},{"floor":11.0,"key":"REST"},{"floor":15.0,"key":"REST"},{"data":"Perfected Strike","floor":24,"key":"SMITH"},{"floor":29,"key":"REST"},{"floor":32,"key":"REST"}],"neow_cost":"NONE","seed_source_timestamp":27965779502590,"circlet_count":0,"master_deck":["AscendersBane","Strike_R","Strike_R","Strike_R","Strike_R","Strike_R+1","Defend_R","Defend_R","Defend_R","Bash+1","Shrug It Off","True Grit+1","Armaments+1","Perfected Strike+1","Shockwave+1","Feed+1","Iron Wave","Anger","Double Tap+1","Pommel Strike+1","Decay","Battle Trance+1","J.A.X.+1","Havoc+1","Impervious+1","Intimidate+1","Rage+1","True Grit+1"],"special_seed":0,"relics":["Burning Blood","Toxic Egg 2","SsserpentHead","Bag of Marbles","Vajra","Runic Dome","Art of War","Whetstone","Red Skull","MawBank","Mummified Hand"],"potions_floor_usage":[27],"damage_taken":[{"damage":14.0,"enemies":"Jaw Worm","floor":1.0,"turns":4.0},{"damage":6.0,"enemies":"Cultist","floor":5.0,"turns":5.0},{"damage":3.0,"enemies":"Small Slimes","floor":7.0,"turns":6.0},{"damage":16.0,"enemies":"3 Louse","floor":8.0,"turns":4.0},{"damage":44.0,"enemies":"Gremlin Nob","floor":10.0,"turns":5.0},{"damage":5.0,"enemies":"Blue Slaver","floor":12.0,"turns":3.0},{"damage":29.0,"enemies":"3 Sentries","floor":14.0,"turns":14.0},{"damage":24.0,"enemies":"The Guardian","floor":16.0,"turns":10.0},{"damage":7.0,"enemies":"3 Byrds","floor":18.0,"turns":6.0},{"damage":3,"enemies":"2 Thieves","floor":21,"turns":4},{"damage":36,"enemies":"Gremlin Leader","floor":23,"turns":6},{"damage":23,"enemies":"Book of Stabbing","floor":27,"turns":4},{"damage":27,"enemies":"Slavers","floor":30,"turns":6},{"damage":5,"enemies":"Centurion and Healer","floor":31,"turns":4},{"damage":49,"enemies":"Automaton","floor":33,"turns":6}],"seed_played":"-2302398884555100687","potions_obtained":[{"floor":8.0,"key":"SpeedPotion"},{"floor":10.0,"key":"Block Potion"},{"floor":12.0,"key":"Block Potion"},{"floor":16.0,"key":"GamblersBrew"},{"floor":23,"key":"LiquidBronze"},{"floor":30,"key":"FearPotion"}],"is_trial":false,"path_per_floor":["M","?","$","?","M","R","M","M","T","E","R","M","?","E","R","B",null,"M","?","?","M","?","E","R","$","T","E","?","R","E","M","R","B"],"character_chosen":"IRONCLAD","items_purchased":["True Grit+1","Impervious+1","Whetstone"],"campfire_rested":4,"item_purchase_floors":[3,25,25],"current_hp_per_floor":[67,56,56,56,56,56,59,49,49,11,35,40,40,20,46,28,74,77,77,77,80,80,50,50,50,50,33,5,34,17,18,48,0],"gold":354,"neow_bonus":"TEN_PERCENT_HP_BONUS","is_prod":false,"is_daily":false,"chose_seed":false,"campfire_upgraded":2,"win_rate":0,"timestamp":1544720770,"path_taken":["M","?","$","?","?","R","M","M","T","E","R","M","?","E","R","BOSS","M","?","?","?","?","E","R","$","T","E","?","R","E","M","R","BOSS"],"build_version":"2018-12-06","purchased_purges":1,"victory":false,"max_hp_per_floor":[82,82,82,82,82,82,82,82,82,82,82,86,86,89,89,89,89,93,93,93,93,93,93,93,93,93,93,98,98,102,102,102,102],"card_choices":[{"not_picked":["Blood for Blood","Sword Boomerang"],"picked":"Shrug It Off","floor":1.0},{"not_picked":["Cleave","Sword Boomerang"],"picked":"Armaments+1","floor":5.0},{"not_picked":["Thunderclap","Searing Blow"],"picked":"Perfected Strike","floor":7.0},{"not_picked":["Headbutt","Wild Strike"],"picked":"Shockwave+1","floor":8.0},{"not_picked":["Clothesline","Dual Wield+1"],"picked":"Feed","floor":10.0},{"not_picked":["Body Slam","Headbutt"],"picked":"Iron Wave","floor":12.0},{"not_picked":["Hemokinesis","Clash"],"picked":"Anger","floor":14.0},{"not_picked":["Dark Embrace","Feed"],"picked":"Double Tap+1","floor":16.0},{"not_picked":["Entrench+1","Anger"],"picked":"Pommel Strike+1","floor":18.0},{"not_picked":["Heavy Blade","Pummel"],"picked":"Battle Trance+1","floor":21},{"not_picked":["Infernal Blade+1","Metallicize"],"picked":"Havoc+1","floor":23},{"not_picked":["Armaments+1","Warcry+1"],"picked":"Intimidate+1","floor":27},{"not_picked":["Warcry+1","Heavy Blade"],"picked":"Rage+1","floor":30},{"not_picked":["Infernal Blade+1","Armaments+1"],"picked":"True Grit+1","floor":31}],"player_experience":787266,"relics_obtained":[{"floor":10.0,"key":"Bag of Marbles"},{"floor":14.0,"key":"Vajra"},{"floor":23,"key":"Art of War"},{"floor":26,"key":"Red Skull"},{"floor":27,"key":"MawBank"},{"floor":30,"key":"Mummified Hand"}],"event_choices":[{"damage_healed":0.0,"max_hp_gain":0.0,"max_hp_loss":0.0,"gold_gain":0.0,"event_name":"Scrap Ooze","player_choice":"Success","floor":2.0,"gold_loss":0.0,"damage_taken":11.0,"relics_obtained":["Toxic Egg 2"]},{"damage_healed":0.0,"max_hp_gain":0.0,"max_hp_loss":0.0,"gold_gain":0.0,"event_name":"FaceTrader","player_choice":"Trade","floor":4.0,"gold_loss":0.0,"damage_taken":0.0,"relics_obtained":["SsserpentHead"]},{"damage_healed":0.0,"max_hp_gain":0.0,"max_hp_loss":0.0,"gold_gain":0.0,"event_name":"Shining Light","player_choice":"Ignored","floor":13.0,"gold_loss":0.0,"damage_taken":0.0},{"damage_healed":0.0,"max_hp_gain":0.0,"max_hp_loss":0.0,"gold_gain":0.0,"event_name":"The Mausoleum","player_choice":"Ignored","floor":19.0,"gold_loss":0.0,"damage_taken":0.0},{"damage_healed":0,"gold_gain":0,"player_choice":"Cursed","damage_taken":0,"max_hp_gain":0,"max_hp_loss":0,"event_name":"Wheel of Change","floor":20,"gold_loss":0,"cards_obtained":["Decay"]},{"damage_healed":0,"gold_gain":0,"player_choice":"Obtain J.A.X.","damage_taken":0,"max_hp_gain":0,"max_hp_loss":0,"event_name":"Drug Dealer","floor":22,"gold_loss":0,"cards_obtained":["J.A.X."]},{"damage_healed":0,"gold_gain":0,"player_choice":"Shed Blood","damage_taken":33,"max_hp_gain":5,"max_hp_loss":0,"event_name":"Forgotten Altar","floor":28,"gold_loss":0}],"is_beta":false,"boss_relics":[{"not_picked":["Black Star","Philosopher\u0027s Stone"],"picked":"Runic Dome"}],"items_purged_floors":[25],"is_endless":false,"potions_floor_spawned":[8,10,12,16,23,30],"killed_by":"Automaton","ascension_level":20}