{"gold_per_floor":[109,109,125,125,125,165,165,189,189,220,220,220,254,274,274,403,403],"floor_reached":17,"playtime":288,"items_purged":[],"score":173,"play_id":"9fdb91f7-d43b-4822-a57b-b94878a6e1cb","local_time":"20180829064255","is_ascension_mode":false,"campfire_choices":[{"floor":7,"key":"REST"},{"data":"Uppercut","floor":12,"key":"SMITH"},{"floor":15,"key":"REST"}],"neow_cost":"","seed_source_timestamp":1021697457708649,"circlet_count":0,"master_deck":["Strike_R","Strike_R","Strike_R","Strike_R","Defend_R","Defend_R","Bash","Uppercut+1","Spot Weakness","Twin Strike","Feed","Fiend Fire+1","Twin Strike+1","Reaper+1"],"relics":["Burning Blood","Golden Idol","Letter Opener","Darkstone Periapt","Nunchaku","Bird Faced Urn","Molten Egg 2","Empty Cage"],"potions_floor_usage":[16],"damage_taken":[{"damage":5,"enemies":"2 Louse","floor":1,"turns":3},{"damage":6,"enemies":"Cultist","floor":3,"turns":3},{"damage":35,"enemies":"Gremlin Nob","floor":6,"turns":5},{"damage":5,"enemies":"Jaw Worm","floor":8,"turns":3},{"damage":31,"enemies":"Lagavulin","floor":10,"turns":6},{"damage":22,"enemies":"3 Sentries","floor":13,"turns":7},{"damage":8,"enemies":"Lots of Slimes","floor":14,"turns":4},{"damage":40,"enemies":"The Guardian","floor":16,"turns":6}],"seed_played":"-8669824523606366576","potions_obtained":[{"floor":1,"key":"GamblersBrew"},{"floor":13,"key":"BloodPotion"},{"floor":14,"key":"Strength Potion"},{"floor":16,"key":"Block Potion"}],"is_trial":false,"path_per_floor":["M","?","M","?","?","E","R","M","T","E","?","R","E","M","R","B"],"character_chosen":"IRONCLAD","items_purchased":[],"campfire_rested":2,"item_purchase_floors":[],"current_hp_per_floor":[80,80,80,60,65,36,61,62,62,37,30,30,17,18,45,11,11],"gold":403,"neow_bonus":"","is_prod":false,"is_daily":false,"chose_seed":false,"campfire_upgraded":1,"win_rate":0,"timestamp":1535492575,"path_taken":["M","?","M","?","?","E","R","?","T","E","?","R","E","M","R","BOSS"],"build_version":"2018-08-23v2","purchased_purges":0,"victory":false,"max_hp_per_floor":[80,80,80,80,85,85,85,85,85,85,85,85,88,91,91,91,91],"card_choices":[{"not_picked":["Anger","Heavy Blade"],"picked":"Uppercut","floor":1},{"not_picked":["True Grit","Warcry","Corruption"],"picked":"SKIP","floor":3},{"not_picked":["Flex","Power Through"],"picked":"Spot Weakness","floor":6},{"not_picked":["Corruption","Shrug It Off"],"picked":"Twin Strike","floor":8},{"not_picked":["Wild Strike","Disarm"],"picked":"Feed","floor":10},{"not_picked":["Exhume","Evolve"],"picked":"Fiend Fire","floor":13},{"not_picked":["Evolve","Second Wind"],"picked":"Twin Strike+1","floor":14},{"not_picked":["Bludgeon+1","Impervious"],"picked":"Reaper+1","floor":16}],"player_experience":536489,"relics_obtained":[{"floor":6,"key":"Letter Opener"},{"floor":9,"key":"Darkstone Periapt"},{"floor":10,"key":"Nunchaku"},{"floor":13,"key":"Molten Egg 2"}],"event_choices":[{"event_name":"Purifier","player_choice":"One Purge","floor":2,"damage_taken":0},{"event_name":"Golden Idol","player_choice":"Take Damage","floor":4,"damage_taken":0},{"event_name":"Big Fish","player_choice":"Donut","floor":5,"damage_taken":0},{"event_name":"Scrap Ooze","player_choice":"success","floor":11,"damage_taken":7}],"is_beta":false,"boss_relics":[{"not_picked":["Ectoplasm","White Beast Statue"],"picked":"Empty Cage"}],"items_purged_floors":[],"is_endless":false,"potions_floor_spawned":[1,13,14,16],"ascension_level":0}