{"gold_per_floor":[142,142,67,67,85,113,113,113,113,132,166,176,176],"floor_reached":13,"playtime":314,"items_purged":["Defend_R"],"score":186,"play_id":"9a332dca-f704-404c-ae40-5fa1898ea35a","local_time":"20181215015315","is_ascension_mode":true,"campfire_choices":[{"data":"Pommel Strike","floor":8,"key":"SMITH"}],"neow_cost":"NONE","seed_source_timestamp":114323768552576,"circlet_count":0,"master_deck":["AscendersBane","Strike_R","Strike_R","Strike_R","Strike_R","Strike_R","Defend_R","Defend_R+1","Defend_R+1","Bash+1","Headbutt","Pommel Strike+1","Blood for Blood","Whirlwind","Spot Weakness","Twin Strike"],"relics":["Burning Blood","Tiny Chest","War Paint","Sundial","Potion Belt","Ancient Tea Set"],"potions_floor_usage":[11,12],"damage_taken":[{"damage":14,"enemies":"Jaw Worm","floor":1,"turns":5},{"damage":9,"enemies":"2 Louse","floor":5,"turns":3},{"damage":31,"enemies":"3 Sentries","floor":6,"turns":9},{"damage":0,"enemies":"Cultist","floor":10,"turns":2},{"damage":8,"enemies":"Gremlin Nob","floor":11,"turns":3},{"damage":12,"enemies":"Exordium Wildlife","floor":12,"turns":2},{"damage":44,"enemies":"Lagavulin","floor":13,"turns":5}],"seed_played":"8264549180637272249","potions_obtained":[{"floor":1,"key":"Poison Potion"},{"floor":11,"key":"SkillPotion"}],"is_trial":false,"path_per_floor":["M","?","$","?","M","E","T","R","T","M","E","M","E"],"character_chosen":"IRONCLAD","items_purchased":[],"campfire_rested":0,"item_purchase_floors":[],"current_hp_per_floor":[60,60,60,55,52,27,27,27,27,33,31,25,0],"gold":176,"neow_bonus":"RANDOM_COMMON_RELIC","is_prod":false,"is_daily":false,"chose_seed":false,"campfire_upgraded":1,"win_rate":0,"timestamp":1544806395,"path_taken":["M","?","$","?","M","E","?","R","T","?","E","M","E"],"build_version":"2018-12-13","purchased_purges":1,"victory":false,"max_hp_per_floor":[75,75,75,75,75,75,75,75,75,75,75,75,75],"card_choices":[{"not_picked":["Flame Barrier","Searing Blow"],"picked":"Headbutt","floor":1},{"not_picked":["Heavy Blade","Carnage"],"picked":"Pommel Strike","floor":5},{"not_picked":["Feel No Pain","Searing Blow"],"picked":"Blood for Blood","floor":6},{"not_picked":["Fire Breathing","True Grit"],"picked":"Whirlwind","floor":10},{"not_picked":["Cleave","Pummel"],"picked":"Spot Weakness","floor":11},{"not_picked":["Carnage","Anger"],"picked":"Twin Strike","floor":12}],"player_experience":791063,"relics_obtained":[{"floor":6,"key":"Sundial"},{"floor":7,"key":"Potion Belt"},{"floor":11,"key":"Ancient Tea Set"}],"event_choices":[{"damage_healed":0,"gold_gain":0,"player_choice":"Grow","damage_taken":0,"max_hp_gain":0,"max_hp_loss":0,"event_name":"Living Wall","floor":2,"gold_loss":0,"cards_upgraded":["Bash"]},{"damage_healed":0,"gold_gain":0,"player_choice":"Success","damage_taken":5,"relics_obtained":["War Paint"],"max_hp_gain":0,"max_hp_loss":0,"event_name":"Scrap Ooze","floor":4,"gold_loss":0}],"is_beta":false,"boss_relics":[],"items_purged_floors":[3],"is_endless":false,"potions_floor_spawned":[1,11],"killed_by":"Lagavulin","ascension_level":20}