{"gold_per_floor":[369,369,34,34,0,0,16,16,16,16,32,44,64,77,77,179,179,194,119,17,17,17,50,63,63],"floor_reached":25,"playtime":1476,"items_purged":["Strike_B"],"score":253,"play_id":"322f5cf7-40c0-4ee5-9028-c666e0981669","local_time":"20181008195943","is_ascension_mode":true,"campfire_choices":[{"data":"Chrysalis","floor":6,"key":"SMITH"},{"data":"Core Surge","floor":10,"key":"SMITH"},{"floor":15,"key":"REST"}],"neow_cost":"TEN_PERCENT_HP_LOSS","seed_source_timestamp":22600816215530,"circlet_count":0,"master_deck":["Strike_B","Strike_B","Strike_B","Defend_B","Defend_B","Defend_B","Zap","Dualcast","FTL","Core Surge+1","Chrysalis+1","Steam+1","Streamline","Coolheaded+1","Reinforced Body+1","Leap+1","Seek+1","Apotheosis+1","Glacier+1"],"relics":["Cracked Core","Membership Card","Toxic Egg 2","Frozen Egg 2","Busted Crown","Art of War"],"potions_floor_usage":[16,16,25,25,25],"damage_taken":[{"damage":2,"enemies":"2 Louse","floor":1,"turns":3},{"damage":0,"enemies":"Cultist","floor":7,"turns":3},{"damage":0,"enemies":"Small Slimes","floor":11,"turns":3},{"damage":1,"enemies":"Exordium Thugs","floor":12,"turns":3},{"damage":3,"enemies":"Blue Slaver","floor":13,"turns":2},{"damage":6,"enemies":"2 Fungi Beasts","floor":14,"turns":3},{"damage":25,"enemies":"Slime Boss","floor":16,"turns":13},{"damage":0,"enemies":"Chosen","floor":18,"turns":8},{"damage":21,"enemies":"Slavers","floor":23,"turns":8},{"damage":0,"enemies":"Shell Parasite","floor":24,"turns":6},{"damage":54,"enemies":"Gremlin Leader","floor":25,"turns":11}],"seed_played":"-5571821279665873821","potions_obtained":[{"floor":1,"key":"SteroidPotion"},{"floor":11,"key":"Fire Potion"},{"floor":12,"key":"Weak Potion"},{"floor":14,"key":"Regen Potion"},{"floor":18,"key":"GamblersBrew"},{"floor":23,"key":"AttackPotion"}],"is_trial":false,"path_per_floor":["M","?","$","?","?","R","M","$","T","R","M","M","M","M","R","B",null,"M","?","$","?","?","E","M"],"character_chosen":"DEFECT","items_purchased":["Membership Card","Chrysalis","Apotheosis+1"],"campfire_rested":1,"item_purchase_floors":[3,3,20],"current_hp_per_floor":[66,66,66,33,33,33,33,33,33,33,33,32,29,23,43,33,68,68,68,68,68,68,47,47,0],"gold":63,"neow_bonus":"TWO_FIFTY_GOLD","is_prod":false,"is_daily":false,"chose_seed":false,"campfire_upgraded":2,"win_rate":0,"timestamp":1538990983,"path_taken":["M","?","?","?","?","R","M","$","T","R","M","?","?","?","R","BOSS","M","?","$","?","?","E","?","E"],"build_version":"2018-10-04v2","purchased_purges":1,"victory":false,"max_hp_per_floor":[68,68,68,68,68,68,68,68,68,68,68,68,68,68,68,68,68,68,68,68,68,68,68,68,68],"card_choices":[{"not_picked":["Undo","Compile Driver"],"picked":"FTL","floor":1},{"not_picked":["Consume+1","Tempest+1"],"picked":"Steam+1","floor":7},{"not_picked":["Stack+1","Redo+1"],"picked":"Streamline","floor":11},{"not_picked":["Redo+1","Double Energy+1"],"picked":"Coolheaded+1","floor":12},{"not_picked":["Rebound","Sweeping Beam"],"picked":"Reinforced Body+1","floor":13},{"not_picked":["Beam Cell","Gash"],"picked":"Leap+1","floor":14},{"not_picked":["Core Surge","Creative AI+1"],"picked":"Seek+1","floor":16},{"not_picked":["Rebound+1"],"picked":"SKIP","floor":18},{"not_picked":["Stack+1"],"picked":"SKIP","floor":23},{"not_picked":["Leap+1"],"picked":"SKIP","floor":24}],"player_experience":273660,"relics_obtained":[{"floor":9,"key":"Frozen Egg 2"},{"floor":23,"key":"Art of War"}],"event_choices":[{"event_name":"Match and Keep!","player_choice":"1 cards matched","floor":2,"damage_taken":0},{"event_name":"Scrap Ooze","player_choice":"success","floor":4,"damage_taken":33},{"event_name":"World of Goop","player_choice":"Left","floor":5,"damage_taken":0},{"event_name":"Beggar","player_choice":"Gave Gold","floor":19,"damage_taken":0},{"event_name":"Wheel of Change","player_choice":"Full Heal","floor":21,"damage_taken":0},{"event_name":"The Library","player_choice":"Read","floor":22,"damage_taken":0}],"is_beta":false,"boss_relics":[{"not_picked":["Philosopher\u0027s Stone","Astrolabe"],"picked":"Busted Crown"}],"items_purged_floors":[3],"is_endless":false,"potions_floor_spawned":[1,11,12,14,18,23],"killed_by":"Gremlin Leader","ascension_level":4}