{"gold_per_floor":[119,119,134,152,83,83,116,116,116,3,29,29,29,45,45,45],"floor_reached":16,"playtime":2059,"items_purged":[],"score":135,"play_id":"ccb7ba5e-126b-46d6-afe5-21ec9822cf2c","local_time":"20181118095105","is_ascension_mode":true,"campfire_choices":[{"data":"Storm of Steel","floor":6,"key":"SMITH"},{"floor":8,"key":"REST"},{"floor":13,"key":"REST"},{"data":"Accuracy","floor":15,"key":"SMITH"}],"neow_cost":"CURSE","seed_source_timestamp":70665673968478,"circlet_count":0,"master_deck":["Defend_G","Defend_G","Defend_G","Defend_G","Defend_G","Strike_G","Strike_G","Strike_G","Strike_G","Survivor","Neutralize","Parasite","Storm of Steel+1","Quick Slash","PiercingWail","Leg Sweep","PiercingWail","Caltrops","Choke","Footwork","Accuracy+1"],"relics":["Ring of the Snake","Question Card","The Courier","Dodecahedron"],"potions_floor_usage":[4,11,11,16],"damage_taken":[{"damage":0,"enemies":"2 Louse","floor":1,"turns":2},{"damage":6,"enemies":"Cultist","floor":3,"turns":3},{"damage":0,"enemies":"Jaw Worm","floor":4,"turns":3},{"damage":51,"enemies":"3 Sentries","floor":7,"turns":13},{"damage":10,"enemies":"Lagavulin","floor":11,"turns":8},{"damage":9,"enemies":"2 Fungi Beasts","floor":14,"turns":3},{"damage":37,"enemies":"Slime Boss","floor":16,"turns":7}],"seed_played":"-1755211324959740865","potions_obtained":[{"floor":2,"key":"Poison Potion"},{"floor":2,"key":"FearPotion"},{"floor":2,"key":"Weak Potion"},{"floor":7,"key":"Dexterity Potion"},{"floor":11,"key":"Block Potion"}],"is_trial":false,"path_per_floor":["M","?","M","M","$","R","E","R","T","$","E","?","R","M","R","B"],"character_chosen":"THE_SILENT","items_purchased":["Leg Sweep","Caltrops","Choke"],"campfire_rested":2,"item_purchase_floors":[5,10,10],"current_hp_per_floor":[70,70,64,64,64,64,13,34,34,34,24,17,38,29,29,0],"gold":45,"neow_bonus":"THREE_RARE_CARDS","is_prod":false,"is_daily":false,"chose_seed":false,"campfire_upgraded":2,"win_rate":0,"timestamp":1542496865,"path_taken":["M","?","M","?","$","R","E","R","T","?","E","?","R","M","R","BOSS"],"build_version":"2018-11-15","purchased_purges":0,"victory":false,"max_hp_per_floor":[70,70,70,70,70,70,70,70,70,70,70,70,70,70,70,70],"card_choices":[{"not_picked":["A Thousand Cuts","Phantasmal Killer"],"picked":"Storm of Steel","floor":0},{"not_picked":["Bane","Underhanded Strike"],"picked":"Quick Slash","floor":1},{"not_picked":["Riddle With Holes","Heel Hook"],"picked":"PiercingWail","floor":3},{"not_picked":["Expertise","Dodge and Roll","Slice"],"picked":"SKIP","floor":4},{"not_picked":["Calculated Gamble","Backflip"],"picked":"PiercingWail","floor":7},{"not_picked":["Bouncing Flask","Sucker Punch","Doppelganger"],"picked":"Footwork","floor":11},{"not_picked":["Outmaneuver","Prepared","Slice"],"picked":"Accuracy","floor":14}],"player_experience":402047,"relics_obtained":[{"floor":7,"key":"Question Card"},{"floor":9,"key":"The Courier"},{"floor":11,"key":"Dodecahedron"}],"event_choices":[{"damage_healed":0,"gold_gain":0,"player_choice":"Got Potions","damage_taken":0,"max_hp_gain":0,"max_hp_loss":0,"event_name":"Lab","floor":2,"gold_loss":0},{"cards_removed":["Strike_G"],"damage_healed":0,"gold_gain":0,"player_choice":"Card Removal","damage_taken":7,"max_hp_gain":0,"max_hp_loss":0,"event_name":"Golden Wing","floor":12,"gold_loss":0}],"is_beta":false,"boss_relics":[],"items_purged_floors":[],"is_endless":false,"potions_floor_spawned":[7,11],"killed_by":"Slime Boss","ascension_level":5}