{"gold_per_floor":[111,36,36,53,53,82,82,99,123,153,175,187,199,291,303,388,400,424,436,462,474,486,498,8,18,89,104,104,124,39,39,39,117,117,130,130],"floor_reached":36,"playtime":869,"items_purged":["Defend_R","Defend_R"],"score":774,"play_id":"b14ed8f6-f99a-4d0b-b09e-0a4b392532ee","local_time":"20180829034400","is_ascension_mode":true,"campfire_choices":[{"data":"Uppercut","floor":7.0,"key":"SMITH"},{"data":"Rampage","floor":13.0,"key":"SMITH"},{"data":"Strike_R","floor":15.0,"key":"SMITH"},{"floor":23,"key":"REST"},{"data":"Whirlwind","floor":28,"key":"SMITH"},{"floor":32,"key":"REST"}],"neow_cost":"NONE","seed_source_timestamp":0,"circlet_count":0,"master_deck":["Strike_R","Strike_R","Strike_R+1","Bash+1","AscendersBane","Uppercut+1","Rampage+1","Fiend Fire","Seeing Red+1","Berserk+1","Whirlwind+1","Battle Trance","Disarm+1","Headbutt","Inflame","Double Tap","Inflame+1"],"special_seed":0,"relics":["Burning Blood","NeowsBlessing","Orichalcum","MawBank","Meat on the Bone","Astrolabe","Gremlin Horn","CultistMask","Ancient Tea Set","Chemical X","Mummified Hand","White Beast Statue"],"potions_floor_usage":[18,20,33,35,36],"damage_taken":[{"damage":0.0,"enemies":"Cultist","floor":1.0,"turns":1.0},{"damage":0.0,"enemies":"Small Slimes","floor":4.0,"turns":1.0},{"damage":0.0,"enemies":"Gremlin Nob","floor":6.0,"turns":1.0},{"damage":6.0,"enemies":"Jaw Worm","floor":8.0,"turns":2.0},{"damage":3.0,"enemies":"Exordium Wildlife","floor":10.0,"turns":3.0},{"damage":6.0,"enemies":"3 Louse","floor":11.0,"turns":2.0},{"damage":51.0,"enemies":"Hexaghost","floor":16.0,"turns":9.0},{"damage":42,"enemies":"3 Byrds","floor":18,"turns":7},{"damage":21,"enemies":"2 Thieves","floor":20,"turns":3},{"damage":6,"enemies":"3 Cultists","floor":25,"turns":3},{"damage":12,"enemies":"Cultist and Chosen","floor":27,"turns":5},{"damage":0,"enemies":"Snake Plant","floor":29,"turns":2},{"damage":48,"enemies":"Automaton","floor":33,"turns":6},{"damage":4,"enemies":"3 Shapes","floor":35,"turns":4},{"damage":78,"enemies":"Mysterious Sphere","floor":36,"turns":2}],"seed_played":"5228795465731286658","potions_obtained":[{"floor":6.0,"key":"Ancient Potion"},{"floor":8.0,"key":"Fire Potion"},{"floor":11.0,"key":"Strength Potion"},{"floor":16.0,"key":"PowerPotion"},{"floor":20,"key":"Fire Potion"},{"floor":25,"key":"PowerPotion"},{"floor":35,"key":"Swift Potion"}],"is_trial":false,"path_per_floor":["M","$","?","M","$","E","R","M","T","M","M","$","R","T","R","B",null,"M","?","M","?","?","R","$","M","T","M","R","M","$","?","R","B",null,"M"],"character_chosen":"IRONCLAD","items_purchased":["Ancient Tea Set","Chemical X","Inflame"],"campfire_rested":2,"item_purchase_floors":[24,24,30],"current_hp_per_floor":[74,74,74,75,75,75,75,75,75,75,75,75,75,75,75,42,67,43,22,19,19,19,43,43,55,55,49,49,55,55,55,79,49,72,74,0],"gold":130,"neow_bonus":"THREE_ENEMY_KILL","is_prod":false,"is_daily":false,"chose_seed":false,"campfire_upgraded":4,"win_rate":0,"timestamp":1535481840,"path_taken":["M","$","?","?","$","E","R","M","T","M","?","?","R","?","R","BOSS","M","?","?","?","?","R","$","M","T","?","R","M","$","?","R","BOSS","M","?"],"build_version":"2018-08-23v2","purchased_purges":2,"victory":false,"max_hp_per_floor":[75,75,75,75,75,75,75,75,75,75,75,75,75,75,75,75,75,75,80,80,80,80,80,80,80,80,80,80,80,80,80,80,80,80,80,80],"card_choices":[{"not_picked":["Armaments","Wild Strike","Metallicize"],"picked":"SKIP","floor":1.0},{"not_picked":["Shockwave","Inflame"],"picked":"Uppercut","floor":4.0},{"not_picked":["Reckless Charge","Armaments"],"picked":"Rampage","floor":6.0},{"not_picked":["Cleave","Carnage","Clothesline"],"picked":"SKIP","floor":8.0},{"not_picked":["Sever Soul","Seeing Red","Heavy Blade"],"picked":"SKIP","floor":10.0},{"not_picked":["Rage","Cleave","Headbutt"],"picked":"SKIP","floor":11.0},{"not_picked":["Exhume","Juggernaut"],"picked":"Fiend Fire","floor":16.0},{"not_picked":["Sentinel","Headbutt"],"picked":"Whirlwind","floor":18},{"not_picked":["Combust","Perfected Strike"],"picked":"Battle Trance","floor":20},{"not_picked":["Shrug It Off","Rage"],"picked":"Disarm+1","floor":25},{"not_picked":["Intimidate","Twin Strike","Fiend Fire"],"picked":"SKIP","floor":27},{"not_picked":["Searing Blow+1","Shockwave"],"picked":"Headbutt","floor":29},{"not_picked":["Brutality","Impervious"],"picked":"Double Tap","floor":33},{"not_picked":["Searing Blow","Thunderclap"],"picked":"Inflame+1","floor":35}],"player_experience":525565,"relics_obtained":[{"floor":6.0,"key":"Orichalcum"},{"floor":9.0,"key":"MawBank"},{"floor":14.0,"key":"Meat on the Bone"},{"floor":26,"key":"Mummified Hand"}],"event_choices":[{"event_name":"Upgrade Shrine","player_choice":"Upgraded","floor":3.0,"damage_taken":0.0},{"event_name":"Forgotten Altar","player_choice":"Shed Blood","floor":19,"damage_taken":0},{"event_name":"WeMeetAgain","player_choice":"Card","floor":21,"damage_taken":0},{"event_name":"FaceTrader","player_choice":"Trade","floor":22,"damage_taken":0},{"event_name":"Back to Basics","player_choice":"Elegance","floor":31,"damage_taken":0},{"event_name":"Mysterious Sphere","player_choice":"Fight","floor":36,"damage_taken":0}],"is_beta":false,"boss_relics":[{"not_picked":["Philosopher\u0027s Stone","Lizard Tail"],"picked":"Astrolabe"},{"not_picked":["Coffee Dripper","Cursed Key"],"picked":"White Beast Statue"}],"items_purged_floors":[2,24],"is_endless":false,"potions_floor_spawned":[6,8,11,16,20,25,27,29,35],"killed_by":"Mysterious Sphere","ascension_level":20}