{"gold_per_floor":[111,186,199,199,217,243,243,243,543,543],"floor_reached":10,"playtime":427,"items_purged":[],"score":69,"play_id":"9fbdb354-f99c-41c9-b336-557201cb07b9","local_time":"20180828194055","is_ascension_mode":true,"campfire_choices":[{"data":"Defragment","floor":7,"key":"SMITH"}],"neow_cost":"NONE","seed_source_timestamp":44039395794271,"circlet_count":0,"master_deck":["Strike_B","Strike_B","Strike_B","Strike_B","Defend_B","Defend_B","Defend_B","Defend_B","Zap","Dualcast","Defragment+1","Loop","Normality","Core Surge"],"relics":["Cracked Core","Nunchaku","Bag of Marbles","Blood Vial","Old Coin"],"potions_floor_usage":[8],"damage_taken":[{"damage":0,"enemies":"Small Slimes","floor":1,"turns":4},{"damage":0,"enemies":"2 Louse","floor":3,"turns":3},{"damage":12,"enemies":"Jaw Worm","floor":5,"turns":4},{"damage":38,"enemies":"3 Sentries","floor":6,"turns":7},{"damage":0,"enemies":"3 Sentries","floor":8,"turns":1},{"damage":28,"enemies":"Lots of Slimes","floor":10,"turns":2}],"seed_played":"567574041882695695","potions_obtained":[{"floor":1,"key":"SmokeBomb"},{"floor":3,"key":"Swift Potion"}],"is_trial":false,"path_per_floor":["M","?","M","?","M","E","R","?","T"],"character_chosen":"DEFECT","items_purchased":[],"campfire_rested":0,"item_purchase_floors":[],"current_hp_per_floor":[82,71,71,71,59,21,21,23,23,0],"gold":543,"neow_bonus":"TEN_PERCENT_HP_BONUS","is_prod":false,"is_daily":false,"chose_seed":false,"campfire_upgraded":1,"win_rate":0,"timestamp":1535451055,"path_taken":["M","?","M","?","?","E","R","?","T","M"],"build_version":"2018-08-23v2","purchased_purges":0,"victory":false,"max_hp_per_floor":[82,82,82,82,82,82,82,82,82,82],"card_choices":[{"not_picked":["Reinforced Body","Conserve Battery"],"picked":"Defragment","floor":1},{"not_picked":["Stack","Leap"],"picked":"Loop","floor":3},{"not_picked":["Sweeping Beam","Steam","Barrage"],"picked":"SKIP","floor":5},{"not_picked":["Leap","Rebound"],"picked":"Core Surge","floor":6}],"player_experience":68967,"relics_obtained":[{"floor":6,"key":"Bag of Marbles"},{"floor":9,"key":"Old Coin"}],"event_choices":[{"event_name":"World of Goop","player_choice":"Gather Gold","floor":2,"damage_taken":0},{"event_name":"Accursed Blacksmith","player_choice":"Rummage","floor":4,"damage_taken":0},{"event_name":"Dead Adventurer","player_choice":"Searched \u00272\u0027 times","floor":8,"damage_taken":0}],"is_beta":false,"boss_relics":[],"items_purged_floors":[],"is_endless":false,"potions_floor_spawned":[1,3,8],"killed_by":"Lots of Slimes","ascension_level":1}