{"gold_per_floor":[116,191,191,30,40,40,67,80,80,111,111,130,130,143,143,220,220,234,234,70,81,0,33,33,79,79,79,94,19,34,34,34,34],"floor_reached":33,"playtime":1958,"items_purged":["Strike_B"],"score":609,"play_id":"ab9f5e0f-e117-42eb-b46a-08183d0627ec","local_time":"20190119020045","is_ascension_mode":true,"campfire_choices":[{"data":"Zap","floor":6.0,"key":"SMITH"},{"data":"Dualcast","floor":11.0,"key":"SMITH"},{"data":"Loop","floor":13.0,"key":"SMITH"},{"floor":15.0,"key":"REST"},{"floor":24,"key":"REST"},{"data":"Seek","floor":27,"key":"SMITH"},{"floor":32,"key":"REST"}],"neow_cost":"NONE","seed_source_timestamp":699502291603846,"circlet_count":0,"master_deck":["AscendersBane","Strike_B","Strike_B","Strike_B","Defend_B","Defend_B","Defend_B","Zap+1","Dualcast+1","Leap","Consume","Sweeping Beam","Loop+1","Ball Lightning","Leap","Defragment+1","Capacitor+1","Seek+1","Mayhem+1","White Noise+1","Conserve Battery","Cold Snap"],"special_seed":0,"relics":["Cracked Core","NeowsBlessing","Sundial","Frozen Egg 2","Nuclear Battery","Darkstone Periapt","Anchor","Symbiotic Virus"],"potions_floor_usage":[23,33],"damage_taken":[{"damage":0.0,"enemies":"2 Louse","floor":1.0,"turns":1.0},{"damage":0.0,"enemies":"Jaw Worm","floor":5.0,"turns":1.0},{"damage":0.0,"enemies":"3 Sentries","floor":7.0,"turns":1.0},{"damage":2.0,"enemies":"Small Slimes","floor":8.0,"turns":3.0},{"damage":9.0,"enemies":"Lagavulin","floor":10.0,"turns":6.0},{"damage":10.0,"enemies":"Exordium Thugs","floor":12.0,"turns":4.0},{"damage":8.0,"enemies":"3 Louse","floor":14.0,"turns":3.0},{"damage":0.0,"enemies":"Slime Boss","floor":16.0,"turns":5.0},{"damage":26.0,"enemies":"Shell Parasite","floor":18.0,"turns":6.0},{"damage":5.0,"enemies":"3 Byrds","floor":21.0,"turns":4.0},{"damage":44,"enemies":"Slavers","floor":23,"turns":4},{"damage":11,"enemies":"Snecko","floor":28,"turns":4},{"damage":30,"enemies":"Snake Plant","floor":30,"turns":4},{"damage":48,"enemies":"Collector","floor":33,"turns":3}],"seed_played":"5508356945607175909","potions_obtained":[{"floor":8.0,"key":"Block Potion"},{"floor":10.0,"key":"PowerPotion"},{"floor":16.0,"key":"SkillPotion"},{"floor":18.0,"key":"PowerPotion"},{"floor":28,"key":"FearPotion"},{"floor":30,"key":"SkillPotion"}],"is_trial":false,"path_per_floor":["M","?","?","$","M","R","E","M","T","E","R","M","R","M","R","B",null,"M","?","$","M","?","E","R","T","T","R","M","?","M","$","R","B"],"character_chosen":"DEFECT","items_purchased":["Consume","Sweeping Beam","Mayhem+1"],"campfire_rested":3,"item_purchase_floors":[4,4,20],"current_hp_per_floor":[64,53,58,58,58,58,58,56,56,47,47,37,37,29,51,51,70,44,76,76,71,71,27,49,49,49,49,38,38,8,8,30,0],"gold":34,"neow_bonus":"THREE_ENEMY_KILL","is_prod":false,"is_daily":false,"chose_seed":false,"campfire_upgraded":4,"win_rate":0,"timestamp":1547892045,"path_taken":["M","?","?","?","M","R","E","M","T","E","R","M","R","M","R","BOSS","M","?","?","M","?","E","R","?","T","R","M","?","M","?","R","BOSS"],"build_version":"2019-01-17v2","purchased_purges":1,"victory":false,"max_hp_per_floor":[71,71,76,76,76,76,76,76,76,76,76,76,76,76,76,76,76,76,76,76,76,76,76,76,76,76,76,76,76,76,76,76,76],"card_choices":[{"not_picked":["Aggregate","Melter"],"picked":"Leap","floor":1.0},{"not_picked":["Gash","Redo"],"picked":"Loop","floor":5.0},{"not_picked":["Chaos","Compile Driver"],"picked":"Ball Lightning","floor":7.0},{"not_picked":["Tempest","Hello World"],"picked":"Leap","floor":8.0},{"not_picked":["Sweeping Beam","Auto Shields","Barrage"],"picked":"SKIP","floor":10.0},{"not_picked":["Scrape","Leap"],"picked":"Defragment+1","floor":12.0},{"not_picked":["Sweeping Beam","Storm+1"],"picked":"Capacitor+1","floor":14.0},{"not_picked":["Amplify","Rainbow"],"picked":"Seek","floor":16.0},{"not_picked":["Coolheaded","Hologram"],"picked":"Undo","floor":18.0},{"not_picked":["Ball Lightning","Compile Driver"],"picked":"White Noise+1","floor":21.0},{"not_picked":["Gash","Stack"],"picked":"Conserve Battery","floor":23},{"not_picked":["Streamline","Turbo"],"picked":"Cold Snap","floor":28},{"not_picked":["Compile Driver","Coolheaded","Turbo"],"picked":"SKIP","floor":30}],"player_experience":870203,"relics_obtained":[{"floor":7.0,"key":"Sundial"},{"floor":10.0,"key":"Frozen Egg 2"},{"floor":23,"key":"Darkstone Periapt"},{"floor":25,"key":"Anchor"},{"floor":26,"key":"Symbiotic Virus"}],"event_choices":[{"damage_healed":0.0,"max_hp_gain":0.0,"max_hp_loss":0.0,"gold_gain":75.0,"event_name":"World of Goop","player_choice":"Gather Gold","floor":2.0,"gold_loss":0.0,"damage_taken":11.0},{"damage_healed":0.0,"max_hp_gain":5.0,"max_hp_loss":0.0,"gold_gain":0.0,"event_name":"Big Fish","player_choice":"Donut","floor":3.0,"gold_loss":0.0,"damage_taken":0.0},{"cards_removed":["Undo"],"damage_healed":32.0,"max_hp_gain":0.0,"max_hp_loss":0.0,"gold_gain":0.0,"event_name":"Bonfire Elementals","player_choice":"Offered Uncommon","floor":19.0,"gold_loss":0.0,"damage_taken":0.0},{"damage_healed":0,"gold_gain":0,"player_choice":"Paid Fearfully","damage_taken":0,"max_hp_gain":0,"max_hp_loss":0,"event_name":"Masked Bandits","floor":22,"gold_loss":81},{"cards_removed":["Defend_B"],"damage_healed":0,"gold_gain":0,"player_choice":"Gave Gold","damage_taken":0,"max_hp_gain":0,"max_hp_loss":0,"event_name":"Beggar","floor":29,"gold_loss":75}],"is_beta":false,"boss_relics":[{"not_picked":["Tiny House","Fusion Hammer"],"picked":"Nuclear Battery"}],"items_purged_floors":[4],"is_endless":false,"potions_floor_spawned":[8,10,16,18,28,30],"killed_by":"Collector","ascension_level":15}