{"gold_per_floor":[112,37,212,90,105,130,130,130,130,142,168,180,180,199,199,298,298,318,145,145,105,105,135,135,154,154,167,167],"floor_reached":28,"playtime":1117,"items_purged":["Defend_B","Doubt","Strike_B"],"score":298,"play_id":"9aa2d401-8788-4a4b-a459-d2cc92a78a10","local_time":"20180908191853","is_ascension_mode":true,"campfire_choices":[{"data":"Streamline","floor":7,"key":"SMITH"},{"data":"Coolheaded","floor":13,"key":"SMITH"},{"data":"Rebound","floor":15,"key":"SMITH"},{"data":"Zap","floor":24,"key":"SMITH"}],"neow_cost":"NONE","seed_source_timestamp":992586443384476,"circlet_count":0,"master_deck":["Strike_B","Strike_B","Defend_B","Defend_B","Defend_B","Zap+1","Dualcast","Coolheaded+1","Streamline+1","Rebound+1","Rebound","Gash","Self Repair","Reboot","Gash","Gash","Scrape","Reprogram","Normality","Rebound"],"special_seed":0,"relics":["Cracked Core","NeowsBlessing","Letter Opener","Vajra","Blue Candle","Cursed Key","PreservedInsect","Symbiotic Virus"],"potions_floor_usage":[11,14,16,16,23],"damage_taken":[{"damage":0,"enemies":"Jaw Worm","floor":1,"turns":1},{"damage":0,"enemies":"Small Slimes","floor":5,"turns":1},{"damage":0,"enemies":"3 Sentries","floor":6,"turns":1},{"damage":0,"enemies":"2 Louse","floor":10,"turns":1},{"damage":14,"enemies":"Gremlin Nob","floor":11,"turns":3},{"damage":4,"enemies":"2 Fungi Beasts","floor":12,"turns":2},{"damage":14,"enemies":"Gremlin Gang","floor":14,"turns":3},{"damage":33,"enemies":"The Guardian","floor":16,"turns":7},{"damage":33,"enemies":"2 Thieves","floor":18,"turns":3},{"damage":49,"enemies":"Book of Stabbing","floor":23,"turns":5},{"damage":10,"enemies":"Chosen","floor":25,"turns":2},{"damage":9,"enemies":"Sentry and Sphere","floor":27,"turns":3},{"damage":24,"enemies":"Slavers","floor":28,"turns":2}],"seed_played":"-8296534636559831540","potions_obtained":[{"floor":6,"key":"Poison Potion"},{"floor":8,"key":"Regen Potion"},{"floor":8,"key":"Swift Potion"},{"floor":11,"key":"Regen Potion"},{"floor":16,"key":"Regen Potion"},{"floor":25,"key":"Weak Potion"}],"is_trial":false,"path_per_floor":["M","$","?","$","M","E","R","?","T","M","E","M","R","M","R","B",null,"M","$","?","$","?","E","R","M","T","M"],"character_chosen":"DEFECT","items_purchased":["Streamline","Gash","Scrape"],"campfire_rested":0,"item_purchase_floors":[4,19,21],"current_hp_per_floor":[75,75,75,75,75,75,75,75,75,75,61,57,57,55,55,43,75,49,49,54,54,54,26,26,16,16,14,0],"gold":167,"neow_bonus":"THREE_ENEMY_KILL","is_prod":false,"is_daily":false,"chose_seed":false,"campfire_upgraded":4,"win_rate":0,"timestamp":1536400133,"path_taken":["M","$","?","$","M","E","R","?","T","?","E","M","R","M","R","BOSS","M","$","?","$","?","E","R","M","T","?","E"],"build_version":"2018-09-06","purchased_purges":3,"victory":false,"max_hp_per_floor":[75,75,75,75,75,75,75,75,75,75,75,75,75,75,75,75,75,75,75,75,75,75,75,75,75,75,75,75],"card_choices":[{"not_picked":["Barrage","Stack"],"picked":"Coolheaded","floor":1},{"not_picked":["Compile Driver","Hologram"],"picked":"Rebound","floor":5},{"not_picked":["FTL","Barrage"],"picked":"Rebound","floor":6},{"not_picked":["Sweeping Beam","Blizzard","Hologram"],"picked":"SKIP","floor":10},{"not_picked":["Go for the Eyes","Tempest"],"picked":"Gash","floor":11},{"not_picked":["Chaos","Hello World"],"picked":"Self Repair","floor":12},{"not_picked":["Self Repair","Ball Lightning"],"picked":"Sweeping Beam","floor":14},{"not_picked":["Electrodynamics","Thunder Strike"],"picked":"Reboot","floor":16},{"not_picked":["Conserve Battery","Undo"],"picked":"Gash","floor":18},{"not_picked":["Sweeping Beam","Chaos+1"],"picked":"Reprogram","floor":23},{"not_picked":["Barrage","Coolheaded","Loop"],"picked":"SKIP","floor":25},{"not_picked":["Stack+1","Cold Snap"],"picked":"Rebound","floor":27}],"player_experience":155177,"relics_obtained":[{"floor":6,"key":"Letter Opener"},{"floor":9,"key":"Vajra"},{"floor":11,"key":"Blue Candle"},{"floor":23,"key":"PreservedInsect"},{"floor":26,"key":"Symbiotic Virus"}],"event_choices":[{"event_name":"Liars Game","player_choice":"agreed","floor":3,"damage_taken":0},{"event_name":"The Lab","player_choice":"Got Potions","floor":8,"damage_taken":0},{"event_name":"Bonfire Elementals","player_choice":"COMMON","floor":20,"damage_taken":0},{"event_name":"Purifier","player_choice":"One Purge","floor":22,"damage_taken":0}],"is_beta":false,"boss_relics":[{"not_picked":["FrozenCore","Fusion Hammer"],"picked":"Cursed Key"}],"items_purged_floors":[2,4,19],"is_endless":false,"potions_floor_spawned":[6,11,16,25],"killed_by":"Slavers","ascension_level":2}