{"gold_per_floor":[109,125,140,140,140,140,151,178,259,271,283,312,344,383,395,508,520,543,478,415,427,77,106,122,122,174,174,174,174,193,220,220,323,323,336,105,105,4,18,44,44],"floor_reached":41,"playtime":2330,"items_purged":["Night Terror"],"score":437,"play_id":"3a11cc7b-472d-44a6-9931-61bd59490178","local_time":"20180823215628","is_ascension_mode":false,"campfire_choices":[{"data":"Blade Dance","floor":6,"key":"SMITH"},{"data":"After Image","floor":10,"key":"SMITH"},{"data":"Bouncing Flask","floor":15,"key":"SMITH"},{"data":"Infinite Blades","floor":25,"key":"SMITH"},{"floor":27,"key":"REST"},{"data":"1","floor":29,"key":"LIFT"},{"data":"2","floor":32,"key":"LIFT"}],"neow_cost":"","seed_source_timestamp":266185046712315,"circlet_count":0,"master_deck":["Defend_G+1","Defend_G+1","Defend_G+1","Defend_G+1","Strike_G+1","Strike_G+1","Strike_G+1","Strike_G+1","Survivor","Neutralize","Sucker Punch","Blade Dance+1","Blade Dance","After Image+1","Riddle With Holes","Dodge and Roll+1","Backstab","Bouncing Flask+1","Backflip","J.A.X.","Bouncing Flask+1","Infinite Blades+1","Backflip","Blade Dance","Adrenaline","Crippling Poison","Madness","Madness","Discovery","Quick Slash+1","Bouncing Flask"],"relics":["Ring of the Snake","Centennial Puzzle","Matryoshka","MawBank","Omamori","Bronze Scales","Letter Opener","Torii","Lizard Tail","The Specimen","Girya","Vajra","War Paint","Fusion Hammer","Oddly Smooth Stone","Dream Catcher"],"potions_floor_usage":[16,24,33,33],"damage_taken":[{"damage":5,"enemies":"Jaw Worm","floor":1,"turns":6},{"damage":5,"enemies":"Small Slimes","floor":2,"turns":3},{"damage":3,"enemies":"2 Louse","floor":3,"turns":3},{"damage":1,"enemies":"Exordium Wildlife","floor":7,"turns":5},{"damage":6,"enemies":"Exordium Thugs","floor":12,"turns":5},{"damage":2,"enemies":"Large Slime","floor":13,"turns":6},{"damage":7,"enemies":"3 Sentries","floor":14,"turns":6},{"damage":3,"enemies":"Hexaghost","floor":16,"turns":8},{"damage":18,"enemies":"2 Thieves","floor":18,"turns":4},{"damage":44,"enemies":"Slavers","floor":23,"turns":6},{"damage":2,"enemies":"Spheric Guardian","floor":24,"turns":4},{"damage":5,"enemies":"Centurion and Healer","floor":30,"turns":4},{"damage":30,"enemies":"Automaton","floor":33,"turns":8},{"damage":25,"enemies":"3 Shapes","floor":35,"turns":3},{"damage":12,"enemies":"3 Darklings","floor":39,"turns":3},{"damage":17,"enemies":"2 Orb Walkers","floor":40,"turns":5},{"damage":9,"enemies":"4 Shapes","floor":41,"turns":1}],"seed_played":"8650051838138420639","potions_obtained":[{"floor":7,"key":"Energy Potion"},{"floor":12,"key":"Poison Potion"},{"floor":23,"key":"Fire Potion"},{"floor":24,"key":"FearPotion"},{"floor":33,"key":"GamblersBrew"},{"floor":35,"key":"Strength Potion"},{"floor":39,"key":"SmokeBomb"}],"is_trial":false,"path_per_floor":["M","M","M","?","T","R","M","T","T","R","?","M","M","E","R","B",null,"M","?","?","?","$","E","M","R","T","R","?","R","M","T","R","B",null,"M","$","?","$","M","E"],"character_chosen":"THE_SILENT","items_purchased":["The Specimen","Bouncing Flask","Oddly Smooth Stone","Discovery"],"campfire_rested":1,"item_purchase_floors":[22,22,36,38],"current_hp_per_floor":[65,60,57,54,54,54,53,53,53,53,53,47,45,38,38,35,70,52,52,52,52,52,8,6,6,6,27,27,27,22,22,22,35,70,45,45,36,36,24,7,0],"gold":44,"neow_bonus":"","is_prod":false,"is_daily":false,"chose_seed":false,"campfire_upgraded":4,"win_rate":0.0,"timestamp":1535027188,"path_taken":["M","M","M","?","?","R","?","?","T","R","?","M","M","E","R","BOSS","M","?","?","?","$","E","?","R","T","R","?","R","?","?","R","BOSS","M","$","?","$","M","E","M"],"build_version":"2018-08-16","purchased_purges":1,"victory":false,"max_hp_per_floor":[70,70,70,70,70,70,70,70,70,70,70,70,70,70,70,70,70,70,70,70,70,70,70,70,70,70,70,70,70,70,70,70,70,70,70,70,70,70,70,70,70],"card_choices":[{"not_picked":["Quick Slash","Slice"],"picked":"Sucker Punch","floor":1},{"not_picked":["Poisoned Stab","PiercingWail"],"picked":"Blade Dance","floor":2},{"not_picked":["Dodge and Roll","Eviscerate"],"picked":"Blade Dance","floor":3},{"not_picked":["Dodge and Roll","Crippling Poison"],"picked":"After Image","floor":7},{"not_picked":["Dagger Throw","Choke"],"picked":"Dodge and Roll","floor":12},{"not_picked":["Bouncing Flask","Well Laid Plans"],"picked":"Backstab","floor":13},{"not_picked":["Tactician","Deadly Poison"],"picked":"Bouncing Flask","floor":14},{"not_picked":["Unload","Doppelganger"],"picked":"Night Terror","floor":16},{"not_picked":["Endless Agony","Deadly Poison"],"picked":"Backflip","floor":18},{"not_picked":["Leg Sweep+1","Backflip"],"picked":"Infinite Blades","floor":23},{"not_picked":["Expertise","Leg Sweep"],"picked":"Backflip","floor":24},{"not_picked":["Calculated Gamble","Sucker Punch"],"picked":"Blade Dance","floor":30},{"not_picked":["Phantasmal Killer","Night Terror"],"picked":"Adrenaline","floor":33},{"not_picked":["Dodge and Roll","Acrobatics+1"],"picked":"Crippling Poison","floor":35},{"not_picked":["Dagger Spray+1","Acrobatics+1"],"picked":"Quick Slash+1","floor":39},{"not_picked":["Slice+1","Dagger Throw+1"],"picked":"Bouncing Flask","floor":40}],"player_experience":21036,"relics_obtained":[{"floor":5,"key":"Matryoshka"},{"floor":8,"key":"MawBank"},{"floor":8,"key":"Omamori"},{"floor":9,"key":"Bronze Scales"},{"floor":9,"key":"Letter Opener"},{"floor":14,"key":"Torii"},{"floor":23,"key":"Girya"},{"floor":26,"key":"Vajra"},{"floor":31,"key":"War Paint"},{"floor":40,"key":"Dream Catcher"}],"event_choices":[{"event_name":"Scrap Ooze","player_choice":"success","floor":4,"damage_taken":3},{"event_name":"Transmorgrifier","player_choice":"Transform","floor":11,"damage_taken":0},{"event_name":"Drug Dealer","player_choice":"Got JAXXED","floor":19,"damage_taken":0},{"event_name":"Beggar","player_choice":"Gave Gold","floor":20,"damage_taken":0},{"event_name":"Back to Basics","player_choice":"Simplicity","floor":21,"damage_taken":0},{"event_name":"Forgotten Altar","player_choice":"Smashed Altar","floor":28,"damage_taken":0},{"event_name":"Winding Halls","player_choice":"Embrace Madness","floor":37,"damage_taken":0}],"is_beta":false,"boss_relics":[{"not_picked":["Empty Cage","Snecko Eye"],"picked":"Lizard Tail"},{"not_picked":["White Beast Statue","Tiny House"],"picked":"Fusion Hammer"}],"items_purged_floors":[36],"is_endless":false,"potions_floor_spawned":[7,12,23,24,33,35,39],"killed_by":"4 Shapes","ascension_level":0}