{"gold_per_floor":[13,24,24,44,56,56,88,88,139,139,71,71,83,114,114,209,209,227,227,246,264,264,264,297,312,312,29,29,44,69,69,69,168,168,187,203,253,272,272,302,312,312,336,366,383,383,86,118,118,118],"floor_reached":51,"playtime":4752,"items_purged":["Storm","Self Repair"],"score":1215,"play_id":"4f1a253d-dcd3-49c3-aa8f-ade5a2a6a382","local_time":"20181006015753","is_ascension_mode":true,"campfire_choices":[{"floor":6,"key":"REST"},{"data":"Zap","floor":10,"key":"SMITH"},{"data":"Echo Form","floor":12,"key":"SMITH"},{"floor":15,"key":"REST"},{"data":"Go for the Eyes","floor":23,"key":"SMITH"},{"floor":28,"key":"REST"},{"data":"Madness","floor":32,"key":"SMITH"},{"floor":42,"key":"REST"},{"data":"Apotheosis","floor":46,"key":"SMITH"},{"data":"Dualcast","floor":49,"key":"SMITH"}],"neow_cost":"NO_GOLD","seed_source_timestamp":1562685204373300,"circlet_count":0,"master_deck":["Zap+1","Dualcast+1","AscendersBane","Echo Form+1","Cold Snap","BootSequence","Conserve Battery","Undo","Darkness","Go for the Eyes+1","Leap","Multi-Cast","Cold Snap","Capacitor","Leap","Sweeping Beam","Barrage","Lockon","BootSequence","Madness+1","Compile Driver","Go for the Eyes","Conserve Battery","Conserve Battery","Static Discharge+1","Conserve Battery","Bite","Bite","Bite","Bite","Bite","Biased Cognition+1","Chaos+1","Stack+1","Apotheosis+1","Secret Technique","Ball Lightning","Loop+1","Static Discharge+1"],"special_seed":0,"relics":["Cracked Core","Matryoshka","Happy Flower","Regal Pillow","PreservedInsect","DataDisk","Pandora\u0027s Box","Cables","Frozen Egg 2","Nunchaku","Bag of Marbles","Nuclear Battery","Calipers","Anchor","Bag of Preparation","Juzu Bracelet","Vajra","Shuriken"],"potions_floor_usage":[5,16,21,24,25,33,44,50,50,50],"damage_taken":[{"damage":6,"enemies":"Small Slimes","floor":1,"turns":3},{"damage":4,"enemies":"Cultist","floor":2,"turns":3},{"damage":1,"enemies":"Jaw Worm","floor":4,"turns":4},{"damage":10,"enemies":"Lots of Slimes","floor":5,"turns":3},{"damage":6,"enemies":"Lagavulin","floor":7,"turns":7},{"damage":10,"enemies":"2 Fungi Beasts","floor":13,"turns":5},{"damage":26,"enemies":"Gremlin Nob","floor":14,"turns":4},{"damage":41,"enemies":"Slime Boss","floor":16,"turns":11},{"damage":16,"enemies":"Spheric Guardian","floor":18,"turns":5},{"damage":4,"enemies":"3 Byrds","floor":20,"turns":5},{"damage":11,"enemies":"Centurion and Healer","floor":21,"turns":6},{"damage":21,"enemies":"Gremlin Leader","floor":24,"turns":6},{"damage":16,"enemies":"Cultist and Chosen","floor":25,"turns":7},{"damage":4,"enemies":"Snake Plant","floor":29,"turns":4},{"damage":2,"enemies":"Book of Stabbing","floor":30,"turns":4},{"damage":53,"enemies":"Champ","floor":33,"turns":12},{"damage":3,"enemies":"Orb Walker","floor":35,"turns":3},{"damage":9,"enemies":"3 Shapes","floor":36,"turns":7},{"damage":27,"enemies":"Mysterious Sphere","floor":37,"turns":6},{"damage":23,"enemies":"3 Darklings","floor":38,"turns":7},{"damage":21,"enemies":"2 Orb Walkers","floor":40,"turns":3},{"damage":8,"enemies":"4 Shapes","floor":41,"turns":4},{"damage":5,"enemies":"Nemesis","floor":44,"turns":6},{"damage":15,"enemies":"Transient","floor":45,"turns":5},{"damage":19,"enemies":"Giant Head","floor":48,"turns":7},{"damage":61,"enemies":"Time Eater","floor":50,"turns":10}],"seed_played":"-4451070066197759746","potions_obtained":[{"floor":2,"key":"SteroidPotion"},{"floor":4,"key":"AttackPotion"},{"floor":13,"key":"EssenceOfSteel"},{"floor":14,"key":"PowerPotion"},{"floor":21,"key":"PowerPotion"},{"floor":24,"key":"Block Potion"},{"floor":30,"key":"SpeedPotion"},{"floor":37,"key":"Strength Potion"},{"floor":41,"key":"AttackPotion"},{"floor":45,"key":"Block Potion"},{"floor":48,"key":"LiquidBronze"}],"is_trial":false,"path_per_floor":["M","M","?","M","M","R","E","?","T","R","$","R","M","E","R","B",null,"M","?","M","M","?","R","E","M","T","$","R","M","E","?","R","B",null,"M","M","?","M","?","E","M","R","T","E","M","R","$","E","R","B"],"character_chosen":"DEFECT","items_purchased":["Self Repair","Blood Vial","Conserve Battery","Vajra","AttackPotion"],"campfire_rested":4,"item_purchase_floors":[11,27,27,47,47],"current_hp_per_floor":[62,58,58,57,47,69,63,63,63,63,63,63,60,48,75,41,67,58,58,61,57,50,50,36,27,27,27,64,75,75,75,75,51,69,68,75,59,53,43,29,39,75,75,75,75,75,75,62,62,10],"gold":118,"neow_bonus":"THREE_RARE_CARDS","is_prod":false,"is_daily":false,"chose_seed":false,"campfire_upgraded":6,"win_rate":0,"timestamp":1538816273,"path_taken":["M","M","?","M","M","R","E","?","T","R","?","R","?","E","R","BOSS","M","?","M","M","?","R","E","M","T","?","R","?","E","?","R","BOSS","M","M","?","?","?","E","M","R","T","E","M","R","$","E","R","BOSS"],"build_version":"2018-10-04v2","purchased_purges":2,"victory":true,"max_hp_per_floor":[75,75,75,75,75,75,75,75,75,75,75,75,75,75,75,75,75,75,75,75,75,75,75,75,75,75,75,75,75,75,75,75,75,75,75,75,75,75,75,75,75,75,75,75,75,75,75,75,75,75],"card_choices":[{"not_picked":["Biased Cognition","Core Surge"],"picked":"Echo Form","floor":0},{"not_picked":["Streamline","BootSequence"],"picked":"Cold Snap","floor":1},{"not_picked":["Redo","Auto Shields"],"picked":"BootSequence","floor":2},{"not_picked":["Hologram","White Noise"],"picked":"Conserve Battery","floor":4},{"not_picked":["Auto Shields","Coolheaded"],"picked":"Undo","floor":5},{"not_picked":["Gash","Steam Power"],"picked":"Darkness","floor":7},{"not_picked":["Turbo","Tempest"],"picked":"Go for the Eyes","floor":13},{"not_picked":["Storm","Turbo"],"picked":"Leap","floor":14},{"not_picked":["Thunder Strike","Machine Learning"],"picked":"Multi-Cast","floor":16},{"not_picked":["Recycle","Sweeping Beam"],"picked":"BootSequence","floor":18},{"not_picked":["Self Repair","Reinforced Body+1"],"picked":"Compile Driver","floor":20},{"not_picked":["Darkness+1","Sweeping Beam"],"picked":"Go for the Eyes","floor":21},{"not_picked":["Cold Snap+1","Darkness"],"picked":"Conserve Battery","floor":24},{"not_picked":["Coolheaded+1","Skim+1","Barrage"],"picked":"SKIP","floor":25},{"not_picked":["Gash","Reboot"],"picked":"Static Discharge+1","floor":29},{"not_picked":["Compile Driver","Undo"],"picked":"Conserve Battery","floor":30},{"not_picked":["Reboot","Echo Form+1"],"picked":"Biased Cognition+1","floor":33},{"not_picked":["Beam Cell","Conserve Battery"],"picked":"Chaos+1","floor":35},{"not_picked":["Recycle","Skim+1","Genetic Algorithm+1"],"picked":"SKIP","floor":36},{"not_picked":["Tempest","Reprogram"],"picked":"Stack+1","floor":37},{"not_picked":["Barrage","Go for the Eyes+1","Undo"],"picked":"SKIP","floor":38},{"not_picked":["Metamorphosis","Good Instincts"],"picked":"Apotheosis","floor":39},{"not_picked":["Madness","Magnetism+1"],"picked":"Secret Technique","floor":39},{"not_picked":["Darkness+1","Leap+1"],"picked":"Ball Lightning","floor":40},{"not_picked":["Barrage+1","Steam","Rebound"],"picked":"SKIP","floor":41},{"not_picked":["Leap+1","Gash+1"],"picked":"Loop+1","floor":44},{"not_picked":["Barrage+1","Rebound+1","Doom and Gloom+1"],"picked":"SKIP","floor":45},{"not_picked":["All For One","Capacitor+1"],"picked":"Static Discharge+1","floor":48}],"player_experience":499363,"relics_obtained":[{"floor":7,"key":"Happy Flower"},{"floor":9,"key":"Regal Pillow"},{"floor":9,"key":"PreservedInsect"},{"floor":14,"key":"DataDisk"},{"floor":24,"key":"Cables"},{"floor":26,"key":"Frozen Egg 2"},{"floor":26,"key":"Nunchaku"},{"floor":30,"key":"Bag of Marbles"},{"floor":37,"key":"Calipers"},{"floor":40,"key":"Anchor"},{"floor":43,"key":"Bag of Preparation"},{"floor":44,"key":"Juzu Bracelet"},{"floor":48,"key":"Shuriken"}],"event_choices":[{"event_name":"WeMeetAgain","player_choice":"Potion","floor":3,"damage_taken":0},{"event_name":"Bonfire Elementals","player_choice":"BASIC","floor":8,"damage_taken":0},{"event_name":"Match and Keep!","player_choice":"1 cards matched","floor":19,"damage_taken":0},{"event_name":"Knowing Skull","player_choice":"","floor":22,"damage_taken":0},{"event_name":"Vampires","player_choice":"Became a vampire (Vial)","floor":31,"damage_taken":0},{"event_name":"Mysterious Sphere","player_choice":"Fight","floor":37,"damage_taken":0},{"event_name":"SensoryStone","player_choice":"Memory 3","floor":39,"damage_taken":0}],"is_beta":false,"boss_relics":[{"not_picked":["Fusion Hammer","Eternal Feather"],"picked":"Pandora\u0027s Box"},{"not_picked":["Snecko Eye","Cursed Key"],"picked":"Nuclear Battery"}],"items_purged_floors":[27,47],"is_endless":false,"potions_floor_spawned":[2,4,13,14,21,24,30,37,41,45,48],"ascension_level":10}