{"gold_per_floor":[310,327,344,364,96,113,113,148,148,148,167,201,201,265,265,337,337,352,363,46,46,75,75,104,104,129,163,174,206,226,239,239,318,368,381,394,110,157,174,199,199,218,287,320,332,359,372,472,472,472],"floor_reached":51,"playtime":3456,"items_purged":["Strike_B","Strike_B","Strike_B"],"score":1550,"play_id":"78f309cc-6a08-4a63-9913-df7cb0ca5181","local_time":"20181230183633","is_ascension_mode":true,"campfire_choices":[{"data":"Zap","floor":7.0,"key":"SMITH"},{"floor":10.0,"key":"REST"},{"data":"Seek","floor":13.0,"key":"SMITH"},{"data":"Loop","floor":15.0,"key":"SMITH"},{"data":"Creative AI","floor":23.0,"key":"SMITH"},{"data":"Defragment","floor":25.0,"key":"SMITH"},{"floor":32.0,"key":"RECALL"},{"data":"Storm","floor":41.0,"key":"SMITH"},{"data":"Storm","floor":49.0,"key":"SMITH"}],"neow_cost":"NO_GOLD","seed_source_timestamp":647713565131499,"circlet_count":0,"master_deck":["AscendersBane","Strike_B","Defend_B","Defend_B","Defend_B","Defend_B","Zap+1","Dualcast","Core Surge+1","Defragment+1","Sweeping Beam","Loop+1","Seek+1","Leap","Glacier+1","Biased Cognition","Leap","Ball Lightning","Creative AI+1","Cold Snap","Self Repair","Storm+1","BootSequence+1","Reinforced Body","Steam Power+1","Electrodynamics","Self Repair","FTL","Storm+1","Storm+1","Heatsinks+1","Compile Driver+1","Storm+1"],"special_seed":0,"relics":["Cracked Core","Old Coin","Thread and Needle","Meat on the Bone","Mummified Hand","Tiny Chest","Nuclear Battery","Bag of Preparation","Red Mask","Smiling Mask","Vajra","Question Card","Bottled Flame","Tiny House","War Paint","StoneCalendar","Happy Flower","Letter Opener","Kunai","Dead Branch"],"potions_floor_usage":[50,50],"damage_taken":[{"damage":14.0,"enemies":"Jaw Worm","floor":1.0,"turns":3.0},{"damage":1.0,"enemies":"2 Louse","floor":2.0,"turns":2.0},{"damage":1.0,"enemies":"Small Slimes","floor":3.0,"turns":3.0},{"damage":7.0,"enemies":"Looter","floor":4.0,"turns":3.0},{"damage":10.0,"enemies":"Gremlin Gang","floor":6.0,"turns":4.0},{"damage":29.0,"enemies":"Gremlin Nob","floor":8.0,"turns":5.0},{"damage":16.0,"enemies":"2 Fungi Beasts","floor":11.0,"turns":3.0},{"damage":4.0,"enemies":"Lagavulin","floor":12.0,"turns":9.0},{"damage":11.0,"enemies":"3 Sentries","floor":14.0,"turns":7.0},{"damage":1.0,"enemies":"Slime Boss","floor":16.0,"turns":7.0},{"damage":7.0,"enemies":"Spheric Guardian","floor":18.0,"turns":3.0},{"damage":3.0,"enemies":"Chosen","floor":19.0,"turns":4.0},{"damage":3.0,"enemies":"Masked Bandits","floor":22.0,"turns":6.0},{"damage":2.0,"enemies":"Book of Stabbing","floor":24.0,"turns":4.0},{"damage":0.0,"enemies":"Gremlin Leader","floor":27.0,"turns":4.0},{"damage":5.0,"enemies":"Snake Plant","floor":28.0,"turns":3.0},{"damage":1.0,"enemies":"Book of Stabbing","floor":29.0,"turns":3.0},{"damage":0.0,"enemies":"Chosen and Byrds","floor":30.0,"turns":3.0},{"damage":0.0,"enemies":"Sentry and Sphere","floor":31.0,"turns":3.0},{"damage":33.0,"enemies":"Collector","floor":33.0,"turns":7.0},{"damage":0.0,"enemies":"Orb Walker","floor":35.0,"turns":3.0},{"damage":0.0,"enemies":"3 Shapes","floor":36.0,"turns":4.0},{"damage":0.0,"enemies":"2 Orb Walkers","floor":38.0,"turns":2.0},{"damage":8.0,"enemies":"Writhing Mass","floor":39.0,"turns":4.0},{"damage":0.0,"enemies":"Giant Head","floor":40.0,"turns":5.0},{"damage":0.0,"enemies":"4 Shapes","floor":42.0,"turns":3.0},{"damage":0.0,"enemies":"Reptomancer","floor":44.0,"turns":2.0},{"damage":0.0,"enemies":"Sphere and 2 Shapes","floor":45.0,"turns":2.0},{"damage":9.0,"enemies":"Giant Head","floor":46.0,"turns":4.0},{"damage":0.0,"enemies":"Transient","floor":47.0,"turns":5.0},{"damage":0.0,"enemies":"Mind Bloom Boss Battle","floor":48.0,"turns":2.0},{"damage":0,"enemies":"Awakened One","floor":50,"turns":3}],"seed_played":"-3153037564693281868","potions_obtained":[{"floor":2.0,"key":"Fire Potion"},{"floor":6.0,"key":"FocusPotion"},{"floor":8.0,"key":"Dexterity Potion"},{"floor":28.0,"key":"SkillPotion"},{"floor":39.0,"key":"Weak Potion"}],"is_trial":false,"path_per_floor":["M","M","M","M","$","M","R","E","T","R","M","E","R","E","R","B",null,"M","M","$","?","?","R","E","R","T","E","M","E","M","M","R","B",null,"M","M","$","?","M","E","R","M","T","E","M","E","M","?","R","B",null],"character_chosen":"DEFECT","items_purchased":["Loop","Seek","Leap","Self Repair","Bag of Preparation","Storm","War Paint"],"campfire_rested":1,"item_purchase_floors":[5,5,5,20,20,37,37],"current_hp_per_floor":[54,53,52,45,45,35,35,6,6,28,24,32,32,33,33,44,67,60,57,57,57,61,61,66,66,66,73,68,67,67,67,67,53,75,80,80,80,80,80,80,80,80,80,80,80,80,80,80,80,80],"gold":472,"neow_bonus":"ONE_RARE_RELIC","is_prod":false,"is_daily":false,"chose_seed":false,"campfire_upgraded":7,"win_rate":0,"timestamp":1546223793,"path_taken":["M","M","M","M","$","M","R","E","T","R","M","E","R","E","R","BOSS","M","M","$","?","?","R","E","R","T","E","M","E","M","M","R","BOSS","M","M","$","?","M","E","R","M","T","E","M","E","M","?","R","BOSS"],"build_version":"2018-12-20","purchased_purges":3,"victory":true,"max_hp_per_floor":[75,75,75,75,75,75,75,75,75,75,75,75,75,75,75,75,75,75,75,75,75,75,75,75,75,75,75,75,75,75,75,75,75,80,80,80,80,80,80,80,80,80,80,80,80,80,80,80,80,80],"card_choices":[{"not_picked":["Streamline","Rebound","Hologram"],"picked":"SKIP","floor":1.0},{"not_picked":["Barrage","Sweeping Beam"],"picked":"Core Surge","floor":2.0},{"not_picked":["Recycle","Leap"],"picked":"Defragment","floor":3.0},{"not_picked":["Aggregate","Sunder"],"picked":"Sweeping Beam","floor":4.0},{"not_picked":["Conserve Battery","Go for the Eyes"],"picked":"Glacier","floor":6.0},{"not_picked":["Compile Driver","Doom and Gloom"],"picked":"Biased Cognition","floor":8.0},{"not_picked":["Sweeping Beam","Streamline"],"picked":"Leap","floor":11.0},{"not_picked":["Aggregate","Sunder"],"picked":"Ball Lightning","floor":12.0},{"not_picked":["Scrape","Rebound","Stack"],"picked":"SKIP","floor":14.0},{"not_picked":["Core Surge","Fission"],"picked":"Creative AI","floor":16.0},{"not_picked":["Double Energy","Stack","Coolheaded"],"picked":"SKIP","floor":18.0},{"not_picked":["Ball Lightning","Gash"],"picked":"Cold Snap","floor":19.0},{"not_picked":["Scrape","Sunder+1"],"picked":"Storm+1","floor":22.0},{"not_picked":["Sunder","Stack"],"picked":"BootSequence+1","floor":24.0},{"not_picked":["Undo","Cold Snap","Go for the Eyes+1"],"picked":"SKIP","floor":27.0},{"not_picked":["Rebound","Consume","Static Discharge+1"],"picked":"Reinforced Body","floor":28.0},{"not_picked":["Melter+1","Hologram","Turbo","Barrage"],"picked":"SKIP","floor":29.0},{"not_picked":["Auto Shields","Leap","Glacier"],"picked":"Steam Power","floor":30.0},{"not_picked":["Steam+1","Stack","Aggregate","Cold Snap+1"],"picked":"SKIP","floor":31.0},{"not_picked":["All For One","Amplify","Creative AI"],"picked":"Electrodynamics","floor":33.0},{"not_picked":["Steam","Auto Shields","Rebound"],"picked":"Self Repair","floor":34.0},{"not_picked":["Sweeping Beam","Redo","Glacier"],"picked":"FTL","floor":35.0},{"not_picked":["Ball Lightning","Turbo","Go for the Eyes+1","Stack"],"picked":"SKIP","floor":36.0},{"not_picked":["Tempest","Ball Lightning+1","Compile Driver"],"picked":"Storm+1","floor":39.0},{"not_picked":["Gash","Scrape","Electrodynamics","Auto Shields"],"picked":"SKIP","floor":40.0},{"not_picked":["Compile Driver+1","Cold Snap+1","FTL"],"picked":"Heatsinks+1","floor":42.0},{"not_picked":["Redo+1","Sweeping Beam","Self Repair","Beam Cell+1"],"picked":"SKIP","floor":44.0},{"not_picked":["Steam+1","Tempest","Redo"],"picked":"Compile Driver+1","floor":45.0},{"not_picked":["Stack","Scrape","Force Field"],"picked":"Storm","floor":46.0},{"not_picked":["Gash","Steam","Streamline+1","Ball Lightning+1"],"picked":"SKIP","floor":47.0}],"player_experience":833114,"relics_obtained":[{"floor":8.0,"key":"Thread and Needle"},{"floor":9.0,"key":"Meat on the Bone"},{"floor":12.0,"key":"Mummified Hand"},{"floor":14.0,"key":"Tiny Chest"},{"floor":22.0,"key":"Red Mask"},{"floor":24.0,"key":"Smiling Mask"},{"floor":26.0,"key":"Vajra"},{"floor":27.0,"key":"Question Card"},{"floor":29.0,"key":"Bottled Flame"},{"floor":38.0,"key":"StoneCalendar"},{"floor":40.0,"key":"Happy Flower"},{"floor":44.0,"key":"Letter Opener"},{"floor":46.0,"key":"Kunai"},{"floor":48.0,"key":"Dead Branch"}],"event_choices":[{"damage_healed":0.0,"max_hp_gain":0.0,"max_hp_loss":0.0,"gold_gain":0.0,"event_name":"Masked Bandits","player_choice":"Fought Bandits","floor":22.0,"gold_loss":0.0,"damage_taken":0.0},{"damage_healed":0.0,"max_hp_gain":0.0,"max_hp_loss":0.0,"gold_gain":0.0,"event_name":"Mysterious Sphere","player_choice":"Fight","floor":38.0,"gold_loss":0.0,"damage_taken":0.0},{"damage_healed":0.0,"max_hp_gain":0.0,"max_hp_loss":0.0,"gold_gain":0.0,"event_name":"MindBloom","player_choice":"Fight","floor":48.0,"gold_loss":0.0,"damage_taken":0.0}],"is_beta":false,"boss_relics":[{"not_picked":["Astrolabe","Velvet Choker"],"picked":"Nuclear Battery"},{"not_picked":["Sozu","Coffee Dripper"],"picked":"Tiny House"}],"items_purged_floors":[5,20,37],"is_endless":false,"potions_floor_spawned":[2,6,8,11,12,19,27,28,31,33,36,38,39,42,45],"ascension_level":13}