{"gold_per_floor":[14,14,14,14,32,32,62,62,62,62,90,90,12,31,31,131,131,146,160,75,75,85,111,111,111,111,128,128,163,163,113,113,113],"floor_reached":33,"playtime":2661,"items_purged":["Strike_R","Writhe"],"score":401,"play_id":"bc2ee232-9484-4982-8705-91423546ba1d","local_time":"20190215153013","is_ascension_mode":true,"campfire_choices":[{"floor":6,"key":"REST"},{"floor":8,"key":"REST"},{"floor":10,"key":"REST"},{"data":"Metallicize","floor":12,"key":"SMITH"},{"floor":15,"key":"REST"},{"floor":28,"key":"REST"},{"floor":30,"key":"REST"},{"floor":32,"key":"REST"}],"neow_cost":"NO_GOLD","seed_source_timestamp":10118791491576,"circlet_count":0,"master_deck":["AscendersBane","Strike_R","Defend_R","Defend_R","Defend_R","Defend_R","Bash","Armaments+1","Spot Weakness+1","Metallicize+1","Pummel","Rampage","Demon Form","Evolve","Shrug It Off+1","Heavy Blade","Ghostly Armor+1"],"relics":["Burning Blood","Toxic Egg 2","Smiling Mask","Self Forming Clay","Odd Mushroom","Cursed Key","Question Card","Blue Candle","Red Mask"],"potions_floor_usage":[16,18,22,23,27,33],"damage_taken":[{"damage":7,"enemies":"2 Louse","floor":1,"turns":4},{"damage":10,"enemies":"Small Slimes","floor":5,"turns":5},{"damage":61,"enemies":"3 Sentries","floor":7,"turns":15},{"damage":35,"enemies":"The Mushroom Lair","floor":11,"turns":8},{"damage":1,"enemies":"Cultist","floor":14,"turns":4},{"damage":49,"enemies":"Slime Boss","floor":16,"turns":11},{"damage":14,"enemies":"3 Byrds","floor":18,"turns":6},{"damage":22,"enemies":"Chosen","floor":19,"turns":6},{"damage":19,"enemies":"Snake Plant","floor":22,"turns":4},{"damage":24,"enemies":"Book of Stabbing","floor":23,"turns":7},{"damage":11,"enemies":"Shelled Parasite and Fungi","floor":27,"turns":8},{"damage":39,"enemies":"Masked Bandits","floor":29,"turns":5},{"damage":61,"enemies":"Automaton","floor":33,"turns":10}],"seed_played":"7962588795588857632","potions_obtained":[{"floor":1,"key":"SpeedPotion"},{"floor":14,"key":"Swift Potion"},{"floor":16,"key":"Weak Potion"},{"floor":19,"key":"Fire Potion"},{"floor":22,"key":"SteroidPotion"},{"floor":23,"key":"Regen Potion"}],"is_trial":false,"path_per_floor":["M","?","?","?","M","R","E","R","T","R","?","R","$","M","R","B",null,"M","M","$","?","M","E","?","?","T","M","R","?","R","$","R","B"],"character_chosen":"IRONCLAD","items_purchased":["Pummel","Evolve"],"campfire_rested":7,"item_purchase_floors":[13,20],"current_hp_per_floor":[71,64,57,57,53,77,22,46,46,70,41,41,41,46,70,27,67,59,43,43,43,30,12,12,12,12,22,46,13,37,37,61,0],"gold":113,"neow_bonus":"REMOVE_TWO","is_prod":false,"is_daily":false,"chose_seed":false,"campfire_upgraded":1,"win_rate":0,"timestamp":1550266213,"path_taken":["M","?","?","?","M","R","E","R","T","R","?","R","$","M","R","BOSS","M","M","$","?","?","E","?","?","T","?","R","?","R","$","R","BOSS"],"build_version":"2019-01-23","purchased_purges":2,"victory":false,"max_hp_per_floor":[80,80,80,80,80,80,80,80,80,80,80,80,80,80,80,80,80,80,80,80,80,80,80,80,80,80,80,80,80,80,80,80,80],"card_choices":[{"not_picked":["Second Wind","Hemokinesis","Warcry"],"picked":"SKIP","floor":1},{"not_picked":["True Grit+1","Blood for Blood"],"picked":"Armaments+1","floor":5},{"not_picked":["Flex+1","Shockwave+1"],"picked":"Spot Weakness+1","floor":7},{"not_picked":["Havoc+1","True Grit+1"],"picked":"Metallicize","floor":11},{"not_picked":["Blood for Blood","Dual Wield+1"],"picked":"Rampage","floor":14},{"not_picked":["Immolate","Reaper"],"picked":"Demon Form","floor":16},{"not_picked":["Sword Boomerang","True Grit+1","Twin Strike"],"picked":"SKIP","floor":18},{"not_picked":["Headbutt","Perfected Strike","Wild Strike"],"picked":"SKIP","floor":19},{"not_picked":["Body Slam+1","Iron Wave+1"],"picked":"Shrug It Off+1","floor":22},{"not_picked":["Fiend Fire","Headbutt+1"],"picked":"Heavy Blade","floor":23},{"not_picked":["Thunderclap","Rage+1","Perfected Strike","Combust"],"picked":"SKIP","floor":27}],"player_experience":340176,"relics_obtained":[{"floor":7,"key":"Smiling Mask"},{"floor":9,"key":"Self Forming Clay"},{"floor":11,"key":"Odd Mushroom"},{"floor":23,"key":"Question Card"},{"floor":26,"key":"Blue Candle"},{"floor":29,"key":"Red Mask"}],"event_choices":[{"cards_removed":["Strike_R"],"damage_healed":0,"gold_gain":0,"player_choice":"Card Removal","damage_taken":7,"max_hp_gain":0,"max_hp_loss":0,"event_name":"Golden Wing","floor":2,"gold_loss":0},{"damage_healed":0,"gold_gain":0,"player_choice":"Success","damage_taken":7,"relics_obtained":["Toxic Egg 2"],"max_hp_gain":0,"max_hp_loss":0,"event_name":"Scrap Ooze","floor":3,"gold_loss":0},{"damage_healed":0,"gold_gain":0,"player_choice":"Leave","damage_taken":0,"max_hp_gain":0,"max_hp_loss":0,"event_name":"The Cleric","floor":4,"gold_loss":0},{"damage_healed":0,"gold_gain":0,"player_choice":"Fought Mushrooms","damage_taken":0,"max_hp_gain":0,"max_hp_loss":0,"event_name":"Mushrooms","floor":11,"gold_loss":0},{"damage_healed":0,"gold_gain":0,"player_choice":"Bought 0 Potions","damage_taken":0,"max_hp_gain":0,"max_hp_loss":0,"event_name":"The Woman in Blue","floor":21,"gold_loss":0},{"damage_healed":0,"gold_gain":0,"player_choice":"Ignored","damage_taken":0,"max_hp_gain":0,"max_hp_loss":0,"event_name":"Cursed Tome","floor":24,"gold_loss":0},{"damage_healed":0,"gold_gain":0,"player_choice":"1 cards matched","damage_taken":0,"max_hp_gain":0,"max_hp_loss":0,"event_name":"Match and Keep!","floor":25,"gold_loss":0,"cards_obtained":["Ghostly Armor"]},{"damage_healed":0,"gold_gain":0,"player_choice":"Fought Bandits","damage_taken":0,"max_hp_gain":0,"max_hp_loss":0,"event_name":"Masked Bandits","floor":29,"gold_loss":0}],"is_beta":false,"boss_relics":[{"not_picked":["Mark of Pain","Pandora\u0027s Box"],"picked":"Cursed Key"}],"items_purged_floors":[20,31],"is_endless":false,"potions_floor_spawned":[1,14,16,19,22,23],"killed_by":"Automaton","ascension_level":11}