{"gold_per_floor":[366,386,405,423,443,443,473,473,473,545,545,545,565,615,615,615],"floor_reached":16,"playtime":1219,"items_purged":[],"score":102,"play_id":"e966a44c-bfd5-4334-8023-812591019f49","local_time":"20181015162704","is_ascension_mode":false,"campfire_choices":[{"floor":6,"key":"REST"},{"floor":8,"key":"REST"},{"data":"Bash","floor":12,"key":"SMITH"},{"data":"True Grit","floor":15,"key":"SMITH"}],"neow_cost":"PERCENT_DAMAGE","seed_source_timestamp":18307845363638,"circlet_count":0,"master_deck":["Strike_R","Strike_R","Strike_R","Strike_R","Strike_R","Defend_R","Defend_R","Defend_R","Defend_R","Bash+1","Heavy Blade","Thunderclap","True Grit+1"],"relics":["Burning Blood","Dodecahedron","Meat on the Bone","Ornamental Fan","SsserpentHead","Golden Idol"],"potions_floor_usage":[4],"damage_taken":[{"damage":4,"enemies":"Cultist","floor":1,"turns":4},{"damage":6,"enemies":"Jaw Worm","floor":2,"turns":5},{"damage":12,"enemies":"Small Slimes","floor":3,"turns":4},{"damage":18,"enemies":"Exordium Thugs","floor":4,"turns":6},{"damage":1,"enemies":"3 Louse","floor":5,"turns":4},{"damage":55,"enemies":"3 Sentries","floor":7,"turns":11},{"damage":0,"enemies":"Large Slime","floor":13,"turns":5},{"damage":58,"enemies":"Slime Boss","floor":16,"turns":9}],"seed_played":"-4017439136735475137","potions_obtained":[{"floor":1,"key":"Fire Potion"}],"is_trial":false,"path_per_floor":["M","M","M","M","M","R","E","R","T","T","?","R","M","?","R"],"character_chosen":"IRONCLAD","items_purchased":[],"campfire_rested":2,"item_purchase_floors":[],"current_hp_per_floor":[58,58,52,40,45,69,20,44,44,44,44,44,50,50,50,0],"gold":615,"neow_bonus":"TWO_FIFTY_GOLD","is_prod":false,"is_daily":false,"chose_seed":false,"campfire_upgraded":2,"win_rate":0,"timestamp":1539610024,"path_taken":["M","?","?","M","?","R","E","R","T","?","?","R","M","?","R","BOSS"],"build_version":"2018-10-11","purchased_purges":0,"victory":false,"max_hp_per_floor":[80,80,80,80,80,80,80,80,80,80,80,80,80,74,74,74],"card_choices":[{"not_picked":["Shrug It Off","Armaments"],"picked":"Heavy Blade","floor":1},{"not_picked":["Feel No Pain","Havoc","Blood for Blood"],"picked":"SKIP","floor":2},{"not_picked":["Corruption","Double Tap"],"picked":"Thunderclap","floor":3},{"not_picked":["Evolve","Sentinel","Disarm"],"picked":"SKIP","floor":4},{"not_picked":["Entrench","Flame Barrier","Ghostly Armor"],"picked":"SKIP","floor":5},{"not_picked":["Anger","Seeing Red","Reaper"],"picked":"SKIP","floor":7},{"not_picked":["Clash","Armaments"],"picked":"True Grit","floor":13}],"player_experience":800342,"relics_obtained":[{"floor":7,"key":"Dodecahedron"},{"floor":9,"key":"Meat on the Bone"},{"floor":10,"key":"Ornamental Fan"}],"event_choices":[{"event_name":"FaceTrader","player_choice":"Trade","floor":11,"damage_taken":0},{"event_name":"Golden Idol","player_choice":"Lose Max HP","floor":14,"damage_taken":0}],"is_beta":false,"boss_relics":[],"items_purged_floors":[],"is_endless":false,"potions_floor_spawned":[1],"killed_by":"Slime Boss","ascension_level":0}