{"gold_per_floor":[110,39,39,54,54,54,64,82,105,137,137,175,175,200,200,323,323,336,336,361,361,361,361,395,395,395,395,419,419,434,452,452,452],"floor_reached":33,"playtime":3143,"items_purged":[],"score":275,"play_id":"b534bd63-5b00-436e-9b71-89472d588d90","local_time":"20190214105045","is_ascension_mode":false,"campfire_choices":[{"data":"Skewer","floor":6,"key":"SMITH"},{"floor":15,"key":"REST"},{"floor":23,"key":"REST"},{"floor":25,"key":"REST"},{"data":"RitualDagger","floor":27,"key":"SMITH"},{"floor":29,"key":"REST"},{"floor":32,"key":"REST"}],"neow_cost":"NONE","seed_source_timestamp":1520661103972,"circlet_count":0,"master_deck":["Defend_G","Defend_G","Defend_G","Defend_G","Defend_G","Strike_G","Strike_G","Strike_G","Strike_G+1","Strike_G","Survivor","Neutralize+1","Sucker Punch+1","Skewer+1","Deadly Poison","Flying Knee","PiercingWail","Leg Sweep","Poisoned Stab","PiercingWail","Die Die Die","Caltrops","Deadly Poison","Poisoned Stab","Quick Slash","Slice","Die Die Die+1","Quick Slash+1","RitualDagger+1","Underhanded Strike","Flying Knee","Dagger Spray","Flying Knee"],"relics":["Ring of the Snake","NeowsBlessing","Whetstone","Golden Idol","PreservedInsect","Orrery","Nloth\u0027s Gift","Shuriken","Sundial"],"potions_floor_usage":[16,28,33,33],"damage_taken":[{"damage":0,"enemies":"Jaw Worm","floor":1,"turns":1},{"damage":0,"enemies":"Cultist","floor":4,"turns":1},{"damage":0,"enemies":"Small Slimes","floor":7,"turns":1},{"damage":0,"enemies":"Blue Slaver","floor":8,"turns":4},{"damage":22,"enemies":"Lagavulin","floor":10,"turns":8},{"damage":20,"enemies":"Gremlin Nob","floor":12,"turns":4},{"damage":5,"enemies":"Red Slaver","floor":14,"turns":3},{"damage":25,"enemies":"Hexaghost","floor":16,"turns":11},{"damage":19,"enemies":"Shell Parasite","floor":18,"turns":6},{"damage":6,"enemies":"Chosen","floor":20,"turns":5},{"damage":20,"enemies":"Gremlin Leader","floor":24,"turns":6},{"damage":17,"enemies":"Centurion and Healer","floor":28,"turns":5},{"damage":17,"enemies":"Chosen and Byrds","floor":30,"turns":5},{"damage":32,"enemies":"Sentry and Sphere","floor":31,"turns":5},{"damage":39,"enemies":"Champ","floor":33,"turns":10}],"seed_played":"3929386961739394565","potions_obtained":[{"floor":8,"key":"Regen Potion"},{"floor":12,"key":"Explosive Potion"},{"floor":20,"key":"SpeedPotion"},{"floor":24,"key":"Fire Potion"}],"is_trial":false,"path_per_floor":["M","$","?","M","$","R","M","M","T","E","?","E","?","M","R","B",null,"M","?","M","?","?","R","E","R","T","R","M","R","M","M","R","B"],"character_chosen":"THE_SILENT","items_purchased":["Skewer"],"campfire_rested":5,"item_purchase_floors":[2],"current_hp_per_floor":[70,70,70,70,70,70,70,70,70,48,48,28,28,23,42,32,65,46,46,40,34,34,53,33,52,52,52,35,54,37,5,24,0],"gold":452,"neow_bonus":"THREE_ENEMY_KILL","is_prod":false,"is_daily":false,"chose_seed":false,"campfire_upgraded":2,"win_rate":0.0,"timestamp":1550137845,"path_taken":["M","$","?","M","?","R","M","?","T","E","?","E","?","M","R","BOSS","M","?","?","?","?","R","E","R","T","R","M","R","?","M","R","BOSS"],"build_version":"2019-01-23","purchased_purges":0,"victory":false,"max_hp_per_floor":[70,70,70,70,70,70,70,70,70,70,65,65,65,65,65,65,65,65,65,65,65,65,65,65,65,65,65,65,65,65,65,65,65],"card_choices":[{"not_picked":["Dagger Throw","Masterful Stab"],"picked":"Sucker Punch","floor":1},{"not_picked":["Blade Dance","Dagger Throw"],"picked":"Deadly Poison","floor":4},{"not_picked":["Infinite Blades","Quick Slash"],"picked":"Flying Knee","floor":7},{"not_picked":["Dagger Throw","Caltrops"],"picked":"PiercingWail","floor":8},{"not_picked":["Reflex","Predator"],"picked":"Leg Sweep","floor":10},{"not_picked":["Sucker Punch","Eviscerate"],"picked":"Poisoned Stab","floor":12},{"not_picked":["Expertise","Backflip"],"picked":"PiercingWail","floor":14},{"not_picked":["Unload","Tools of the Trade"],"picked":"Die Die Die","floor":16},{"not_picked":["Heel Hook","Quick Slash"],"picked":"Caltrops","floor":17},{"not_picked":["Calculated Gamble","Blur"],"picked":"Deadly Poison","floor":17},{"not_picked":["Underhanded Strike","Masterful Stab"],"picked":"Poisoned Stab","floor":17},{"not_picked":["Heel Hook","Backflip"],"picked":"Quick Slash","floor":17},{"not_picked":["Quick Slash","Choke"],"picked":"Slice","floor":17},{"not_picked":["Poisoned Stab","Eviscerate"],"picked":"Die Die Die","floor":18},{"not_picked":["Bouncing Flask+1","Heel Hook"],"picked":"Quick Slash+1","floor":20},{"not_picked":["Quick Slash","Slice+1"],"picked":"Underhanded Strike","floor":24},{"not_picked":["Reflex","Backflip+1"],"picked":"Flying Knee","floor":28},{"not_picked":["Acrobatics","Prepared+1"],"picked":"Dagger Spray","floor":30},{"not_picked":["Caltrops","Prepared"],"picked":"Flying Knee","floor":31}],"player_experience":1922,"relics_obtained":[{"floor":9,"key":"Boot"},{"floor":10,"key":"Whetstone"},{"floor":12,"key":"PreservedInsect"},{"floor":24,"key":"Shuriken"},{"floor":26,"key":"Sundial"}],"event_choices":[{"damage_healed":0,"gold_gain":0,"player_choice":"Grow","damage_taken":0,"max_hp_gain":0,"max_hp_loss":0,"event_name":"Living Wall","floor":3,"gold_loss":0,"cards_upgraded":["Sucker Punch"]},{"damage_healed":0,"gold_gain":0,"player_choice":"Lose Max HP","damage_taken":0,"relics_obtained":["Golden Idol"],"max_hp_gain":0,"max_hp_loss":5,"event_name":"Golden Idol","floor":11,"gold_loss":0},{"damage_healed":0,"gold_gain":0,"player_choice":"Fled","damage_taken":0,"max_hp_gain":0,"max_hp_loss":0,"event_name":"Scrap Ooze","floor":13,"gold_loss":0},{"damage_healed":0,"gold_gain":0,"player_choice":"Forge","damage_taken":0,"max_hp_gain":0,"max_hp_loss":0,"event_name":"Accursed Blacksmith","floor":19,"gold_loss":0,"cards_upgraded":["Die Die Die"]},{"damage_healed":0,"gold_gain":0,"player_choice":"Joined the Cult","damage_taken":6,"max_hp_gain":0,"max_hp_loss":0,"event_name":"Nest","floor":21,"gold_loss":0,"cards_obtained":["RitualDagger"]},{"damage_healed":0,"gold_gain":0,"player_choice":"Traded Relic","damage_taken":0,"relics_obtained":["Nloth\u0027s Gift"],"max_hp_gain":0,"max_hp_loss":0,"event_name":"N\u0027loth","floor":22,"relics_lost":["Boot"],"gold_loss":0}],"is_beta":false,"boss_relics":[{"not_picked":["White Beast Statue","Black Star"],"picked":"Orrery"}],"items_purged_floors":[],"is_endless":false,"potions_floor_spawned":[8,12,20,24],"killed_by":"Champ","ascension_level":0}