{"gold_per_floor":[13,30,30,40,52,52,87,12,12,12,32,44,62,89,89,89],"floor_reached":16,"playtime":495,"items_purged":["Strike_G"],"score":198,"play_id":"a5b67cdd-d8b0-43bd-8c21-1d33170e92aa","local_time":"20181223170455","is_ascension_mode":true,"campfire_choices":[{"data":"Bouncing Flask","floor":6,"key":"SMITH"},{"data":"Neutralize","floor":10,"key":"SMITH"},{"data":"Bouncing Flask","floor":15,"key":"SMITH"}],"neow_cost":"NO_GOLD","seed_source_timestamp":7427424521565,"circlet_count":0,"master_deck":["AscendersBane","Defend_G","Defend_G","Defend_G","Defend_G","Strike_G","Strike_G","Survivor","Neutralize+1","Bouncing Flask+1","Blur","Deflect","Blur","Bouncing Flask","Bouncing Flask+1","Poisoned Stab","Tactician"],"relics":["Ring of the Snake","The Specimen","Ginger","Odd Mushroom"],"potions_floor_usage":[11,14,14],"damage_taken":[{"damage":0,"enemies":"Jaw Worm","floor":1,"turns":6},{"damage":1,"enemies":"Cultist","floor":2,"turns":4},{"damage":7,"enemies":"2 Louse","floor":4,"turns":4},{"damage":18,"enemies":"Large Slime","floor":5,"turns":6},{"damage":4,"enemies":"Lagavulin","floor":7,"turns":8},{"damage":6,"enemies":"3 Louse","floor":11,"turns":4},{"damage":4,"enemies":"Blue Slaver","floor":12,"turns":3},{"damage":4,"enemies":"Exordium Wildlife","floor":13,"turns":4},{"damage":13,"enemies":"The Mushroom Lair","floor":14,"turns":5},{"damage":11,"enemies":"Slime Boss","floor":16,"turns":3}],"seed_played":"-2832944071762872062","potions_obtained":[{"floor":1,"key":"Energy Potion"},{"floor":11,"key":"PowerPotion"},{"floor":13,"key":"SkillPotion"}],"is_trial":false,"path_per_floor":["M","M","?","M","M","R","E","$","T","R","M","M","M","?","R","B"],"character_chosen":"THE_SILENT","items_purchased":[],"campfire_rested":0,"item_purchase_floors":[],"current_hp_per_floor":[59,58,58,51,33,33,29,29,29,29,23,19,15,2,2,0],"gold":89,"neow_bonus":"REMOVE_TWO","is_prod":false,"is_daily":false,"chose_seed":false,"campfire_upgraded":3,"win_rate":0,"timestamp":1545552295,"path_taken":["M","M","?","M","M","R","E","?","T","R","M","?","M","?","R","BOSS"],"build_version":"2018-12-20","purchased_purges":1,"victory":false,"max_hp_per_floor":[66,66,66,66,66,66,66,66,66,66,66,66,66,66,66,66],"card_choices":[{"not_picked":["Blur","Underhanded Strike"],"picked":"Bouncing Flask","floor":1},{"not_picked":["Dodge and Roll","Slice"],"picked":"Blur","floor":2},{"not_picked":["Quick Slash","Deflect","Prepared"],"picked":"SKIP","floor":4},{"not_picked":["Quick Slash","Prepared"],"picked":"Deflect","floor":4},{"not_picked":["PiercingWail","Underhanded Strike"],"picked":"Blur","floor":5},{"not_picked":["Unload","Bane"],"picked":"Bouncing Flask","floor":7},{"not_picked":["Prepared","Eviscerate"],"picked":"Bouncing Flask","floor":11},{"not_picked":["Expertise","Prepared"],"picked":"Poisoned Stab","floor":12},{"not_picked":["Choke","Concentrate"],"picked":"Tactician","floor":13}],"player_experience":828703,"relics_obtained":[{"floor":7,"key":"The Specimen"},{"floor":9,"key":"Ginger"},{"floor":14,"key":"Odd Mushroom"}],"event_choices":[{"cards_removed":["Strike_G"],"damage_healed":0,"gold_gain":0,"player_choice":"Forget","damage_taken":0,"max_hp_gain":0,"max_hp_loss":0,"event_name":"Living Wall","floor":3,"gold_loss":0},{"damage_healed":0,"gold_gain":0,"player_choice":"Fought Mushrooms","damage_taken":0,"max_hp_gain":0,"max_hp_loss":0,"event_name":"Mushrooms","floor":14,"gold_loss":0}],"is_beta":false,"boss_relics":[],"items_purged_floors":[8],"is_endless":false,"potions_floor_spawned":[1,11,13],"killed_by":"Slime Boss","ascension_level":18}