{"gold_per_floor":[113,65,140,70,70,104,104,120,120,120,148,148,174,189,189,292,292,306,318,318,372,117,117,147,164,164,164,18,18,51,70,70,170,170,189,139,154,154,104,129,129,142,142,142,142,157,157,187,187,187],"floor_reached":50,"playtime":2795,"items_purged":["Sucker Punch","Predator","Skewer+1"],"score":815,"play_id":"716ba695-5c06-4958-b73c-1e17f34e2724","local_time":"20181026154902","is_ascension_mode":true,"campfire_choices":[{"data":"Dagger Throw","floor":12,"key":"SMITH"},{"data":"Concentrate","floor":15,"key":"SMITH"},{"floor":23,"key":"REST"},{"data":"Mayhem","floor":27,"key":"SMITH"},{"floor":29,"key":"REST"},{"data":"Terror","floor":32,"key":"SMITH"},{"data":"Adrenaline","floor":41,"key":"SMITH"},{"floor":44,"key":"REST"},{"data":"Mayhem","floor":49,"key":"SMITH"}],"neow_cost":"NONE","seed_source_timestamp":608588736383360,"circlet_count":0,"master_deck":["Neutralize","Dagger Throw+1","Underhanded Strike","Terror+1","Concentrate+1","Underhanded Strike","Prepared","All Out Attack+1","Unload","Terror","Outmaneuver","Concentrate","Deflect","Underhanded Strike","Outmaneuver","Acrobatics","Bouncing Flask","All Out Attack","Concentrate","Mayhem+1","PiercingWail+1","Adrenaline+1","Eviscerate+1","Eviscerate+1","Finisher","Mayhem+1","Deflect"],"relics":["Ring of the Snake","NeowsBlessing","Mummified Hand","Unceasing Top","Pear","Oddly Smooth Stone","Torii","Pandora\u0027s Box","Bag of Preparation","Smiling Mask","Bottled Tornado","PreservedInsect","Darkstone Periapt","Orrery","Anchor","Regal Pillow","Whetstone"],"potions_floor_usage":[11,13,33,33,50,50],"damage_taken":[{"damage":0,"enemies":"Jaw Worm","floor":1,"turns":1},{"damage":0,"enemies":"Gremlin Nob","floor":6,"turns":1},{"damage":0,"enemies":"Small Slimes","floor":8,"turns":1},{"damage":10,"enemies":"3 Sentries","floor":11,"turns":9},{"damage":13,"enemies":"Lagavulin","floor":13,"turns":5},{"damage":0,"enemies":"2 Louse","floor":14,"turns":2},{"damage":31,"enemies":"Slime Boss","floor":16,"turns":13},{"damage":19,"enemies":"2 Thieves","floor":18,"turns":2},{"damage":1,"enemies":"Shell Parasite","floor":19,"turns":2},{"damage":23,"enemies":"Colosseum Slavers","floor":20,"turns":3},{"damage":29,"enemies":"Book of Stabbing","floor":24,"turns":3},{"damage":0,"enemies":"Centurion and Healer","floor":25,"turns":2},{"damage":0,"enemies":"Gremlin Leader","floor":30,"turns":2},{"damage":0,"enemies":"Cultist and Chosen","floor":31,"turns":2},{"damage":9,"enemies":"Collector","floor":33,"turns":4},{"damage":22,"enemies":"3 Shapes","floor":35,"turns":3},{"damage":0,"enemies":"Orb Walker","floor":37,"turns":1},{"damage":1,"enemies":"Giant Head","floor":40,"turns":2},{"damage":30,"enemies":"4 Shapes","floor":42,"turns":1},{"damage":0,"enemies":"Spire Growth","floor":46,"turns":2},{"damage":0,"enemies":"Reptomancer","floor":48,"turns":2},{"damage":67,"enemies":"Time Eater","floor":50,"turns":6}],"seed_played":"-4471163229184755613","potions_obtained":[{"floor":6,"key":"AttackPotion"},{"floor":8,"key":"SkillPotion"},{"floor":13,"key":"FairyPotion"},{"floor":14,"key":"Weak Potion"},{"floor":19,"key":"Swift Potion"},{"floor":35,"key":"Block Potion"},{"floor":42,"key":"Strength Potion"},{"floor":48,"key":"GhostInAJar"}],"is_trial":false,"path_per_floor":["M","$","?","$","?","E","?","M","T","?","E","R","E","M","R","B",null,"M","M","?","T","$","R","E","M","T","R","$","R","E","M","R","B",null,"M","$","M","?","$","E","R","M","T","R","?","M","?","E","R"],"character_chosen":"THE_SILENT","items_purchased":["Underhanded Strike","Terror","Mayhem","PreservedInsect"],"campfire_rested":3,"item_purchase_floors":[2,4,22,28],"current_hp_per_floor":[70,70,59,59,59,59,59,59,69,69,59,59,46,46,46,15,64,45,44,21,21,21,45,16,16,16,16,16,40,40,40,40,31,68,46,46,46,46,46,45,45,15,15,54,54,54,54,54,54,0],"gold":187,"neow_bonus":"THREE_ENEMY_KILL","is_prod":false,"is_daily":false,"chose_seed":false,"campfire_upgraded":6,"win_rate":0,"timestamp":1540531142,"path_taken":["M","$","?","$","?","E","?","?","T","?","E","R","E","M","R","BOSS","M","M","?","?","$","R","E","M","T","R","?","R","E","M","R","BOSS","M","$","M","?","?","E","R","M","T","R","?","M","?","E","R","BOSS"],"build_version":"2018-10-25","purchased_purges":3,"victory":false,"max_hp_per_floor":[70,70,70,70,70,70,70,70,80,80,80,80,80,80,80,80,80,80,80,80,80,80,80,80,80,80,80,80,80,80,80,80,80,80,80,80,80,80,80,80,80,80,80,80,80,80,76,76,76,76],"card_choices":[{"not_picked":["Deflect","Reflex"],"picked":"Dagger Throw","floor":1},{"not_picked":["Corpse Explosion","Underhanded Strike"],"picked":"Concentrate","floor":6},{"not_picked":["Outmaneuver","PiercingWail"],"picked":"Underhanded Strike","floor":8},{"not_picked":["Dagger Spray","Adrenaline"],"picked":"Prepared","floor":11},{"not_picked":["Blade Dance","Prepared"],"picked":"All Out Attack","floor":13},{"not_picked":["Reflex","Blade Dance","Deadly Poison"],"picked":"SKIP","floor":14},{"not_picked":["Envenom","Venomology"],"picked":"Unload","floor":16},{"not_picked":["Endless Agony+1","Backflip"],"picked":"Concentrate","floor":18},{"not_picked":["Prepared","Distraction"],"picked":"Skewer+1","floor":19},{"not_picked":["Dodge and Roll","All Out Attack"],"picked":"Predator","floor":24},{"not_picked":["Backstab","Acrobatics","Prepared"],"picked":"SKIP","floor":25},{"not_picked":["Noxious Fumes","Deadly Poison","Blur"],"picked":"SKIP","floor":30},{"not_picked":["Acrobatics","Sucker Punch"],"picked":"PiercingWail+1","floor":31},{"not_picked":["Wraith Form v2","Doppelganger"],"picked":"Adrenaline","floor":33},{"not_picked":["PiercingWail","Deadly Poison"],"picked":"Eviscerate+1","floor":34},{"not_picked":["Prepared","Quick Slash"],"picked":"Eviscerate","floor":34},{"not_picked":["Flying Knee+1","Bane+1","Predator"],"picked":"SKIP","floor":35},{"not_picked":["Heel Hook+1","Reflex+1","Blade Dance+1"],"picked":"SKIP","floor":37},{"not_picked":["Bane","Slice+1"],"picked":"Finisher","floor":40},{"not_picked":["Cloak And Dagger+1","Underhanded Strike+1","Footwork+1"],"picked":"SKIP","floor":42},{"not_picked":["Forethought","Jack Of All Trades"],"picked":"Mayhem","floor":45},{"not_picked":["Tactician+1","Quick Slash+1"],"picked":"Deflect","floor":46},{"not_picked":["Acrobatics+1","Sucker Punch","Dagger Spray"],"picked":"SKIP","floor":48}],"player_experience":348884,"relics_obtained":[{"floor":6,"key":"Unceasing Top"},{"floor":9,"key":"Pear"},{"floor":11,"key":"Oddly Smooth Stone"},{"floor":13,"key":"Torii"},{"floor":21,"key":"Bag of Preparation"},{"floor":24,"key":"Smiling Mask"},{"floor":26,"key":"Bottled Tornado"},{"floor":30,"key":"Darkstone Periapt"},{"floor":40,"key":"Anchor"},{"floor":43,"key":"Regal Pillow"},{"floor":48,"key":"Whetstone"}],"event_choices":[{"damage_healed":0,"gold_gain":75,"player_choice":"Gather Gold","damage_taken":11,"max_hp_gain":0,"max_hp_loss":0,"event_name":"World of Goop","floor":3,"gold_loss":0},{"damage_healed":0,"gold_gain":0,"player_choice":"Box","damage_taken":0,"relics_obtained":["Mummified Hand"],"max_hp_gain":0,"max_hp_loss":0,"event_name":"Big Fish","floor":5,"gold_loss":0,"cards_obtained":["Regret"]},{"damage_healed":0,"gold_gain":0,"player_choice":"Ignored","damage_taken":0,"max_hp_gain":0,"max_hp_loss":0,"event_name":"Liars Game","floor":7,"gold_loss":0},{"cards_removed":["Regret"],"damage_healed":0,"gold_gain":0,"player_choice":"Forget","damage_taken":0,"max_hp_gain":0,"max_hp_loss":0,"event_name":"Living Wall","floor":10,"gold_loss":0},{"damage_healed":0,"gold_gain":0,"player_choice":"Fight","damage_taken":0,"max_hp_gain":0,"max_hp_loss":0,"event_name":"Colosseum","floor":20,"gold_loss":0},{"damage_healed":0,"gold_gain":0,"player_choice":"Fled From Nobs","damage_taken":0,"max_hp_gain":0,"max_hp_loss":0,"event_name":"Colosseum","floor":20,"gold_loss":0},{"cards_removed":["Survivor"],"damage_healed":0,"gold_gain":0,"player_choice":"Removed Skill","damage_taken":0,"max_hp_gain":0,"max_hp_loss":0,"event_name":"Falling","floor":38,"gold_loss":0},{"damage_healed":0,"gold_gain":0,"player_choice":"Memory 1","damage_taken":0,"max_hp_gain":0,"max_hp_loss":0,"event_name":"SensoryStone","floor":45,"gold_loss":0},{"damage_healed":0,"gold_gain":0,"player_choice":"Max HP","damage_taken":0,"max_hp_gain":0,"max_hp_loss":4,"event_name":"Winding Halls","floor":47,"gold_loss":0}],"is_beta":false,"boss_relics":[{"not_picked":["Ectoplasm","Fusion Hammer"],"picked":"Pandora\u0027s Box"},{"not_picked":["Velvet Choker","WristBlade"],"picked":"Orrery"}],"items_purged_floors":[22,36,39],"is_endless":false,"potions_floor_spawned":[6,8,13,14,19,20,24,35,42,46,48],"killed_by":"Time Eater","ascension_level":5}