{"gold_per_floor":[115,46,121,137,155,180,192,220,232,244,269,281,293,332,344,453,465,492,504,526,141,141,141,155,165,165,175,175,187,204,222,222,322,322,337,337,337,38,51,51,61,78,78,33,33,65,65,65,65,65],"floor_reached":51,"playtime":5085,"items_purged":["Strike_B"],"score":930,"play_id":"566f140f-5759-4856-aeb2-815a7b2616a4","local_time":"20180923202629","is_ascension_mode":true,"campfire_choices":[{"floor":7.0,"key":"REST"},{"data":"Go for the Eyes","floor":10.0,"key":"SMITH"},{"floor":12.0,"key":"REST"},{"floor":15.0,"key":"REST"},{"data":"Zap","floor":23.0,"key":"SMITH"},{"floor":28.0,"key":"REST"},{"floor":32.0,"key":"REST"},{"data":"Multi-Cast","floor":40.0,"key":"SMITH"},{"floor":47.0,"key":"REST"},{"data":"Chill","floor":49.0,"key":"SMITH"}],"neow_cost":"NONE","seed_source_timestamp":504803436351700,"circlet_count":0,"master_deck":["Strike_B+1","Strike_B+1","Defend_B+1","Defend_B+1","Defend_B+1","Defend_B+1","Zap+1","Dualcast+1","Ball Lightning","Defragment","Ball Lightning+1","Streamline","BootSequence","Go for the Eyes+1","Multi-Cast+1","Compile Driver+1","Electrodynamics","Cold Snap","Self Repair+1","Undo","Conserve Battery+1","Auto Shields","Tempest+1","Consume+1","Barrage","Core Surge","Amplify","White Noise","Chill+1","Leap+1","Turbo+1","Conserve Battery","Aggregate"],"special_seed":0,"relics":["Cracked Core","NeowsBlessing","MawBank","Bottled Flame","Gremlin Horn","Lizard Tail","Enchiridion","Symbiotic Virus","Shuriken","Nuclear Battery","War Paint","Whetstone","Dead Branch","Unceasing Top","Thread and Needle"],"potions_floor_usage":[50,50,50],"damage_taken":[{"damage":0.0,"enemies":"Cultist","floor":1.0,"turns":1.0},{"damage":0.0,"enemies":"Small Slimes","floor":4.0,"turns":1.0},{"damage":0.0,"enemies":"Jaw Worm","floor":5.0,"turns":1.0},{"damage":30.0,"enemies":"3 Sentries","floor":6.0,"turns":5.0},{"damage":11.0,"enemies":"2 Fungi Beasts","floor":8.0,"turns":3.0},{"damage":22.0,"enemies":"Gremlin Gang","floor":11.0,"turns":4.0},{"damage":18.0,"enemies":"Gremlin Nob","floor":14.0,"turns":3.0},{"damage":0.0,"enemies":"Slime Boss","floor":16.0,"turns":6.0},{"damage":23.0,"enemies":"2 Thieves","floor":18.0,"turns":3.0},{"damage":0.0,"enemies":"Chosen","floor":20.0,"turns":4.0},{"damage":26.0,"enemies":"Sentry and Sphere","floor":24.0,"turns":6.0},{"damage":11.0,"enemies":"Chosen and Byrds","floor":25.0,"turns":6.0},{"damage":0.0,"enemies":"Snake Plant","floor":27.0,"turns":3.0},{"damage":4.0,"enemies":"Shelled Parasite and Fungi","floor":29.0,"turns":7.0},{"damage":11.0,"enemies":"Chosen and Byrds","floor":30.0,"turns":7.0},{"damage":18.0,"enemies":"Snecko","floor":31.0,"turns":5.0},{"damage":36.0,"enemies":"Collector","floor":33.0,"turns":11.0},{"damage":23.0,"enemies":"3 Shapes","floor":35.0,"turns":4.0},{"damage":2.0,"enemies":"Orb Walker","floor":39.0,"turns":3.0},{"damage":0.0,"enemies":"Reptomancer","floor":41.0,"turns":4.0},{"damage":2.0,"enemies":"4 Shapes","floor":42.0,"turns":4.0},{"damage":19.0,"enemies":"2 Orb Walkers","floor":46.0,"turns":3.0},{"damage":92,"enemies":"Awakened One","floor":50,"turns":19}],"seed_played":"-4623532026070228880","potions_obtained":[{"floor":5.0,"key":"FocusPotion"},{"floor":11.0,"key":"AttackPotion"},{"floor":18.0,"key":"GamblersBrew"},{"floor":24.0,"key":"SpeedPotion"},{"floor":31.0,"key":"FocusPotion"},{"floor":39.0,"key":"Swift Potion"},{"floor":41.0,"key":"Swift Potion"},{"floor":42.0,"key":"FearPotion"},{"floor":46.0,"key":"EssenceOfSteel"}],"is_trial":false,"path_per_floor":["M","$","?","M","M","E","R","M","T","R","M","R","?","E","R","B",null,"M","?","M","$","?","R","M","M","T","M","R","M","M","M","R","B",null,"M","?","?","$","M","R","M","M","T","$","T","E","R","$","R","B"],"character_chosen":"DEFECT","items_purchased":["Defragment","Symbiotic Virus","Undo","War Paint","Whetstone","Conserve Battery"],"campfire_rested":6,"item_purchase_floors":[2,21,21,38,38,44],"current_hp_per_floor":[68,68,57,57,57,27,49,38,38,38,16,38,43,25,49,49,72,49,33,33,33,33,33,17,16,16,16,40,46,52,44,68,32,68,55,55,55,55,53,53,63,61,61,61,61,42,66,66,66,19],"gold":65,"neow_bonus":"THREE_ENEMY_KILL","is_prod":false,"is_daily":false,"chose_seed":false,"campfire_upgraded":4,"win_rate":0,"timestamp":1537759589,"path_taken":["M","?","?","M","?","E","R","M","T","R","M","R","?","E","R","BOSS","M","?","M","$","?","R","M","?","T","M","R","M","M","M","R","BOSS","M","?","?","$","M","R","M","M","T","?","?","E","R","?","R","BOSS"],"build_version":"2018-09-20","purchased_purges":1,"victory":true,"max_hp_per_floor":[75,75,75,75,75,75,75,75,75,75,75,75,80,80,80,80,80,80,80,80,80,80,80,80,80,80,80,80,80,80,80,80,80,80,80,80,80,80,80,80,80,80,80,80,80,80,80,80,80,80],"card_choices":[{"not_picked":["Compile Driver","Undo"],"picked":"Ball Lightning","floor":1.0},{"not_picked":["Hologram","Steam"],"picked":"Ball Lightning","floor":4.0},{"not_picked":["Reinforced Body","Coolheaded"],"picked":"Streamline","floor":5.0},{"not_picked":["Stack","Sunder"],"picked":"BootSequence","floor":6.0},{"not_picked":["Barrage","Coolheaded"],"picked":"Go for the Eyes","floor":8.0},{"not_picked":["Gash","Tempest"],"picked":"Multi-Cast","floor":11.0},{"not_picked":["Beam Cell","Defragment"],"picked":"Compile Driver","floor":14.0},{"not_picked":["All For One","Multi-Cast"],"picked":"Electrodynamics","floor":16.0},{"not_picked":["Stack","Ball Lightning+1"],"picked":"Cold Snap","floor":18.0},{"not_picked":["Sweeping Beam","Streamline"],"picked":"Self Repair+1","floor":20.0},{"not_picked":["Rebound","Redo"],"picked":"Conserve Battery+1","floor":24.0},{"not_picked":["Force Field","Heatsinks"],"picked":"Auto Shields","floor":25.0},{"not_picked":["Reprogram+1","Ball Lightning"],"picked":"Tempest+1","floor":27.0},{"not_picked":["Gash+1","Redo"],"picked":"Consume","floor":29.0},{"not_picked":["Rebound+1","FTL"],"picked":"Barrage","floor":30.0},{"not_picked":["Compile Driver","Ball Lightning"],"picked":"Core Surge","floor":31.0},{"not_picked":["Core Surge","Fission"],"picked":"Amplify","floor":33.0},{"not_picked":["Glacier+1","Skim"],"picked":"White Noise","floor":35.0},{"not_picked":["Beam Cell","White Noise+1"],"picked":"Chill","floor":39.0},{"not_picked":["Darkness+1","Stack+1"],"picked":"Leap+1","floor":41.0},{"not_picked":["Sweeping Beam","All For One"],"picked":"Turbo+1","floor":42.0},{"not_picked":["Electrodynamics","Force Field"],"picked":"Aggregate","floor":46.0}],"player_experience":438647,"relics_obtained":[{"floor":6.0,"key":"MawBank"},{"floor":9.0,"key":"Bottled Flame"},{"floor":14.0,"key":"Gremlin Horn"},{"floor":19.0,"key":"Enchiridion"},{"floor":26.0,"key":"Shuriken"},{"floor":43.0,"key":"Dead Branch"},{"floor":45.0,"key":"Unceasing Top"},{"floor":46.0,"key":"Thread and Needle"}],"event_choices":[{"event_name":"World of Goop","player_choice":"Gather Gold","floor":3.0,"damage_taken":0.0},{"event_name":"Big Fish","player_choice":"Donut","floor":13.0,"damage_taken":0.0},{"event_name":"Cursed Tome","player_choice":"Obtained Book","floor":19.0,"damage_taken":0.0},{"event_name":"Back to Basics","player_choice":"Simplicity","floor":22.0,"damage_taken":0.0},{"event_name":"Falling","player_choice":"Removed Attack","floor":36.0,"damage_taken":0.0},{"event_name":"Tomb of Lord Red Mask","player_choice":"Ignored","floor":37.0,"damage_taken":0.0}],"is_beta":false,"boss_relics":[{"not_picked":["Tiny House","Velvet Choker"],"picked":"Lizard Tail"},{"not_picked":["FrozenCore","Astrolabe"],"picked":"Nuclear Battery"}],"items_purged_floors":[21],"is_endless":false,"potions_floor_spawned":[5,11,18,24,31,39,41,42,46],"ascension_level":7}