{"gold_per_floor":[115,41,41,41,41,72,72,83,136,167,180,13,38,53,53,157,157,176,37,47,47,64,64,89,89,169,11,11,38,38,56,56,56],"floor_reached":33,"playtime":3618,"items_purged":["Strike_B","Strike_B"],"score":505,"play_id":"a691b78e-046b-408e-9d1b-9d7bc451383d","local_time":"20190213215402","is_ascension_mode":true,"campfire_choices":[{"floor":7.0,"key":"REST"},{"data":"Forethought","floor":15.0,"key":"SMITH"},{"floor":23.0,"key":"REST"},{"floor":28.0,"key":"REST"},{"data":"Zap","floor":32.0,"key":"SMITH"}],"neow_cost":"NONE","seed_source_timestamp":61393551358593,"circlet_count":0,"master_deck":["AscendersBane","Strike_B","Strike_B","Defend_B","Defend_B","Defend_B","Zap+1","Dualcast","Forethought+1","Cold Snap","Electrodynamics","Auto Shields","Hologram","Leap+1","Discovery+1","Hologram+1","Chaos+1","Thunder Strike","Ball Lightning","BootSequence+1","Double Energy+1","Biased Cognition","Chill+1","Undo+1","Discovery+1","Turbo+1","Rebound","Reprogram+1","Skim+1"],"special_seed":0,"relics":["Cracked Core","Oddly Smooth Stone","Potion Belt","Toxic Egg 2","Dream Catcher","Nuclear Battery","Letter Opener","Enchiridion","Blue Candle","Pocketwatch","Nloth\u0027s Gift"],"potions_floor_usage":[],"damage_taken":[{"damage":11.0,"enemies":"Small Slimes","floor":1.0,"turns":4.0},{"damage":27.0,"enemies":"Gremlin Nob","floor":6.0,"turns":5.0},{"damage":0.0,"enemies":"Jaw Worm","floor":8.0,"turns":5.0},{"damage":14.0,"enemies":"3 Sentries","floor":10.0,"turns":4.0},{"damage":2.0,"enemies":"2 Louse","floor":11.0,"turns":3.0},{"damage":7.0,"enemies":"Lagavulin","floor":13.0,"turns":9.0},{"damage":0.0,"enemies":"Exordium Thugs","floor":14.0,"turns":3.0},{"damage":48.0,"enemies":"The Guardian","floor":16.0,"turns":12.0},{"damage":41.0,"enemies":"Chosen","floor":18.0,"turns":5.0},{"damage":1.0,"enemies":"Shell Parasite","floor":20.0,"turns":6.0},{"damage":5.0,"enemies":"Snake Plant","floor":22.0,"turns":3.0},{"damage":27.0,"enemies":"Slavers","floor":24.0,"turns":4.0},{"damage":0.0,"enemies":"Gremlin Leader","floor":29.0,"turns":6.0},{"damage":1.0,"enemies":"Shelled Parasite and Fungi","floor":31.0,"turns":4.0},{"damage":55,"enemies":"Champ","floor":33,"turns":10}],"seed_played":"-3001853324934234903","potions_obtained":[{"floor":6.0,"key":"PowerPotion"},{"floor":8.0,"key":"Energy Potion"},{"floor":11.0,"key":"EssenceOfSteel"},{"floor":13.0,"key":"Regen Potion"},{"floor":18.0,"key":"Weak Potion"},{"floor":22.0,"key":"Regen Potion"}],"is_trial":false,"path_per_floor":["M","$","?","?","?","E","R","M","T","E","M","$","E","M","R","B",null,"M","$","M","?","M","R","E","?","T","$","R","E","?","M","R","B"],"character_chosen":"DEFECT","items_purchased":["Electrodynamics","Discovery+1","BootSequence+1","Discovery+1","Turbo+1","Rebound"],"campfire_rested":3,"item_purchase_floors":[2,12,19,27,27,27],"current_hp_per_floor":[57,57,24,49,49,34,56,56,56,42,40,40,45,45,45,24,62,33,33,44,44,39,61,46,30,30,30,52,52,52,51,51,0],"gold":56,"neow_bonus":"RANDOM_COLORLESS","is_prod":false,"is_daily":false,"chose_seed":false,"campfire_upgraded":2,"win_rate":0,"timestamp":1550116442,"path_taken":["M","$","?","?","?","E","R","M","T","E","M","?","E","M","R","BOSS","M","$","M","?","M","R","E","?","T","$","R","E","?","M","R","BOSS"],"build_version":"2019-01-23","purchased_purges":2,"victory":false,"max_hp_per_floor":[75,75,75,75,75,75,75,75,75,75,75,75,75,75,75,75,75,75,75,75,75,75,75,75,75,75,75,75,75,75,75,75,75],"card_choices":[{"not_picked":["Streamline","Coolheaded"],"picked":"Cold Snap","floor":1.0},{"not_picked":["Gash","Redo"],"picked":"Auto Shields","floor":6.0},{"not_picked":["Stack","Beam Cell"],"picked":"Hologram","floor":8.0},{"not_picked":["Scrape","Reprogram"],"picked":"Leap","floor":10.0},{"not_picked":["Steam+1","Compile Driver","Beam Cell"],"picked":"SKIP","floor":11.0},{"not_picked":["Aggregate+1","Genetic Algorithm+1"],"picked":"Hologram+1","floor":13.0},{"not_picked":["Hello World","Go for the Eyes"],"picked":"Chaos+1","floor":14.0},{"not_picked":["Buffer","Hyperbeam"],"picked":"Thunder Strike","floor":16.0},{"not_picked":["Beam Cell","Rebound"],"picked":"Ball Lightning","floor":18.0},{"not_picked":["Melter","Coolheaded+1"],"picked":"Double Energy+1","floor":20.0},{"not_picked":["Rebound","Sweeping Beam"],"picked":"Biased Cognition","floor":22.0},{"not_picked":["Stack+1","Sweeping Beam"],"picked":"Chill+1","floor":23.0},{"not_picked":["Chaos+1","Rip and Tear+1"],"picked":"Undo+1","floor":24.0},{"not_picked":["Reinforced Body+1","Conserve Battery+1"],"picked":"Reprogram+1","floor":28.0},{"not_picked":["Turbo+1","Conserve Battery+1"],"picked":"Skim+1","floor":29.0},{"not_picked":["Gash+1","Sunder","Redo+1"],"picked":"SKIP","floor":31.0}],"player_experience":313760,"relics_obtained":[{"floor":6.0,"key":"Oddly Smooth Stone"},{"floor":9.0,"key":"Potion Belt"},{"floor":10.0,"key":"Toxic Egg 2"},{"floor":13.0,"key":"Dream Catcher"},{"floor":24.0,"key":"Letter Opener"},{"floor":25.0,"key":"Enchiridion"},{"floor":26.0,"key":"Blue Candle"},{"floor":29.0,"key":"Pocketwatch"}],"event_choices":[{"damage_healed":0.0,"max_hp_gain":0.0,"max_hp_loss":0.0,"gold_gain":0.0,"event_name":"Scrap Ooze","player_choice":"Success","floor":3.0,"gold_loss":0.0,"damage_taken":33.0,"relics_obtained":["Meat on the Bone"]},{"damage_healed":25.0,"max_hp_gain":0.0,"max_hp_loss":0.0,"gold_gain":0.0,"event_name":"Big Fish","player_choice":"Banana","floor":4.0,"gold_loss":0.0,"damage_taken":0.0},{"damage_healed":0.0,"max_hp_gain":0.0,"max_hp_loss":0.0,"gold_gain":0.0,"event_name":"Shining Light","player_choice":"Ignored","floor":5.0,"gold_loss":0.0,"damage_taken":0.0},{"cards_removed":["Defend_B"],"damage_healed":0.0,"max_hp_gain":0.0,"max_hp_loss":0.0,"gold_gain":0.0,"event_name":"Back to Basics","player_choice":"Elegance","floor":21.0,"gold_loss":0.0,"damage_taken":0.0},{"damage_healed":0.0,"max_hp_gain":0.0,"max_hp_loss":0.0,"gold_gain":0.0,"event_name":"Cursed Tome","player_choice":"Obtained Book","floor":25.0,"gold_loss":0.0,"damage_taken":16.0},{"damage_healed":0.0,"max_hp_gain":0.0,"max_hp_loss":0.0,"gold_gain":0.0,"event_name":"N\u0027loth","player_choice":"Traded Relic","floor":30.0,"relics_lost":["Meat on the Bone"],"gold_loss":0.0,"damage_taken":0.0,"relics_obtained":["Nloth\u0027s Gift"]}],"is_beta":false,"boss_relics":[{"not_picked":["Pandora\u0027s Box","Philosopher\u0027s Stone"],"picked":"Nuclear Battery"}],"items_purged_floors":[12,19],"is_endless":false,"potions_floor_spawned":[6,8,11,13,18,22],"killed_by":"Champ","ascension_level":11}