{"gold_per_floor":[113,113,133,83,43,77,77,109,109,109,119,153,99,132,132,229,229,244,13,13],"floor_reached":20,"playtime":2752,"items_purged":[],"score":323,"play_id":"f8500d6f-ad18-44d9-87ce-54db49edfecd","local_time":"20181124080323","daily_mods":["Vintage","Heirloom","Time Dilation","DeadlyEvents","Elite Swarm"],"is_ascension_mode":false,"campfire_choices":[{"data":"Feed","floor":7,"key":"SMITH"},{"data":"Reaper","floor":10,"key":"SMITH"},{"data":"Limit Break","floor":15,"key":"SMITH"}],"neow_cost":"","seed_source_timestamp":0,"circlet_count":0,"master_deck":["Strike_R","Strike_R","Strike_R","Strike_R","Defend_R","Defend_R+1","Defend_R","Defend_R+1","Bash","Feed+1","Reaper+1","Demon Form","Armaments","Limit Break+1","Demon Form","Cleave","Feel No Pain","Heavy Blade","True Grit","Flex","Reaper"],"relics":["Unceasing Top","Magic Flower","Calipers","Gremlin Horn","War Paint","Pantograph","Bronze Scales","Question Card","Darkstone Periapt","Matryoshka","Omamori","Orrery","Smiling Mask","Membership Card"],"potions_floor_usage":[5,6,8,14,14],"damage_taken":[{"damage":10,"enemies":"Jaw Worm","floor":1,"turns":4},{"damage":1,"enemies":"Cultist","floor":3,"turns":3},{"damage":37,"enemies":"3 Sentries","floor":6,"turns":13},{"damage":41,"enemies":"Lagavulin","floor":8,"turns":10},{"damage":0,"enemies":"Small Slimes","floor":11,"turns":2},{"damage":25,"enemies":"3 Sentries","floor":12,"turns":10},{"damage":15,"enemies":"Gremlin Nob","floor":14,"turns":4},{"damage":33,"enemies":"The Guardian","floor":16,"turns":10},{"damage":48,"enemies":"2 Thieves","floor":18,"turns":5},{"damage":95,"enemies":"Masked Bandits","floor":20,"turns":5}],"seed_played":"1457682985948379258","potions_obtained":[{"floor":1,"key":"EssenceOfSteel"},{"floor":5,"key":"Fruit Juice"},{"floor":5,"key":"Dexterity Potion"},{"floor":5,"key":"Regen Potion"},{"floor":11,"key":"Strength Potion"},{"floor":12,"key":"BloodPotion"}],"is_trial":true,"path_per_floor":["M","?","M","?","?","E","R","E","T","R","M","E","$","E","R","B",null,"M","$","?"],"character_chosen":"IRONCLAD","items_purchased":["Armaments","Membership Card","Reaper"],"campfire_rested":0,"item_purchase_floors":[13,19,19],"current_hp_per_floor":[70,70,69,69,74,61,61,26,26,26,40,44,44,73,73,101,101,53,53,0],"gold":13,"neow_bonus":"","is_prod":false,"is_daily":false,"chose_seed":false,"campfire_upgraded":3,"win_rate":0,"timestamp":1543008803,"path_taken":["M","?","?","?","?","E","R","E","T","R","M","E","$","E","R","BOSS","M","?","?"],"build_version":"2018-11-15","purchased_purges":0,"victory":false,"max_hp_per_floor":[80,80,80,80,85,85,85,89,89,89,93,97,97,101,101,101,101,101,101,101],"card_choices":[{"not_picked":["Reaper","Impervious"],"picked":"Feed","floor":6},{"not_picked":["Bludgeon","Immolate"],"picked":"Reaper","floor":8},{"not_picked":["Bludgeon","Berserk","Juggernaut"],"picked":"Demon Form","floor":12},{"not_picked":["Exhume","Immolate","Impervious"],"picked":"Limit Break","floor":14},{"not_picked":["Fiend Fire","Limit Break","Bludgeon"],"picked":"Demon Form","floor":16},{"not_picked":["Shrug It Off","Perfected Strike","Second Wind"],"picked":"Cleave","floor":17},{"not_picked":["Body Slam","Searing Blow","Sentinel"],"picked":"Feel No Pain","floor":17},{"not_picked":["Burning Pact","Spot Weakness","Flex"],"picked":"Heavy Blade","floor":17},{"not_picked":["Sword Boomerang","Body Slam","Uppercut"],"picked":"True Grit","floor":17},{"not_picked":["Body Slam","Whirlwind","Shrug It Off"],"picked":"Flex","floor":17}],"player_experience":410159,"relics_obtained":[{"floor":1,"key":"Calipers"},{"floor":3,"key":"War Paint"},{"floor":6,"key":"Pantograph"},{"floor":8,"key":"Bronze Scales"},{"floor":9,"key":"Question Card"},{"floor":11,"key":"Darkstone Periapt"},{"floor":12,"key":"Matryoshka"},{"floor":14,"key":"Omamori"},{"floor":18,"key":"Smiling Mask"}],"event_choices":[{"damage_healed":0,"gold_gain":0,"player_choice":"Gave Potion","damage_taken":0,"relics_obtained":["Gremlin Horn"],"max_hp_gain":0,"max_hp_loss":0,"event_name":"WeMeetAgain","floor":2,"gold_loss":0},{"cards_removed":["Strike_R"],"damage_healed":0,"gold_gain":0,"player_choice":"Card Removal","damage_taken":0,"max_hp_gain":0,"max_hp_loss":0,"event_name":"The Cleric","floor":4,"gold_loss":50},{"damage_healed":0,"gold_gain":0,"player_choice":"Bought 3 Potions","damage_taken":0,"max_hp_gain":0,"max_hp_loss":0,"event_name":"The Woman in Blue","floor":5,"gold_loss":0},{"damage_healed":0,"gold_gain":0,"player_choice":"Fought Bandits","damage_taken":0,"max_hp_gain":0,"max_hp_loss":0,"event_name":"Masked Bandits","floor":20,"gold_loss":0}],"is_beta":false,"boss_relics":[{"not_picked":["Astrolabe","Ectoplasm"],"picked":"Orrery"}],"items_purged_floors":[],"is_endless":true,"potions_floor_spawned":[1,11,12],"killed_by":"Masked Bandits","ascension_level":0}