{"gold_per_floor":[368,385,385,408,18,59,71,83,143,155,167,210,222,270,282,294],"floor_reached":16,"playtime":449,"items_purged":["Injury"],"score":232,"play_id":"7e32e294-2fb0-4cc5-8639-f15f77f4f463","local_time":"20190214223717","is_ascension_mode":true,"campfire_choices":[{"floor":7.0,"key":"REST"},{"data":"Body Slam","floor":13.0,"key":"SMITH"},{"data":"Metallicize","floor":15.0,"key":"SMITH"}],"neow_cost":"TEN_PERCENT_HP_LOSS","seed_source_timestamp":900232431326406,"circlet_count":0,"master_deck":["AscendersBane","Strike_R","Strike_R","Strike_R+1","Strike_R","Strike_R","Defend_R","Defend_R","Defend_R","Defend_R","Bash","Clothesline+1","Seeing Red","Fiend Fire+1","Feel No Pain","Warcry","Body Slam+1","Headbutt","Metallicize+1"],"special_seed":0,"relics":["Burning Blood","Golden Idol","TheAbacus","MawBank","Vajra","Meat on the Bone","Whetstone"],"potions_floor_usage":[],"damage_taken":[{"damage":5.0,"enemies":"Small Slimes","floor":1.0,"turns":3.0},{"damage":4.0,"enemies":"Jaw Worm","floor":2.0,"turns":3.0},{"damage":6.0,"enemies":"2 Louse","floor":4.0,"turns":3.0},{"damage":46.0,"enemies":"Lagavulin","floor":6.0,"turns":7.0},{"damage":24.0,"enemies":"Gremlin Nob","floor":12.0,"turns":4.0},{"damage":20.0,"enemies":"Lagavulin","floor":14.0,"turns":5.0},{"damage":18,"enemies":"Hexaghost","floor":16,"turns":9}],"seed_played":"4441944049270520856","potions_obtained":[{"floor":4.0,"key":"Regen Potion"},{"floor":6.0,"key":"Energy Potion"},{"floor":14.0,"key":"Energy Potion"}],"is_trial":false,"path_per_floor":["M","M","?","M","$","E","R","$","T","?","$","E","R","E","R","B"],"character_chosen":"IRONCLAD","items_purchased":["TheAbacus","Feel No Pain","Warcry"],"campfire_rested":1,"item_purchase_floors":[5,5,5],"current_hp_per_floor":[68,68,68,68,68,28,48,48,48,48,48,42,42,40,40,22],"gold":294,"neow_bonus":"TWO_FIFTY_GOLD","is_prod":false,"is_daily":false,"chose_seed":false,"campfire_upgraded":2,"win_rate":0,"timestamp":1550209037,"path_taken":["M","M","?","M","$","E","R","$","T","?","?","E","R","E","R","BOSS"],"build_version":"2019-01-23","purchased_purges":1,"victory":false,"max_hp_per_floor":[68,68,68,68,68,68,68,68,68,68,68,68,68,68,68,68],"card_choices":[{"not_picked":["Wild Strike","Thunderclap"],"picked":"Clothesline","floor":1.0},{"not_picked":["Havoc","Whirlwind"],"picked":"Seeing Red","floor":2.0},{"not_picked":["Thunderclap","Shrug It Off"],"picked":"Fiend Fire","floor":4.0},{"not_picked":["Hemokinesis","Clothesline"],"picked":"Body Slam","floor":6.0},{"not_picked":["Thunderclap","Twin Strike"],"picked":"Headbutt","floor":12.0},{"not_picked":["Sword Boomerang","True Grit"],"picked":"Metallicize","floor":14.0}],"player_experience":837828,"relics_obtained":[{"floor":6.0,"key":"MawBank"},{"floor":9.0,"key":"Vajra"},{"floor":12.0,"key":"Meat on the Bone"},{"floor":14.0,"key":"Whetstone"}],"event_choices":[{"damage_healed":0.0,"max_hp_gain":0.0,"max_hp_loss":0.0,"gold_gain":0.0,"event_name":"Golden Idol","player_choice":"Take Wound","floor":3.0,"gold_loss":0.0,"damage_taken":0.0,"relics_obtained":["Golden Idol"],"cards_obtained":["Injury"]},{"damage_healed":0.0,"max_hp_gain":0.0,"max_hp_loss":0.0,"gold_gain":0.0,"event_name":"Living Wall","player_choice":"Grow","floor":10.0,"gold_loss":0.0,"damage_taken":0.0,"cards_upgraded":["Fiend Fire"]}],"is_beta":false,"boss_relics":[],"items_purged_floors":[5],"is_endless":false,"potions_floor_spawned":[4,6,14],"killed_by":"Hexaghost","ascension_level":20}