{"gold_per_floor":[117,127,127,146,2,41,53,98,133,145,176,188,200,226,238,250],"floor_reached":16,"playtime":432,"items_purged":[],"score":193,"play_id":"4fa8b4ab-500f-4178-9dbd-7b5a9b38051c","local_time":"20180901071813","is_ascension_mode":true,"campfire_choices":[{"floor":7,"key":"REST"},{"data":"Neutralize","floor":13,"key":"SMITH"},{"data":"Neutralize","floor":15,"key":"SMITH"}],"neow_cost":"","seed_source_timestamp":42680487546531,"circlet_count":0,"master_deck":["Defend_G","Defend_G","Defend_G","Defend_G","Defend_G","Strike_G","Strike_G","Strike_G","Strike_G","Strike_G","Survivor","Neutralize+1","AscendersBane","Backstab","Flying Knee","Neutralize+1","Slice","Flying Knee","Dagger Spray","Decay","Acrobatics"],"relics":["Ring of the Snake","MawBank","Regal Pillow","Art of War","Lantern"],"potions_floor_usage":[16,16],"damage_taken":[{"damage":11,"enemies":"2 Louse","floor":1,"turns":3},{"damage":0,"enemies":"Cultist","floor":2,"turns":4},{"damage":0,"enemies":"Small Slimes","floor":4,"turns":3},{"damage":32,"enemies":"Lagavulin","floor":6,"turns":10},{"damage":32,"enemies":"3 Sentries","floor":8,"turns":9},{"damage":7,"enemies":"Exordium Thugs","floor":11,"turns":3},{"damage":2,"enemies":"3 Louse","floor":14,"turns":2},{"damage":47,"enemies":"The Guardian","floor":16,"turns":12}],"seed_played":"3624990787055886278","potions_obtained":[{"floor":8,"key":"AttackPotion"},{"floor":11,"key":"Poison Potion"}],"is_trial":false,"path_per_floor":["M","M","?","M","$","E","R","E","T","?","M","?","R","M","R"],"character_chosen":"THE_SILENT","items_purchased":["MawBank"],"campfire_rested":1,"item_purchase_floors":[5],"current_hp_per_floor":[48,48,48,48,48,16,50,18,18,66,59,59,59,57,57,10],"gold":250,"neow_bonus":"","is_prod":false,"is_daily":false,"chose_seed":false,"campfire_upgraded":2,"win_rate":0,"timestamp":1535753893,"path_taken":["M","M","?","M","$","E","R","E","T","?","M","?","R","M","R","BOSS"],"build_version":"2018-08-30","purchased_purges":0,"victory":false,"max_hp_per_floor":[66,66,66,66,66,66,66,66,66,66,66,66,66,66,66,66],"card_choices":[{"not_picked":["Poisoned Stab","Acrobatics"],"picked":"Backstab","floor":1},{"not_picked":["Reflex","Deflect"],"picked":"Flying Knee","floor":2},{"not_picked":["Outmaneuver","Dodge and Roll"],"picked":"Slice","floor":4},{"not_picked":["Flechettes","Setup"],"picked":"Endless Agony","floor":6},{"not_picked":["Burst","Caltrops"],"picked":"Flying Knee","floor":8},{"not_picked":["Reflex","Cloak And Dagger"],"picked":"Dagger Spray","floor":11},{"not_picked":["Masterful Stab","Expertise"],"picked":"Acrobatics","floor":14}],"player_experience":544087,"relics_obtained":[{"floor":6,"key":"Regal Pillow"},{"floor":8,"key":"Art of War"},{"floor":9,"key":"Lantern"}],"event_choices":[{"event_name":"Match and Keep!","player_choice":"1 cards matched","floor":3,"damage_taken":0},{"event_name":"Bonfire Elementals","player_choice":"UNCOMMON","floor":10,"damage_taken":0},{"event_name":"Wheel of Change","player_choice":"Curse","floor":12,"damage_taken":0}],"is_beta":false,"boss_relics":[],"items_purged_floors":[],"is_endless":false,"potions_floor_spawned":[8,11],"killed_by":"The Guardian","ascension_level":15}