{"gold_per_floor":[114,39,50,70,145,178,198,198,246,246],"floor_reached":10,"playtime":613,"items_purged":["Pain"],"score":78,"play_id":"8b959e8e-aebe-4886-8a38-bf9de7ea0cc7","local_time":"20180917195335","is_ascension_mode":true,"campfire_choices":[{"data":"Infinite Blades","floor":8,"key":"SMITH"}],"neow_cost":"CURSE","seed_source_timestamp":352844326646058,"circlet_count":0,"master_deck":["Defend_G","Defend_G","Defend_G","Defend_G","Defend_G","Strike_G","Strike_G","Strike_G","Strike_G","Strike_G","Survivor","Neutralize","Infinite Blades+1","Prepared","Tactician","Well Laid Plans","Reflex"],"relics":["Ring of the Snake","Tough Bandages","Singing Bowl","PreservedInsect"],"potions_floor_usage":[6],"damage_taken":[{"damage":4,"enemies":"Cultist","floor":1,"turns":5},{"damage":0,"enemies":"2 Louse","floor":3,"turns":2},{"damage":5,"enemies":"Jaw Worm","floor":4,"turns":7},{"damage":19,"enemies":"3 Sentries","floor":6,"turns":12},{"damage":1,"enemies":"Looter","floor":7,"turns":5},{"damage":56,"enemies":"Gremlin Nob","floor":10,"turns":5}],"seed_played":"-8144619581968744574","potions_obtained":[{"floor":1,"key":"FearPotion"},{"floor":4,"key":"EssenceOfSteel"}],"is_trial":false,"path_per_floor":["M","$","M","M","?","E","M","R","T"],"character_chosen":"THE_SILENT","items_purchased":[],"campfire_rested":0,"item_purchase_floors":[],"current_hp_per_floor":[66,66,66,61,50,31,30,30,30,0],"gold":246,"neow_bonus":"ONE_RARE_RELIC","is_prod":false,"is_daily":false,"chose_seed":false,"campfire_upgraded":1,"win_rate":0,"timestamp":1537179815,"path_taken":["M","$","?","M","?","E","M","R","T","E"],"build_version":"2018-09-06","purchased_purges":1,"victory":false,"max_hp_per_floor":[70,70,70,70,70,70,70,70,70,70],"card_choices":[{"not_picked":["Backflip","Finisher"],"picked":"Infinite Blades","floor":1},{"not_picked":["Reflex","Dagger Spray"],"picked":"Prepared","floor":3},{"not_picked":["Underhanded Strike","Blur"],"picked":"Tactician","floor":4},{"not_picked":["Dagger Spray","PiercingWail"],"picked":"Well Laid Plans","floor":6},{"not_picked":["Quick Slash","Well Laid Plans"],"picked":"Reflex","floor":7}],"player_experience":185271,"relics_obtained":[{"floor":6,"key":"Singing Bowl"},{"floor":9,"key":"PreservedInsect"}],"event_choices":[{"event_name":"World of Goop","player_choice":"Gather Gold","floor":5,"damage_taken":0}],"is_beta":false,"boss_relics":[],"items_purged_floors":[2],"is_endless":false,"potions_floor_spawned":[1,4],"killed_by":"Gremlin Nob","ascension_level":3}