{"gold_per_floor":[116,133,308,383,383,383,2,25,80,95,109,59,59,92,92,220,220,241,241,241,241,266,266,266],"floor_reached":24,"playtime":877,"items_purged":["Doubt"],"score":204,"play_id":"4bec2be5-81c3-4cd0-acff-1c79dc55e77a","local_time":"20181110153312","is_ascension_mode":true,"campfire_choices":[{"data":"Armaments","floor":6,"key":"SMITH"},{"data":"Seeing Red","floor":13,"key":"SMITH"},{"data":"Inflame","floor":15,"key":"SMITH"},{"data":"Rampage","floor":23,"key":"SMITH"}],"neow_cost":"NONE","seed_source_timestamp":432716263853420,"circlet_count":0,"master_deck":["Strike_R","Strike_R","Strike_R","Defend_R","Defend_R","Defend_R","Defend_R","Bash","Armaments+1","Inflame+1","Thunderclap","Rampage+1","Seeing Red+1","Bludgeon","Seeing Red+1"],"relics":["Black Blood","Golden Idol","Mango","Red Skull","Matryoshka"],"potions_floor_usage":[8,16,16,16,19],"damage_taken":[{"damage":0,"enemies":"2 Louse","floor":1,"turns":3},{"damage":0,"enemies":"Small Slimes","floor":2,"turns":4},{"damage":6,"enemies":"Jaw Worm","floor":8,"turns":3},{"damage":12,"enemies":"Blue Slaver","floor":10,"turns":4},{"damage":0,"enemies":"2 Fungi Beasts","floor":11,"turns":3},{"damage":18,"enemies":"Lagavulin","floor":14,"turns":6},{"damage":32,"enemies":"Hexaghost","floor":16,"turns":6},{"damage":28,"enemies":"Shell Parasite","floor":18,"turns":9},{"damage":25,"enemies":"Colosseum Slavers","floor":19,"turns":5},{"damage":5,"enemies":"2 Thieves","floor":22,"turns":4},{"damage":86,"enemies":"Book of Stabbing","floor":24,"turns":6}],"seed_played":"-6035992663563086516","potions_obtained":[{"floor":0,"key":"AttackPotion"},{"floor":0,"key":"SteroidPotion"},{"floor":0,"key":"SkillPotion"},{"floor":11,"key":"GamblersBrew"},{"floor":16,"key":"AttackPotion"}],"is_trial":false,"path_per_floor":["M","M","?","?","?","R","$","M","T","M","M","?","R","E","R","B",null,"M","?","?","?","M","R","E"],"character_chosen":"IRONCLAD","items_purchased":["Mango"],"campfire_rested":0,"item_purchase_floors":[7],"current_hp_per_floor":[80,80,80,69,49,49,63,63,63,57,63,63,63,51,51,25,94,76,61,61,61,66,66,0],"gold":266,"neow_bonus":"THREE_SMALL_POTIONS","is_prod":false,"is_daily":false,"chose_seed":false,"campfire_upgraded":4,"win_rate":0,"timestamp":1541826192,"path_taken":["M","M","?","?","?","R","$","M","T","M","?","?","R","E","R","BOSS","M","?","?","?","M","R","E"],"build_version":"2018-11-08","purchased_purges":1,"victory":false,"max_hp_per_floor":[80,80,80,80,80,80,94,94,94,94,94,94,94,94,94,94,94,94,94,94,94,94,94,94],"card_choices":[{"not_picked":["Havoc","Pommel Strike"],"picked":"Armaments","floor":1},{"not_picked":["Clothesline","Warcry"],"picked":"Inflame","floor":2},{"not_picked":["Shockwave","Offering"],"picked":"Thunderclap","floor":8},{"not_picked":["True Grit","Thunderclap"],"picked":"Rampage","floor":10},{"not_picked":["Bloodletting","Wild Strike"],"picked":"Seeing Red","floor":11},{"not_picked":["Pommel Strike","Offering","Clash"],"picked":"SKIP","floor":14},{"not_picked":["Berserk","Immolate"],"picked":"Bludgeon","floor":16},{"not_picked":["Spot Weakness","Sever Soul"],"picked":"Seeing Red","floor":18},{"not_picked":["Wild Strike","Pommel Strike+1","Clothesline"],"picked":"SKIP","floor":22}],"player_experience":389225,"relics_obtained":[{"floor":9,"key":"Red Skull"},{"floor":14,"key":"Matryoshka"}],"event_choices":[{"damage_healed":0,"gold_gain":175,"player_choice":"AGREE","damage_taken":0,"max_hp_gain":0,"max_hp_loss":0,"event_name":"Liars Game","floor":3,"gold_loss":0,"cards_obtained":["Doubt"]},{"damage_healed":0,"gold_gain":75,"player_choice":"Gather Gold","damage_taken":11,"max_hp_gain":0,"max_hp_loss":0,"event_name":"World of Goop","floor":4,"gold_loss":0},{"damage_healed":0,"gold_gain":0,"player_choice":"Take Damage","damage_taken":20,"relics_obtained":["Golden Idol"],"max_hp_gain":0,"max_hp_loss":0,"event_name":"Golden Idol","floor":5,"gold_loss":0},{"cards_removed":["Strike_R"],"damage_healed":0,"gold_gain":0,"player_choice":"Card Removal","damage_taken":0,"max_hp_gain":0,"max_hp_loss":0,"event_name":"The Cleric","floor":12,"gold_loss":50},{"damage_healed":0,"gold_gain":0,"player_choice":"Fight","damage_taken":0,"max_hp_gain":0,"max_hp_loss":0,"event_name":"Colosseum","floor":19,"gold_loss":0},{"damage_healed":0,"gold_gain":0,"player_choice":"Fled From Nobs","damage_taken":0,"max_hp_gain":0,"max_hp_loss":0,"event_name":"Colosseum","floor":19,"gold_loss":0},{"cards_removed":["Strike_R"],"damage_healed":0,"gold_gain":0,"player_choice":"Elegance","damage_taken":0,"max_hp_gain":0,"max_hp_loss":0,"event_name":"Back to Basics","floor":20,"gold_loss":0},{"damage_healed":0,"gold_gain":0,"player_choice":"Upgraded","damage_taken":0,"max_hp_gain":0,"max_hp_loss":0,"event_name":"Upgrade Shrine","floor":21,"gold_loss":0,"cards_upgraded":["Seeing Red"]}],"is_beta":false,"boss_relics":[{"not_picked":["Runic Dome","Tiny House"],"picked":"Black Blood"}],"items_purged_floors":[7],"is_endless":false,"potions_floor_spawned":[2,11,14,16],"killed_by":"Book of Stabbing","ascension_level":1}