{"gold_per_floor":[110,123,143,68,85,117,117,148,148,148,148,48,82,99,99,194,194,211,227,36,56,331,366,366,379,379,414,424,424,437,36,36,135,135,154,170,186,186,119,154,165,183,232,232,245,245,245,259,259,259],"floor_reached":51,"playtime":6864,"items_purged":["Clumsy","Defend_R","Strike_R"],"score":851,"play_id":"5cc4c970-56ea-43b9-9d76-a168442ccf1a","local_time":"20190216182004","is_ascension_mode":true,"campfire_choices":[{"floor":7.0,"key":"REST"},{"floor":11.0,"key":"REST"},{"floor":15.0,"key":"REST"},{"floor":24,"key":"REST"},{"data":"Whirlwind","floor":29,"key":"SMITH"},{"data":"Mind Blast","floor":32,"key":"SMITH"},{"data":"Barricade","floor":44,"key":"SMITH"},{"data":"Inflame","floor":46,"key":"SMITH"},{"data":"Heavy Blade","floor":49,"key":"SMITH"}],"neow_cost":"CURSE","seed_source_timestamp":0,"circlet_count":0,"master_deck":["Strike_R","Strike_R","Strike_R","Strike_R","Defend_R+1","Defend_R+1","Defend_R+1","Bash","Perfected Strike","Shrug It Off","Warcry+1","Shrug It Off","Flex","Whirlwind+1","Shockwave+1","Second Wind+1","Shockwave+1","Dropkick","Entrench+1","Headbutt","Infernal Blade+1","Shrug It Off+1","Inflame+1","Dual Wield+1","Perfected Strike","Rage+1","Sword Boomerang","Clothesline","Entrench+1","Limit Break+1","Heavy Blade+1","Perfected Strike+1","Shockwave+1","Mind Blast+1","Warcry+1","Barricade+1","Flex+1","Spot Weakness+1","Body Slam","Body Slam+1","Shrug It Off+1","Headbutt+1","Rage+1","Combust+1","Shrug It Off+1","Thunderclap+1","Intimidate+1","Perfected Strike+1","Iron Wave+1","Pommel Strike","Parasite","Juggernaut","Iron Wave+1"],"special_seed":0,"relics":["Burning Blood","Prayer Wheel","Dodecahedron","Toxic Egg 2","Self Forming Clay","Omamori","Mark of Pain","Vajra","Pen Nib","Peace Pipe","Dream Catcher","Anchor","Cursed Key","Incense Burner","War Paint"],"potions_floor_usage":[18,18,33,50,50],"damage_taken":[{"damage":5.0,"enemies":"Cultist","floor":1.0,"turns":4.0},{"damage":2.0,"enemies":"2 Louse","floor":2.0,"turns":2.0},{"damage":3.0,"enemies":"Small Slimes","floor":3.0,"turns":4.0},{"damage":7.0,"enemies":"3 Louse","floor":5.0,"turns":4.0},{"damage":21.0,"enemies":"3 Sentries","floor":6.0,"turns":10.0},{"damage":21.0,"enemies":"Gremlin Nob","floor":8.0,"turns":4.0},{"damage":31.0,"enemies":"Lagavulin","floor":13.0,"turns":10.0},{"damage":0.0,"enemies":"2 Fungi Beasts","floor":14.0,"turns":4.0},{"damage":54.0,"enemies":"Hexaghost","floor":16.0,"turns":12.0},{"damage":14,"enemies":"Spheric Guardian","floor":18,"turns":4},{"damage":9,"enemies":"2 Thieves","floor":19,"turns":4},{"damage":2,"enemies":"Shelled Parasite and Fungi","floor":21,"turns":4},{"damage":19,"enemies":"Book of Stabbing","floor":23,"turns":6},{"damage":11,"enemies":"Cultist and Chosen","floor":25,"turns":6},{"damage":6,"enemies":"Slavers","floor":27,"turns":6},{"damage":21,"enemies":"Snake Plant","floor":28,"turns":2},{"damage":2,"enemies":"3 Cultists","floor":30,"turns":3},{"damage":51,"enemies":"Automaton","floor":33,"turns":8},{"damage":0,"enemies":"Orb Walker","floor":35,"turns":2},{"damage":0,"enemies":"3 Shapes","floor":36,"turns":2},{"damage":0,"enemies":"Writhing Mass","floor":37,"turns":2},{"damage":2,"enemies":"Nemesis","floor":40,"turns":7},{"damage":0,"enemies":"Jaw Worm Horde","floor":41,"turns":2},{"damage":10,"enemies":"4 Shapes","floor":42,"turns":4},{"damage":0,"enemies":"Spire Growth","floor":45,"turns":3},{"damage":0,"enemies":"Writhing Mass","floor":48,"turns":2},{"damage":32,"enemies":"Time Eater","floor":50,"turns":8}],"seed_played":"-5506484557303234875","potions_obtained":[{"floor":5.0,"key":"Explosive Potion"},{"floor":6.0,"key":"Swift Potion"},{"floor":8.0,"key":"GamblersBrew"},{"floor":16.0,"key":"AttackPotion"},{"floor":23,"key":"SpeedPotion"},{"floor":27,"key":"LiquidBronze"},{"floor":28,"key":"AttackPotion"},{"floor":35,"key":"SteroidPotion"},{"floor":38,"key":"SneckoOil"},{"floor":38,"key":"Dexterity Potion"}],"is_trial":false,"path_per_floor":["M","M","M","$","M","E","R","E","T","?","R","$","E","M","R","B",null,"M","M","$","M","?","E","R","M","T","E","M","R","M","$","R","B",null,"M","M","M","?","$","E","M","M","T","R","M","R","?","M","R","B",null],"character_chosen":"IRONCLAD","items_purchased":["Vajra","Inflame","Mind Blast","Anchor","Warcry+1","Rage+1"],"campfire_rested":4,"item_purchase_floors":[20,20,31,31,31,39],"current_hp_per_floor":[80,80,80,80,79,64,80,65,65,49,73,73,48,54,78,30,80,72,69,69,73,73,60,80,75,75,75,60,60,64,64,64,19,80,80,80,80,80,80,80,80,76,76,76,80,80,80,80,80,54],"gold":259,"neow_bonus":"ONE_RARE_RELIC","is_prod":false,"is_daily":false,"chose_seed":false,"campfire_upgraded":5,"win_rate":0,"timestamp":1550337604,"path_taken":["M","M","M","$","M","E","R","E","T","?","R","$","E","M","R","BOSS","M","M","$","M","?","E","R","M","T","E","M","R","?","$","R","BOSS","M","?","M","?","?","E","M","M","T","R","M","R","?","?","R","BOSS"],"build_version":"2019-01-23","purchased_purges":3,"victory":true,"max_hp_per_floor":[80,80,80,80,80,80,80,80,80,80,80,80,80,80,80,80,80,80,80,80,80,80,80,80,80,80,80,80,80,80,80,80,80,80,80,80,80,80,80,80,80,80,80,80,80,80,80,80,80,80],"card_choices":[{"not_picked":["Bloodletting","Thunderclap"],"picked":"Perfected Strike","floor":1.0},{"not_picked":["Thunderclap","Spot Weakness","Iron Wave"],"picked":"SKIP","floor":1.0},{"not_picked":["Reckless Charge","Shockwave"],"picked":"Shrug It Off","floor":2.0},{"not_picked":["Perfected Strike","Thunderclap"],"picked":"Warcry","floor":2.0},{"not_picked":["Cleave","Anger"],"picked":"Fire Breathing","floor":3.0},{"not_picked":["Perfected Strike","Heavy Blade"],"picked":"Shrug It Off","floor":3.0},{"not_picked":["Sever Soul","Carnage"],"picked":"Flex","floor":5.0},{"not_picked":["Corruption","Heavy Blade","Perfected Strike"],"picked":"SKIP","floor":5.0},{"not_picked":["Fire Breathing","Warcry"],"picked":"Whirlwind","floor":6.0},{"not_picked":["Corruption","Warcry"],"picked":"Shockwave","floor":8.0},{"not_picked":["Fiend Fire","Heavy Blade"],"picked":"Second Wind+1","floor":13.0},{"not_picked":["Wild Strike","True Grit+1"],"picked":"Shockwave+1","floor":14.0},{"not_picked":["Body Slam","Anger"],"picked":"Dropkick","floor":14.0},{"not_picked":["Flame Barrier+1","Armaments+1"],"picked":"Entrench+1","floor":18},{"not_picked":["Searing Blow","Clothesline"],"picked":"Headbutt","floor":18},{"not_picked":["Fire Breathing+1","Anger"],"picked":"Infernal Blade+1","floor":19},{"not_picked":["Cleave","Twin Strike"],"picked":"Shrug It Off+1","floor":19},{"not_picked":["Shockwave+1","Iron Wave"],"picked":"Dual Wield+1","floor":21},{"not_picked":["Carnage","Feed"],"picked":"Perfected Strike","floor":21},{"not_picked":["Rampage","Anger+1"],"picked":"Rage+1","floor":23},{"not_picked":["Armaments+1","Shrug It Off+1"],"picked":"Sword Boomerang","floor":25},{"not_picked":["Cleave","Sword Boomerang"],"picked":"Clothesline","floor":25},{"not_picked":["Shrug It Off+1","Thunderclap"],"picked":"Entrench+1","floor":27},{"not_picked":["Rupture","Seeing Red+1"],"picked":"Limit Break+1","floor":28},{"not_picked":["Anger","Carnage"],"picked":"Heavy Blade","floor":28},{"not_picked":["Twin Strike","Uppercut"],"picked":"Perfected Strike+1","floor":30},{"not_picked":["Reckless Charge","Heavy Blade"],"picked":"Shockwave+1","floor":30},{"not_picked":["Immolate","Dark Embrace"],"picked":"Barricade","floor":33},{"not_picked":["Cleave+1","Wild Strike"],"picked":"Flex+1","floor":35},{"not_picked":["Whirlwind+1","Sword Boomerang+1"],"picked":"Spot Weakness+1","floor":35},{"not_picked":["Sword Boomerang+1","True Grit+1"],"picked":"Body Slam","floor":36},{"not_picked":["Metallicize+1","Ghostly Armor+1"],"picked":"Body Slam+1","floor":36},{"not_picked":["Heavy Blade","Corruption+1"],"picked":"Shrug It Off+1","floor":37},{"not_picked":["Berserk","Clash"],"picked":"Headbutt+1","floor":37},{"not_picked":["Wild Strike","Evolve"],"picked":"Combust+1","floor":40},{"not_picked":["Pummel","Rage+1"],"picked":"Shrug It Off+1","floor":41},{"not_picked":["Anger+1","Cleave+1"],"picked":"Thunderclap+1","floor":41},{"not_picked":["Clash","Barricade"],"picked":"Intimidate+1","floor":42},{"not_picked":["Shrug It Off+1","Wild Strike"],"picked":"Perfected Strike+1","floor":42},{"not_picked":["Armaments+1","Pommel Strike+1"],"picked":"Iron Wave+1","floor":45},{"not_picked":["Ghostly Armor+1","Seeing Red+1"],"picked":"Pommel Strike","floor":45},{"not_picked":["Evolve","Warcry+1"],"picked":"Juggernaut","floor":48},{"not_picked":["Warcry+1","Armaments+1"],"picked":"Iron Wave+1","floor":48}],"player_experience":46198,"relics_obtained":[{"floor":6.0,"key":"Dodecahedron"},{"floor":8.0,"key":"Toxic Egg 2"},{"floor":9.0,"key":"Self Forming Clay"},{"floor":13.0,"key":"Omamori"},{"floor":23,"key":"Pen Nib"},{"floor":26,"key":"Peace Pipe"},{"floor":27,"key":"Dream Catcher"},{"floor":40,"key":"Incense Burner"},{"floor":43,"key":"War Paint"}],"event_choices":[{"damage_healed":0.0,"max_hp_gain":0.0,"max_hp_loss":0.0,"gold_gain":0.0,"event_name":"Shining Light","player_choice":"Entered Light","floor":10.0,"gold_loss":0.0,"damage_taken":16.0,"cards_upgraded":["Warcry","Defend_R"]},{"damage_healed":0,"gold_gain":275,"player_choice":"Desecrate","damage_taken":0,"max_hp_gain":0,"max_hp_loss":0,"event_name":"Golden Shrine","floor":22,"gold_loss":0,"cards_obtained":["Regret"]},{"damage_healed":0,"gold_gain":0,"player_choice":"Got Potions","damage_taken":0,"max_hp_gain":0,"max_hp_loss":0,"event_name":"Lab","floor":38,"gold_loss":0},{"cards_removed":["Fire Breathing"],"damage_healed":0,"gold_gain":0,"player_choice":"Card Removal","damage_taken":0,"max_hp_gain":0,"max_hp_loss":0,"event_name":"Wheel of Change","floor":47,"gold_loss":0}],"is_beta":false,"boss_relics":[{"not_picked":["Astrolabe","White Beast Statue"],"picked":"Mark of Pain"},{"not_picked":["Tiny House","Busted Crown"],"picked":"Cursed Key"}],"items_purged_floors":[4,12,31],"is_endless":false,"potions_floor_spawned":[5,6,8,16,23,27,28,30,35,36,37,41],"ascension_level":1}