{"gold_per_floor":[110,110,210,210,228,253,253,279,279,279,296,296,316,329,329,329],"floor_reached":16,"playtime":528,"items_purged":[],"score":116,"play_id":"2dda0935-5b47-4530-81ad-9c3c622d5e83","local_time":"20181002001807","is_ascension_mode":true,"campfire_choices":[{"data":"Entrench","floor":7,"key":"SMITH"},{"floor":12,"key":"REST"},{"data":"Berserk","floor":15,"key":"SMITH"}],"neow_cost":"NONE","seed_source_timestamp":1212050804903896,"circlet_count":0,"master_deck":["Strike_R+1","Strike_R","Strike_R","Strike_R","Defend_R","Defend_R","Defend_R+1","Defend_R","Bash","Berserk+1","Flex","Ghostly Armor","Entrench+1","Body Slam","Rage"],"relics":["Burning Blood","Bottled Lightning","Bronze Scales","Sundial","Mercury Hourglass"],"potions_floor_usage":[11,16],"damage_taken":[{"damage":10,"enemies":"Jaw Worm","floor":1,"turns":5},{"damage":1,"enemies":"Cultist","floor":5,"turns":4},{"damage":24,"enemies":"Gremlin Nob","floor":6,"turns":5},{"damage":48,"enemies":"3 Sentries","floor":8,"turns":11},{"damage":0,"enemies":"2 Louse","floor":11,"turns":2},{"damage":0,"enemies":"Exordium Thugs","floor":13,"turns":3},{"damage":7,"enemies":"Blue Slaver","floor":14,"turns":3},{"damage":47,"enemies":"Slime Boss","floor":16,"turns":9}],"seed_played":"-5084966141727440877","potions_obtained":[{"floor":6,"key":"Dexterity Potion"},{"floor":8,"key":"BloodPotion"}],"is_trial":false,"path_per_floor":["M","?","?","T","M","E","R","E","T","?","M","R","M","M","R"],"character_chosen":"IRONCLAD","items_purchased":[],"campfire_rested":1,"item_purchase_floors":[],"current_hp_per_floor":[76,76,76,76,80,62,62,20,20,4,18,42,48,47,47,0],"gold":329,"neow_bonus":"ONE_RANDOM_RARE_CARD","is_prod":false,"is_daily":false,"chose_seed":false,"campfire_upgraded":2,"win_rate":0,"timestamp":1538407087,"path_taken":["M","?","?","?","M","E","R","E","T","?","M","R","?","M","R","BOSS"],"build_version":"2018-09-27","purchased_purges":0,"victory":false,"max_hp_per_floor":[80,80,80,80,80,80,80,80,80,80,80,80,80,80,80,80],"card_choices":[{"not_picked":["Havoc","Sword Boomerang"],"picked":"Flex","floor":1},{"not_picked":["Pommel Strike","Thunderclap"],"picked":"Ghostly Armor","floor":5},{"not_picked":["Flex","Burning Pact"],"picked":"Entrench","floor":6},{"not_picked":["Spot Weakness","Cleave","Evolve"],"picked":"SKIP","floor":8},{"not_picked":["Clash","Dual Wield"],"picked":"Body Slam","floor":11},{"not_picked":["Heavy Blade","Evolve","Anger"],"picked":"SKIP","floor":13},{"not_picked":["Pommel Strike","Heavy Blade"],"picked":"Rage","floor":14}],"player_experience":81735,"relics_obtained":[{"floor":4,"key":"Bottled Lightning"},{"floor":6,"key":"Bronze Scales"},{"floor":8,"key":"Sundial"},{"floor":9,"key":"Mercury Hourglass"}],"event_choices":[{"event_name":"Bonfire Elementals","player_choice":"BASIC","floor":2,"damage_taken":0},{"event_name":"Golden Shrine","player_choice":"Pray","floor":3,"damage_taken":0},{"event_name":"Shining Light","player_choice":"Entered Light","floor":10,"damage_taken":0}],"is_beta":false,"boss_relics":[],"items_purged_floors":[],"is_endless":false,"potions_floor_spawned":[6,8],"killed_by":"Slime Boss","ascension_level":1}