{"gold_per_floor":[109,122,137,137,62,62,88,88,88,88,120,136,136,150,150,252,252,272,372,18,18,29,62,62,62,89,89,4,39,55,83,83,180,180,200,212,212,212,229,240,240],"floor_reached":41,"playtime":4764,"items_purged":["Clumsy"],"score":509,"play_id":"a0956139-94c8-4662-9e90-a4f9dfae14e9","local_time":"20190213111029","is_ascension_mode":false,"campfire_choices":[{"data":"Metallicize","floor":6,"key":"SMITH"},{"data":"Heavy Blade","floor":8,"key":"SMITH"},{"floor":10,"key":"REST"},{"floor":13,"key":"REST"},{"data":"Pommel Strike","floor":15,"key":"SMITH"},{"floor":24,"key":"REST"},{"floor":25,"key":"REST"},{"floor":27,"key":"REST"},{"floor":32,"key":"REST"}],"neow_cost":"CURSE","seed_source_timestamp":173584939515362,"circlet_count":0,"master_deck":["Strike_R","Strike_R","Strike_R","Strike_R","Defend_R+1","Defend_R","Defend_R","Defend_R+1","Bash","Heavy Blade+1","Burning Pact+1","Pommel Strike+1","Clothesline","Flame Barrier","Metallicize+1","Pommel Strike","Dropkick","Fire Breathing","Cleave","Ghostly Armor","Second Wind+1","Offering","Rage+1","Combust","Heavy Blade+1","Shrug It Off","Iron Wave","Dropkick","Dropkick","Metallicize+1","Metallicize+1","Pommel Strike+1","Inflame+1","Limit Break","Armaments","Double Tap","Infernal Blade","Shrug It Off","Mayhem+1","Secret Technique","Discovery","Bloodletting+1","Flex+1","Clothesline+1","Shockwave+1"],"relics":["Burning Blood","Prayer Wheel","Bottled Flame","Question Card","FossilizedHelix","Fusion Hammer","WingedGreaves","Mummified Hand","Frozen Egg 2","Art of War","Pen Nib","War Paint","Nunchaku","Mango","Black Star"],"potions_floor_usage":[3,19,22,23,31],"damage_taken":[{"damage":6,"enemies":"Jaw Worm","floor":1,"turns":3},{"damage":0,"enemies":"Small Slimes","floor":2,"turns":3},{"damage":0,"enemies":"Cultist","floor":3,"turns":3},{"damage":38,"enemies":"3 Sentries","floor":7,"turns":10},{"damage":21,"enemies":"Gremlin Nob","floor":11,"turns":5},{"damage":0,"enemies":"Looter","floor":12,"turns":4},{"damage":0,"enemies":"Large Slime","floor":14,"turns":6},{"damage":49,"enemies":"Slime Boss","floor":16,"turns":17},{"damage":6,"enemies":"Chosen","floor":18,"turns":5},{"damage":17,"enemies":"Colosseum Slavers","floor":19,"turns":5},{"damage":34,"enemies":"Colosseum Nobs","floor":19,"turns":5},{"damage":14,"enemies":"Shell Parasite","floor":22,"turns":5},{"damage":28,"enemies":"Slavers","floor":23,"turns":5},{"damage":20,"enemies":"Book of Stabbing","floor":29,"turns":8},{"damage":12,"enemies":"Centurion and Healer","floor":30,"turns":7},{"damage":8,"enemies":"Slavers","floor":31,"turns":7},{"damage":63,"enemies":"Collector","floor":33,"turns":12},{"damage":47,"enemies":"3 Shapes","floor":35,"turns":4},{"damage":1,"enemies":"Orb Walker","floor":36,"turns":5},{"damage":23,"enemies":"Maw","floor":39,"turns":9},{"damage":24,"enemies":"Sphere and 2 Shapes","floor":40,"turns":7},{"damage":15,"enemies":"Giant Head","floor":41,"turns":6}],"seed_played":"4045025600919863149","potions_obtained":[{"floor":1,"key":"AttackPotion"},{"floor":12,"key":"SpeedPotion"},{"floor":22,"key":"Energy Potion"},{"floor":29,"key":"Weak Potion"}],"is_trial":false,"path_per_floor":["M","M","M","?","$","R","E","R","T","R","E","M","R","M","R","B",null,"M","?","$","?","M","E","R","R","T","R","?","E","M","E","R","B",null,"M","M","?","?","M","M","E"],"character_chosen":"IRONCLAD","items_purchased":["Frozen Egg 2","Shrug It Off","Energy Potion"],"campfire_rested":6,"item_purchase_floors":[20,20,20],"current_hp_per_floor":[80,80,80,64,64,64,32,32,32,56,41,47,71,77,77,34,80,80,41,41,41,33,11,35,59,59,80,80,66,60,72,94,37,94,53,58,48,48,31,13,0],"gold":240,"neow_bonus":"ONE_RARE_RELIC","is_prod":false,"is_daily":false,"chose_seed":false,"campfire_upgraded":3,"win_rate":0.0,"timestamp":1550070629,"path_taken":["M","M","M","?","$","R","E","R","T","R","E","M","R","M","R","BOSS","M","?","$","?","?","E","R","R","T","R","?","E","M","E","R","BOSS","M","M","?","?","?","M","E"],"build_version":"2019-01-23","purchased_purges":1,"victory":false,"max_hp_per_floor":[80,80,80,80,80,80,80,80,80,80,80,80,80,80,80,80,80,80,80,80,80,80,80,80,80,80,80,80,80,80,94,94,94,94,94,94,94,94,94,94,94],"card_choices":[{"not_picked":["Headbutt","Pommel Strike"],"picked":"Heavy Blade","floor":1},{"not_picked":["Reckless Charge","Searing Blow"],"picked":"Burning Pact","floor":1},{"not_picked":["Body Slam","Feel No Pain"],"picked":"Pommel Strike","floor":2},{"not_picked":["Thunderclap","Wild Strike"],"picked":"Clothesline","floor":2},{"not_picked":["Heavy Blade","Clothesline"],"picked":"Flame Barrier","floor":3},{"not_picked":["Sword Boomerang","Feel No Pain"],"picked":"Metallicize","floor":3},{"not_picked":["Headbutt","Burning Pact"],"picked":"Pommel Strike","floor":7},{"not_picked":["True Grit","Body Slam","Battle Trance"],"picked":"Dropkick","floor":11},{"not_picked":["Flex","Bludgeon","Battle Trance"],"picked":"Fire Breathing","floor":12},{"not_picked":["Thunderclap","Infernal Blade","Spot Weakness"],"picked":"Cleave","floor":12},{"not_picked":["Rampage","Feel No Pain","Warcry"],"picked":"Ghostly Armor","floor":14},{"not_picked":["Perfected Strike","Whirlwind","Burning Pact"],"picked":"Second Wind","floor":14},{"not_picked":["Impervious","Barricade","Juggernaut"],"picked":"Offering","floor":16},{"not_picked":["Cleave","Shrug It Off","Twin Strike"],"picked":"Rage+1","floor":18},{"not_picked":["Disarm+1","Offering","True Grit"],"picked":"Combust","floor":18},{"not_picked":["Pommel Strike","Warcry","Sword Boomerang"],"picked":"Heavy Blade+1","floor":19},{"not_picked":["Flex","Body Slam","Clothesline"],"picked":"Dropkick","floor":22},{"not_picked":["Burning Pact","Sword Boomerang","Clothesline","Wild Strike+1"],"picked":"SKIP","floor":22},{"not_picked":["Hemokinesis+1","Uppercut","Brutality+1"],"picked":"Dropkick","floor":23},{"not_picked":["Pommel Strike","Dual Wield","Shrug It Off"],"picked":"Metallicize+1","floor":29},{"not_picked":["Headbutt","Clash+1","Wild Strike"],"picked":"Metallicize+1","floor":30},{"not_picked":["Flex","Warcry","Dropkick"],"picked":"Pommel Strike+1","floor":30},{"not_picked":["Second Wind","Searing Blow+1","Juggernaut+1"],"picked":"Inflame+1","floor":31},{"not_picked":["Immolate","Feed","Berserk+1"],"picked":"Limit Break","floor":33},{"not_picked":["Flex+1","Headbutt+1","Burning Pact+1"],"picked":"Armaments","floor":35},{"not_picked":["True Grit+1","Evolve+1","Armaments"],"picked":"Double Tap","floor":35},{"not_picked":["Perfected Strike+1","Sword Boomerang+1","Combust+1"],"picked":"Infernal Blade","floor":36},{"not_picked":["Wild Strike+1","Cleave","Pommel Strike+1"],"picked":"Shrug It Off","floor":36},{"not_picked":["Chrysalis","Trip","Dramatic Entrance"],"picked":"Mayhem+1","floor":37},{"not_picked":["Discovery","Deep Breath","Jack Of All Trades"],"picked":"Secret Technique","floor":37},{"not_picked":["Good Instincts","Jack Of All Trades","PanicButton"],"picked":"Discovery","floor":37},{"not_picked":["Carnage","Sword Boomerang+1","Infernal Blade"],"picked":"Bloodletting+1","floor":39},{"not_picked":["Reckless Charge+1","Perfected Strike+1","True Grit+1"],"picked":"Flex+1","floor":39},{"not_picked":["Anger","Headbutt","Clash"],"picked":"Clothesline+1","floor":40},{"not_picked":["Iron Wave+1","Clash+1","True Grit+1"],"picked":"Shockwave+1","floor":40}],"player_experience":35683,"relics_obtained":[{"floor":7,"key":"Bottled Flame"},{"floor":9,"key":"Question Card"},{"floor":11,"key":"FossilizedHelix"},{"floor":19,"key":"WingedGreaves"},{"floor":19,"key":"Mummified Hand"},{"floor":23,"key":"Art of War"},{"floor":26,"key":"Pen Nib"},{"floor":29,"key":"Nunchaku"},{"floor":31,"key":"Mango"}],"event_choices":[{"damage_healed":0,"gold_gain":0,"player_choice":"Entered Light","damage_taken":16,"max_hp_gain":0,"max_hp_loss":0,"event_name":"Shining Light","floor":4,"gold_loss":0,"cards_upgraded":["Defend_R","Burning Pact"]},{"damage_healed":0,"gold_gain":0,"player_choice":"Fight","damage_taken":0,"max_hp_gain":0,"max_hp_loss":0,"event_name":"Colosseum","floor":19,"gold_loss":0},{"damage_healed":0,"gold_gain":0,"player_choice":"Fought Nobs","damage_taken":0,"max_hp_gain":0,"max_hp_loss":0,"event_name":"Colosseum","floor":19,"gold_loss":0},{"cards_removed":["Strike_R"],"damage_healed":0,"gold_gain":0,"player_choice":"Took Card","damage_taken":0,"max_hp_gain":0,"max_hp_loss":0,"event_name":"NoteForYourself","floor":21,"gold_loss":0,"cards_obtained":["Iron Wave"]},{"damage_healed":0,"gold_gain":0,"player_choice":"Obtained Relic","damage_taken":0,"relics_obtained":["War Paint"],"max_hp_gain":0,"max_hp_loss":0,"event_name":"Addict","floor":28,"gold_loss":85},{"damage_healed":0,"gold_gain":0,"player_choice":"Memory 3","damage_taken":10,"max_hp_gain":0,"max_hp_loss":0,"event_name":"SensoryStone","floor":37,"gold_loss":0},{"damage_healed":0,"gold_gain":0,"player_choice":"Ignored","damage_taken":0,"max_hp_gain":0,"max_hp_loss":0,"event_name":"SecretPortal","floor":38,"gold_loss":0}],"is_beta":false,"boss_relics":[{"not_picked":["White Beast Statue","Lizard Tail"],"picked":"Fusion Hammer"},{"not_picked":["Snecko Eye","Velvet Choker"],"picked":"Black Star"}],"items_purged_floors":[5],"is_endless":false,"potions_floor_spawned":[1,12,19,22,29],"killed_by":"Giant Head","ascension_level":0}