{"gold_per_floor":[111,111,111,111,134,134,153,228,228,228,254,1,1,34,34,127,127,146,146,71,71,21,21,21,35,62,75,118,118],"floor_reached":29,"playtime":575,"items_purged":["Strike_G"],"score":450,"play_id":"9221fe66-167e-45be-96da-7075dd8ccf6c","local_time":"20181229141906","is_ascension_mode":true,"campfire_choices":[{"data":"Neutralize","floor":10.0,"key":"SMITH"},{"floor":13.0,"key":"REST"},{"data":"Cloak And Dagger","floor":15.0,"key":"SMITH"},{"data":"Envenom","floor":23,"key":"SMITH"}],"neow_cost":"NONE","seed_source_timestamp":0,"circlet_count":0,"master_deck":["AscendersBane","Defend_G","Defend_G","Defend_G","Defend_G","Defend_G","Strike_G","Survivor","Neutralize+1","Infinite Blades","Dagger Spray+1","Accuracy","Blade Dance","Backstab+1","Cloak And Dagger+1","Envenom+1","Deflect","Backflip+1","Prepared+1","Dagger Throw","PiercingWail+1"],"special_seed":0,"relics":["Ring of the Snake","NeowsBlessing","Anchor","Golden Idol","Happy Flower","Orichalcum","Bag of Marbles","Busted Crown","Toxic Egg 2","Whetstone","Thread and Needle"],"potions_floor_usage":[28],"damage_taken":[{"damage":0.0,"enemies":"Small Slimes","floor":1.0,"turns":1.0},{"damage":0.0,"enemies":"2 Louse","floor":5.0,"turns":1.0},{"damage":0.0,"enemies":"Jaw Worm","floor":7.0,"turns":1.0},{"damage":10.0,"enemies":"Gremlin Nob","floor":14.0,"turns":4.0},{"damage":12.0,"enemies":"Hexaghost","floor":16.0,"turns":9.0},{"damage":1.0,"enemies":"3 Byrds","floor":18.0,"turns":3.0},{"damage":10,"enemies":"Colosseum Slavers","floor":19,"turns":4},{"damage":19,"enemies":"Chosen","floor":25,"turns":6},{"damage":8,"enemies":"Snecko","floor":27,"turns":4},{"damage":14,"enemies":"Gremlin Leader","floor":28,"turns":6},{"damage":12,"enemies":"Sentry and Sphere","floor":29,"turns":3}],"seed_played":"-2340836103250681907","potions_obtained":[{"floor":1.0,"key":"PowerPotion"},{"floor":5.0,"key":"Explosive Potion"},{"floor":25,"key":"SteroidPotion"}],"is_trial":false,"path_per_floor":["M","?","?","?","M","?","M","?","T","R","T","$","R","E","R","B",null,"M","?","?","T","$","R","?","M","T","M","E","M"],"character_chosen":"THE_SILENT","items_purchased":["Accuracy","Blade Dance","Backstab","Backflip+1"],"campfire_rested":1,"item_purchase_floors":[12,12,12,22],"current_hp_per_floor":[59,59,48,25,25,30,30,19,19,19,19,19,40,30,30,18,58,57,47,47,47,47,47,47,28,28,20,6,0],"gold":118,"neow_bonus":"THREE_ENEMY_KILL","is_prod":false,"is_daily":false,"chose_seed":false,"campfire_upgraded":3,"win_rate":0,"timestamp":1546060746,"path_taken":["M","?","?","?","?","?","M","?","T","R","?","$","R","E","R","BOSS","M","?","?","?","$","R","?","M","T","M","E","M"],"build_version":"2018-12-20","purchased_purges":1,"victory":false,"max_hp_per_floor":[66,66,66,66,66,71,71,71,71,71,71,71,71,71,71,71,71,71,71,71,71,71,71,71,71,71,71,71,71],"card_choices":[{"not_picked":["Deflect","Blade Dance"],"picked":"Infinite Blades","floor":1.0},{"not_picked":["Slice","Outmaneuver","Tactician"],"picked":"SKIP","floor":5.0},{"not_picked":["Prepared","Endless Agony"],"picked":"Dagger Spray","floor":7.0},{"not_picked":["Outmaneuver","Distraction"],"picked":"Cloak And Dagger","floor":14.0},{"not_picked":["Bullet Time","Die Die Die"],"picked":"Envenom","floor":16.0},{"not_picked":[],"picked":"Deflect","floor":18.0},{"not_picked":[],"picked":"Prepared+1","floor":25},{"not_picked":[],"picked":"Dagger Throw","floor":27},{"not_picked":[],"picked":"PiercingWail+1","floor":28}],"player_experience":831771,"relics_obtained":[{"floor":9.0,"key":"Happy Flower"},{"floor":11.0,"key":"Orichalcum"},{"floor":14.0,"key":"Bag of Marbles"},{"floor":21,"key":"Toxic Egg 2"},{"floor":26,"key":"Whetstone"},{"floor":28,"key":"Thread and Needle"}],"event_choices":[{"cards_removed":["Strike_G"],"damage_healed":0.0,"max_hp_gain":0.0,"max_hp_loss":0.0,"gold_gain":0.0,"event_name":"Living Wall","player_choice":"Forget","floor":2.0,"gold_loss":0.0,"damage_taken":0.0},{"damage_healed":0.0,"max_hp_gain":0.0,"max_hp_loss":0.0,"gold_gain":0.0,"event_name":"Scrap Ooze","player_choice":"Success","floor":3.0,"gold_loss":0.0,"damage_taken":11.0,"relics_obtained":["Anchor"]},{"damage_healed":0.0,"max_hp_gain":0.0,"max_hp_loss":0.0,"gold_gain":0.0,"event_name":"Golden Idol","player_choice":"Take Damage","floor":4.0,"gold_loss":0.0,"damage_taken":23.0,"relics_obtained":["Golden Idol"]},{"damage_healed":0.0,"max_hp_gain":5.0,"max_hp_loss":0.0,"gold_gain":0.0,"event_name":"Big Fish","player_choice":"Donut","floor":6.0,"gold_loss":0.0,"damage_taken":0.0},{"damage_healed":0.0,"max_hp_gain":0.0,"max_hp_loss":0.0,"gold_gain":75.0,"event_name":"World of Goop","player_choice":"Gather Gold","floor":8.0,"gold_loss":0.0,"damage_taken":11.0},{"damage_healed":0,"gold_gain":0,"player_choice":"Fight","damage_taken":0,"max_hp_gain":0,"max_hp_loss":0,"event_name":"Colosseum","floor":19,"gold_loss":0},{"damage_healed":0,"gold_gain":0,"player_choice":"Fled From Nobs","damage_taken":0,"max_hp_gain":0,"max_hp_loss":0,"event_name":"Colosseum","floor":19,"gold_loss":0},{"cards_removed":["Strike_G"],"damage_healed":0,"gold_gain":0,"player_choice":"Gave Gold","damage_taken":0,"max_hp_gain":0,"max_hp_loss":0,"event_name":"Beggar","floor":20,"gold_loss":75},{"cards_removed":["Strike_G"],"damage_healed":0,"gold_gain":0,"player_choice":"Elegance","damage_taken":0,"max_hp_gain":0,"max_hp_loss":0,"event_name":"Back to Basics","floor":24,"gold_loss":0}],"is_beta":false,"boss_relics":[{"not_picked":["Coffee Dripper","Orrery"],"picked":"Busted Crown"}],"items_purged_floors":[12],"is_endless":false,"potions_floor_spawned":[1,5,7,19,25],"killed_by":"Sentry and Sphere","ascension_level":18}