{"gold_per_floor":[119,132,132,187,197,197,225,225,225,300,300,265,73,101,101,180,180,193,193,193,193,193,193,213,224,248,248,79,79,79,94,94,169,169,183,196,196,136,148,183,183,195,241,241,261,279,24,44,44,44,44],"floor_reached":52,"playtime":2665,"items_purged":["Perfected Strike"],"score":1781,"play_id":"3bbc3f80-7ca3-4d30-92de-a6af8bb425dc","local_time":"20190216173853","is_ascension_mode":true,"campfire_choices":[{"data":"Armaments","floor":6.0,"key":"SMITH"},{"data":"Bandage Up","floor":8.0,"key":"SMITH"},{"floor":11.0,"key":"REST"},{"data":"Metallicize","floor":15.0,"key":"SMITH"},{"data":"Demon Form","floor":23.0,"key":"SMITH"},{"data":"Pommel Strike","floor":27.0,"key":"SMITH"},{"data":"Clothesline","floor":29.0,"key":"SMITH"},{"data":"Whirlwind","floor":32.0,"key":"SMITH"},{"data":"Bludgeon","floor":41.0,"key":"SMITH"},{"data":"Metallicize","floor":44.0,"key":"SMITH"},{"floor":49.0,"key":"REST"}],"neow_cost":"PERCENT_DAMAGE","seed_source_timestamp":307921179070236,"circlet_count":0,"master_deck":["AscendersBane","Defend_R","Defend_R","Defend_R","Defend_R","Bash","Bandage Up+1","Enlightenment","Shrug It Off","Armaments+1","Metallicize+1","Carnage","Pommel Strike+1","Clothesline+1","Demon Form+1","Heavy Blade","Bite","Bite","Bite","Bite","Bite","Whirlwind+1","Demon Form+1","Bludgeon+1","Metallicize+1","Demon Form+1","Dual Wield+1"],"special_seed":0,"relics":["Burning Blood","Orichalcum","Odd Mushroom","Pocketwatch","Vajra","Oddly Smooth Stone","Snecko Eye","MutagenicStrength","The Courier","Centennial Puzzle","DollysMirror","Pear","Busted Crown","Kunai","Strawberry","Thread and Needle"],"potions_floor_usage":[51,51],"damage_taken":[{"damage":8.0,"enemies":"2 Louse","floor":1.0,"turns":4.0},{"damage":13.0,"enemies":"Jaw Worm","floor":2.0,"turns":5.0},{"damage":1.0,"enemies":"Small Slimes","floor":5.0,"turns":5.0},{"damage":12.0,"enemies":"The Mushroom Lair","floor":7.0,"turns":7.0},{"damage":28.0,"enemies":"Lagavulin","floor":14.0,"turns":6.0},{"damage":29.0,"enemies":"Hexaghost","floor":16.0,"turns":11.0},{"damage":9.0,"enemies":"Shell Parasite","floor":18.0,"turns":4.0},{"damage":3.0,"enemies":"Chosen","floor":24.0,"turns":4.0},{"damage":0.0,"enemies":"Centurion and Healer","floor":25.0,"turns":4.0},{"damage":6.0,"enemies":"Chosen and Byrds","floor":31.0,"turns":5.0},{"damage":3.0,"enemies":"Champ","floor":33.0,"turns":7.0},{"damage":1.0,"enemies":"Orb Walker","floor":35.0,"turns":2.0},{"damage":10.0,"enemies":"3 Shapes","floor":36.0,"turns":4.0},{"damage":0.0,"enemies":"Transient","floor":39.0,"turns":6.0},{"damage":40.0,"enemies":"Reptomancer","floor":40.0,"turns":6.0},{"damage":1.0,"enemies":"Maw","floor":42.0,"turns":5.0},{"damage":12.0,"enemies":"3 Darklings","floor":45.0,"turns":4.0},{"damage":9.0,"enemies":"4 Shapes","floor":46.0,"turns":5.0},{"damage":23.0,"enemies":"Maw","floor":48.0,"turns":6.0},{"damage":8.0,"enemies":"Time Eater","floor":50.0,"turns":6.0},{"damage":80,"enemies":"Awakened One","floor":51,"turns":9}],"seed_played":"-1026862227729968956","potions_obtained":[{"floor":2.0,"key":"EssenceOfSteel"},{"floor":5.0,"key":"Energy Potion"},{"floor":14.0,"key":"Dexterity Potion"},{"floor":18.0,"key":"Block Potion"},{"floor":33.0,"key":"FearPotion"},{"floor":40.0,"key":"Fruit Juice"},{"floor":46.0,"key":"AttackPotion"}],"is_trial":false,"path_per_floor":["M","M","?","T","M","R","?","R","T","?","R","?","$","E","R","B",null,"M","?","?","?","T","R","M","M","T","R","$","R","T","M","R","B",null,"M","M","?","$","M","E","R","M","T","R","M","M","$","M","R","B","B",null],"character_chosen":"IRONCLAD","items_purchased":["Vajra","Pommel Strike","DollysMirror","Thread and Needle"],"campfire_rested":2,"item_purchase_floors":[13,13,28,47],"current_hp_per_floor":[52,49,42,42,51,51,49,49,49,38,60,75,75,59,59,42,67,70,52,52,52,52,52,52,52,52,52,52,52,62,62,62,62,62,62,62,62,62,62,51,51,67,74,74,72,74,74,66,74,74,26],"gold":44,"neow_bonus":"RANDOM_COLORLESS_2","is_prod":false,"is_daily":false,"chose_seed":false,"campfire_upgraded":9,"win_rate":0,"timestamp":1550338733,"path_taken":["M","M","?","?","M","R","?","R","T","?","R","?","?","E","R","BOSS","M","?","?","?","?","R","M","M","T","R","$","R","?","M","R","BOSS","M","?","?","$","M","E","R","M","T","R","?","M","$","M","R","BOSS","BOSS"],"build_version":"2019-01-23","purchased_purges":1,"victory":true,"max_hp_per_floor":[75,75,75,75,75,75,75,75,75,75,75,75,75,75,75,75,75,75,52,52,52,52,52,52,52,52,52,52,52,62,62,62,62,62,62,62,62,62,62,67,67,67,74,74,74,74,74,74,74,74,74],"card_choices":[{"not_picked":["Dropkick","Wild Strike"],"picked":"Shrug It Off","floor":1.0},{"not_picked":["Iron Wave","Blood for Blood"],"picked":"Armaments","floor":2.0},{"not_picked":["Heavy Blade","Infernal Blade"],"picked":"Metallicize","floor":5.0},{"not_picked":["Ghostly Armor","Shrug It Off"],"picked":"Carnage","floor":7.0},{"not_picked":["Exhume","Flex"],"picked":"Clothesline","floor":14.0},{"not_picked":["Bludgeon","Exhume"],"picked":"Demon Form","floor":16.0},{"not_picked":["Hemokinesis","Havoc"],"picked":"Heavy Blade","floor":18.0},{"not_picked":["Searing Blow+1","Whirlwind","Inflame+1"],"picked":"SKIP","floor":24.0},{"not_picked":["Searing Blow+1","Inflame+1"],"picked":"Whirlwind","floor":24.0},{"not_picked":["Intimidate","Anger+1","Headbutt+1"],"picked":"SKIP","floor":25.0},{"not_picked":["Wild Strike","Whirlwind"],"picked":"Perfected Strike","floor":31.0},{"not_picked":["Exhume","Immolate"],"picked":"Bludgeon","floor":33.0},{"not_picked":[],"picked":"Metallicize","floor":35.0},{"not_picked":["Clash"],"picked":"SKIP","floor":36.0},{"not_picked":["Clothesline"],"picked":"SKIP","floor":39.0},{"not_picked":["True Grit+1"],"picked":"SKIP","floor":40.0},{"not_picked":["Rupture"],"picked":"SKIP","floor":42.0},{"not_picked":[],"picked":"Dual Wield+1","floor":45.0},{"not_picked":["Thunderclap"],"picked":"SKIP","floor":46.0},{"not_picked":["Sentinel"],"picked":"SKIP","floor":48.0}],"player_experience":1305081,"relics_obtained":[{"floor":4.0,"key":"Orichalcum"},{"floor":7.0,"key":"Odd Mushroom"},{"floor":9.0,"key":"Pocketwatch"},{"floor":14.0,"key":"Oddly Smooth Stone"},{"floor":22.0,"key":"The Courier"},{"floor":26.0,"key":"Centennial Puzzle"},{"floor":30.0,"key":"Pear"},{"floor":40.0,"key":"Kunai"},{"floor":43.0,"key":"Strawberry"}],"event_choices":[{"cards_removed":["Strike_R"],"damage_healed":0.0,"max_hp_gain":0.0,"max_hp_loss":0.0,"gold_gain":0.0,"event_name":"Golden Wing","player_choice":"Card Removal","floor":3.0,"gold_loss":0.0,"damage_taken":7.0},{"damage_healed":0.0,"max_hp_gain":0.0,"max_hp_loss":0.0,"gold_gain":0.0,"event_name":"Mushrooms","player_choice":"Fought Mushrooms","floor":7.0,"gold_loss":0.0,"damage_taken":0.0},{"damage_healed":0.0,"max_hp_gain":0.0,"max_hp_loss":0.0,"gold_gain":75.0,"event_name":"World of Goop","player_choice":"Gather Gold","floor":10.0,"gold_loss":0.0,"damage_taken":11.0},{"damage_healed":18.0,"max_hp_gain":0.0,"max_hp_loss":0.0,"gold_gain":0.0,"event_name":"The Cleric","player_choice":"Healed","floor":12.0,"gold_loss":35.0,"damage_taken":0.0},{"damage_healed":0.0,"max_hp_gain":0.0,"max_hp_loss":23.0,"gold_gain":0.0,"event_name":"Vampires","player_choice":"Became a vampire","floor":19.0,"gold_loss":0.0,"damage_taken":0.0,"cards_obtained":["Bite","Bite","Bite","Bite","Bite"]},{"damage_healed":0.0,"max_hp_gain":0.0,"max_hp_loss":0.0,"gold_gain":0.0,"event_name":"Ghosts","player_choice":"Ignored","floor":20.0,"gold_loss":0.0,"damage_taken":0.0},{"damage_healed":0.0,"max_hp_gain":0.0,"max_hp_loss":0.0,"gold_gain":0.0,"event_name":"Drug Dealer","player_choice":"Inject Mutagens","floor":21.0,"gold_loss":0.0,"damage_taken":0.0,"relics_obtained":["MutagenicStrength"]},{"damage_healed":0.0,"max_hp_gain":0.0,"max_hp_loss":0.0,"gold_gain":0.0,"event_name":"Duplicator","player_choice":"Copied","floor":37.0,"gold_loss":0.0,"damage_taken":0.0,"cards_obtained":["Demon Form"]}],"is_beta":false,"boss_relics":[{"not_picked":["Velvet Choker","Eternal Feather"],"picked":"Snecko Eye"},{"not_picked":["Black Blood","Tiny House"],"picked":"Busted Crown"}],"items_purged_floors":[38],"is_endless":false,"potions_floor_spawned":[2,5,14,18,25,33,35,40,46],"ascension_level":20}