{"gold_per_floor":[217,18,36,36,50,50,62,10,35,66,81,81,156,173,173,244,244,264,11,29,129,145,145],"floor_reached":23,"playtime":2994,"items_purged":["Strike_B","Strike_B"],"score":328,"play_id":"e3e116d2-3688-4805-bfea-54f0b7c97359","local_time":"20190216123625","is_ascension_mode":true,"campfire_choices":[{"data":"Echo Form","floor":12.0,"key":"SMITH"},{"data":"Zap","floor":15.0,"key":"SMITH"}],"neow_cost":"NONE","seed_source_timestamp":0,"circlet_count":0,"master_deck":["AscendersBane","Strike_B","Strike_B","Defend_B","Defend_B","Defend_B","Defend_B","Zap+1","Dualcast","Self Repair","Coolheaded","BootSequence","Echo Form+1","Go for the Eyes","Ball Lightning","Reboot","Conserve Battery","Skim","Cold Snap"],"special_seed":0,"relics":["Cracked Core","Anchor","Happy Flower","FossilizedHelix","Fusion Hammer","Bag of Preparation","Peace Pipe","Frozen Egg 2"],"potions_floor_usage":[],"damage_taken":[{"damage":5.0,"enemies":"2 Louse","floor":1.0,"turns":3.0},{"damage":4.0,"enemies":"Jaw Worm","floor":3.0,"turns":5.0},{"damage":3.0,"enemies":"Cultist","floor":5.0,"turns":5.0},{"damage":15.0,"enemies":"Large Slime","floor":7.0,"turns":7.0},{"damage":36.0,"enemies":"3 Sentries","floor":10.0,"turns":12.0},{"damage":8.0,"enemies":"3 Louse","floor":11.0,"turns":3.0},{"damage":0.0,"enemies":"Looter","floor":14.0,"turns":3.0},{"damage":3.0,"enemies":"The Guardian","floor":16.0,"turns":14.0},{"damage":11.0,"enemies":"2 Thieves","floor":18.0,"turns":5.0},{"damage":2,"enemies":"Shell Parasite","floor":20,"turns":5},{"damage":0,"enemies":"Colosseum Slavers","floor":21,"turns":6},{"damage":62,"enemies":"Colosseum Nobs","floor":21,"turns":7},{"damage":6,"enemies":"Centurion and Healer","floor":22,"turns":5},{"damage":28,"enemies":"Book of Stabbing","floor":23,"turns":5}],"seed_played":"8771728542880842287","potions_obtained":[{"floor":3.0,"key":"Fire Potion"},{"floor":5.0,"key":"FocusPotion"},{"floor":10.0,"key":"Energy Potion"},{"floor":14.0,"key":"FairyPotion"},{"floor":18.0,"key":"FairyPotion"}],"is_trial":false,"path_per_floor":["M","$","M","?","M","?","M","$","T","E","M","R","?","M","R","B",null,"M","$","M","?","M","E"],"character_chosen":"DEFECT","items_purchased":["Coolheaded","BootSequence","Dexterity Potion","Bag of Preparation"],"campfire_rested":0,"item_purchase_floors":[2,2,8,19],"current_hp_per_floor":[59,59,62,62,66,66,58,58,58,36,35,35,24,31,31,35,62,51,51,56,8,9,0],"gold":145,"neow_bonus":"HUNDRED_GOLD","is_prod":false,"is_daily":false,"chose_seed":false,"campfire_upgraded":2,"win_rate":0,"timestamp":1550342185,"path_taken":["M","$","M","?","M","?","?","$","T","E","M","R","?","M","R","BOSS","M","$","M","?","M","E"],"build_version":"2019-01-23","purchased_purges":2,"victory":false,"max_hp_per_floor":[71,71,71,71,71,71,71,71,71,71,71,71,71,71,71,71,71,71,71,71,71,71,71],"card_choices":[{"not_picked":["Turbo","Chaos"],"picked":"Self Repair","floor":1.0},{"not_picked":["Redo","Stack","Steam"],"picked":"SKIP","floor":3.0},{"not_picked":["Redo","Stack","Steam"],"picked":"SKIP","floor":3.0},{"not_picked":["Gash","Steam","Compile Driver"],"picked":"SKIP","floor":5.0},{"not_picked":["Streamline","Skim"],"picked":"Echo Form","floor":7.0},{"not_picked":["Doom and Gloom","Darkness"],"picked":"Go for the Eyes","floor":10.0},{"not_picked":["BootSequence","Go for the Eyes"],"picked":"Ball Lightning","floor":11.0},{"not_picked":["Beam Cell","Compile Driver","Barrage"],"picked":"SKIP","floor":14.0},{"not_picked":["Beam Cell","Compile Driver","Barrage"],"picked":"SKIP","floor":14.0},{"not_picked":["Amplify","Thunder Strike"],"picked":"Reboot","floor":16.0},{"not_picked":["Sweeping Beam","Streamline","Turbo+1"],"picked":"SKIP","floor":18.0},{"not_picked":["Chaos","Barrage"],"picked":"Conserve Battery","floor":20},{"not_picked":["Compile Driver","Hologram"],"picked":"Skim","floor":21},{"not_picked":["Hello World+1","Stack"],"picked":"Cold Snap","floor":22}],"player_experience":362180,"relics_obtained":[{"floor":9.0,"key":"Happy Flower"},{"floor":10.0,"key":"FossilizedHelix"},{"floor":21,"key":"Peace Pipe"},{"floor":21,"key":"Frozen Egg 2"}],"event_choices":[{"damage_healed":0.0,"max_hp_gain":0.0,"max_hp_loss":0.0,"gold_gain":0.0,"event_name":"The Cleric","player_choice":"Leave","floor":4.0,"gold_loss":0.0,"damage_taken":0.0},{"damage_healed":0.0,"max_hp_gain":0.0,"max_hp_loss":0.0,"gold_gain":0.0,"event_name":"WeMeetAgain","player_choice":"Gave Potion","floor":6.0,"gold_loss":0.0,"damage_taken":0.0,"relics_obtained":["Anchor"]},{"damage_healed":0.0,"max_hp_gain":0.0,"max_hp_loss":0.0,"gold_gain":75.0,"event_name":"World of Goop","player_choice":"Gather Gold","floor":13.0,"gold_loss":0.0,"damage_taken":11.0},{"damage_healed":0,"gold_gain":0,"player_choice":"Fight","damage_taken":0,"max_hp_gain":0,"max_hp_loss":0,"event_name":"Colosseum","floor":21,"gold_loss":0},{"damage_healed":0,"gold_gain":0,"player_choice":"Fought Nobs","damage_taken":0,"max_hp_gain":0,"max_hp_loss":0,"event_name":"Colosseum","floor":21,"gold_loss":0}],"is_beta":false,"boss_relics":[{"not_picked":["Velvet Choker","Black Star"],"picked":"Fusion Hammer"}],"items_purged_floors":[2,19],"is_endless":false,"potions_floor_spawned":[3,5,10,14,18,21],"killed_by":"Book of Stabbing","ascension_level":14}