{"gold_per_floor":[115,125,125,75,95,95,95,129,129,143,159,159,174,174,174,278,278,298,325,336,336,354,354],"floor_reached":23,"playtime":1962,"items_purged":[],"score":218,"play_id":"f17f9b95-15ec-4293-a0f7-02761e013082","local_time":"20180825133425","is_ascension_mode":false,"campfire_choices":[{"data":"Neutralize","floor":6,"key":"SMITH"},{"data":"Backflip","floor":12,"key":"SMITH"},{"floor":15,"key":"REST"}],"neow_cost":"NONE","seed_source_timestamp":104985170439977,"circlet_count":0,"master_deck":["Defend_G","Defend_G","Defend_G","Defend_G+1","Strike_G","Strike_G","Strike_G+1","Strike_G+1","Strike_G+1","Survivor+1","Neutralize+1","Backflip+1","Sucker Punch+1","Endless Agony","Underhanded Strike","Terror+1","Blur+1","Leg Sweep+1","Regret","After Image","Pain","Deadly Poison+1","Distraction+1","Poisoned Stab"],"relics":["Busted Crown","Mercury Hourglass","Bottled Flame","Toxic Egg 2","Omamori","Calling Bell","War Paint","Matryoshka","Unceasing Top","Strawberry","Whetstone"],"potions_floor_usage":[23,23],"damage_taken":[{"damage":2,"enemies":"2 Louse","floor":1,"turns":2},{"damage":0,"enemies":"Jaw Worm","floor":2,"turns":5},{"damage":0,"enemies":"Cultist","floor":5,"turns":4},{"damage":0,"enemies":"Gremlin Nob","floor":8,"turns":4},{"damage":0,"enemies":"Blue Slaver","floor":10,"turns":3},{"damage":6,"enemies":"Exordium Thugs","floor":11,"turns":3},{"damage":0,"enemies":"Large Slime","floor":13,"turns":5},{"damage":25,"enemies":"Slime Boss","floor":16,"turns":15},{"damage":16,"enemies":"Spheric Guardian","floor":18,"turns":6},{"damage":8,"enemies":"2 Thieves","floor":20,"turns":4},{"damage":4,"enemies":"3 Cultists","floor":22,"turns":6},{"damage":53,"enemies":"Gremlin Leader","floor":23,"turns":6}],"seed_played":"9101365797511931263","potions_obtained":[{"floor":2,"key":"Block Potion"},{"floor":10,"key":"GamblersBrew"},{"floor":11,"key":"Weak Potion"},{"floor":22,"key":"Energy Potion"}],"is_trial":false,"path_per_floor":["M","M","?","?","M","R","T","E","T","M","M","R","M","?","R","B",null,"M","T","M","?","M"],"character_chosen":"THE_SILENT","items_purchased":[],"campfire_rested":1,"item_purchase_floors":[],"current_hp_per_floor":[68,68,54,54,54,54,54,54,54,54,48,48,48,48,69,44,70,54,61,53,53,49,0],"gold":354,"neow_bonus":"BOSS_RELIC","is_prod":false,"is_daily":false,"chose_seed":false,"campfire_upgraded":2,"win_rate":0.0,"timestamp":1535169865,"path_taken":["M","M","?","?","M","R","?","E","T","?","M","R","M","?","R","BOSS","M","?","M","?","?","E"],"build_version":"2018-08-23v2","purchased_purges":0,"victory":false,"max_hp_per_floor":[70,70,70,70,70,70,70,70,70,70,70,70,70,70,70,70,70,70,77,77,77,77,77],"card_choices":[{"not_picked":[],"picked":"Backflip","floor":1},{"not_picked":[],"picked":"Sucker Punch","floor":2},{"not_picked":[],"picked":"Endless Agony","floor":5},{"not_picked":[],"picked":"Underhanded Strike","floor":8},{"not_picked":[],"picked":"Terror+1","floor":10},{"not_picked":[],"picked":"Blur+1","floor":11},{"not_picked":[],"picked":"Leg Sweep+1","floor":13},{"not_picked":[],"picked":"After Image","floor":16},{"not_picked":[],"picked":"Deadly Poison+1","floor":18},{"not_picked":[],"picked":"Distraction+1","floor":20},{"not_picked":[],"picked":"Poisoned Stab","floor":22}],"player_experience":32147,"relics_obtained":[{"floor":7,"key":"Mercury Hourglass"},{"floor":8,"key":"Bottled Flame"},{"floor":9,"key":"Toxic Egg 2"},{"floor":17,"key":"War Paint"},{"floor":17,"key":"Matryoshka"},{"floor":17,"key":"Unceasing Top"},{"floor":19,"key":"Strawberry"},{"floor":19,"key":"Whetstone"}],"event_choices":[{"event_name":"Shining Light","player_choice":"Entered Light","floor":3,"damage_taken":0},{"event_name":"The Cleric","player_choice":"Card Removal","floor":4,"damage_taken":0},{"event_name":"Big Fish","player_choice":"Box","floor":14,"damage_taken":0},{"event_name":"Ghosts","player_choice":"Ignored","floor":21,"damage_taken":0}],"is_beta":false,"boss_relics":[{"not_picked":["HoveringKite","Black Star"],"picked":"Calling Bell"}],"items_purged_floors":[],"is_endless":false,"potions_floor_spawned":[2,10,11,13,22],"killed_by":"Gremlin Leader","ascension_level":0}