{"gold_per_floor":[113,113,125,125,136,136,11,11,11,11,28,28,47,47],"floor_reached":14,"playtime":558,"items_purged":["Strike_R"],"score":88,"play_id":"9f33f9bc-2a1c-4fef-aaf7-2d9a11e384f1","local_time":"20180901141049","is_ascension_mode":true,"campfire_choices":[{"data":"Uppercut","floor":6,"key":"SMITH"},{"data":"True Grit","floor":8,"key":"SMITH"},{"data":"Headbutt","floor":10,"key":"SMITH"}],"neow_cost":"PERCENT_DAMAGE","seed_source_timestamp":369723976120567,"circlet_count":0,"master_deck":["Strike_R","Strike_R","Strike_R","Strike_R","Defend_R","Defend_R","Defend_R","Defend_R+1","Bash","Barricade+1","Headbutt+1","Uppercut+1","True Grit+1"],"relics":["Burning Blood","Kunai"],"potions_floor_usage":[11,13],"damage_taken":[{"damage":10,"enemies":"Small Slimes","floor":1,"turns":3},{"damage":13,"enemies":"Jaw Worm","floor":3,"turns":5},{"damage":0,"enemies":"Cultist","floor":5,"turns":4},{"damage":0,"enemies":"Looter","floor":11,"turns":3},{"damage":40,"enemies":"Gremlin Gang","floor":13,"turns":8},{"damage":25,"enemies":"Lots of Slimes","floor":14,"turns":2}],"seed_played":"718157727163959475","potions_obtained":[{"floor":3,"key":"Explosive Potion"},{"floor":5,"key":"Block Potion"},{"floor":13,"key":"Fire Potion"}],"is_trial":false,"path_per_floor":["M","?","M","?","M","R","$","R","T","R","M","?","M"],"character_chosen":"IRONCLAD","items_purchased":["True Grit"],"campfire_rested":0,"item_purchase_floors":[7],"current_hp_per_floor":[52,52,45,45,51,51,51,51,51,51,57,57,23,0],"gold":47,"neow_bonus":"THREE_RARE_CARDS","is_prod":false,"is_daily":false,"chose_seed":false,"campfire_upgraded":3,"win_rate":0,"timestamp":1535776849,"path_taken":["M","?","M","?","M","R","$","R","T","R","?","?","?","M"],"build_version":"2018-08-30","purchased_purges":1,"victory":false,"max_hp_per_floor":[80,80,80,80,80,80,80,80,80,80,80,80,80,80],"card_choices":[{"not_picked":["Brutality","Juggernaut"],"picked":"Barricade","floor":0},{"not_picked":["Rampage","Perfected Strike"],"picked":"Headbutt","floor":1},{"not_picked":["Power Through","Anger","Perfected Strike"],"picked":"SKIP","floor":3},{"not_picked":["Bloodletting","Clash"],"picked":"Uppercut","floor":5},{"not_picked":["Pummel","Warcry","Thunderclap"],"picked":"SKIP","floor":11},{"not_picked":["Wild Strike","Sword Boomerang","Thunderclap"],"picked":"SKIP","floor":13}],"player_experience":95583,"relics_obtained":[{"floor":9,"key":"Kunai"}],"event_choices":[{"event_name":"Living Wall","player_choice":"Grow","floor":2,"damage_taken":0},{"event_name":"Accursed Blacksmith","player_choice":"Forge","floor":4,"damage_taken":0},{"event_name":"The Cleric","player_choice":"Leave","floor":12,"damage_taken":0}],"is_beta":false,"boss_relics":[],"items_purged_floors":[7],"is_endless":false,"potions_floor_spawned":[3,5,13],"killed_by":"Lots of Slimes","ascension_level":2}