{"gold_per_floor":[116,131,131,56,56,87,87,102,102,118,118,64,88,124,124,218,218,241,241,141,159,174,174,217,217,274,292,342,342,358,381,381,474,474,492,552,81,99,123,123,138,171,216,13,34,34,34],"floor_reached":48,"playtime":4693,"items_purged":["Strike_R","Strike_R","Strike_R"],"score":1211,"play_id":"900e7e60-84e9-4b64-822b-d30dbc4c2572","local_time":"20190119041811","is_ascension_mode":true,"campfire_choices":[{"data":"True Grit","floor":11.0,"key":"SMITH"},{"data":"True Grit","floor":15.0,"key":"SMITH"},{"data":"Heavy Blade","floor":23.0,"key":"SMITH"},{"data":"Uppercut","floor":25.0,"key":"SMITH"},{"data":"Demon Form","floor":29.0,"key":"SMITH"},{"data":"Shockwave","floor":32.0,"key":"SMITH"},{"floor":40.0,"key":"REST"}],"neow_cost":"NONE","seed_source_timestamp":14363906455262,"circlet_count":0,"master_deck":["AscendersBane","Strike_R","Defend_R","Defend_R","Defend_R+1","Defend_R","Bash","Heavy Blade+1","Whirlwind+1","True Grit+1","True Grit+1","Shrug It Off","Double Tap+1","Battle Trance","Demon Form+1","Shockwave+1","Uppercut+1","Shrug It Off","Flame Barrier","Warcry+1"],"special_seed":0,"relics":["Burning Blood","NeowsBlessing","Golden Idol","Calipers","Charon\u0027s Ashes","War Paint","Velvet Choker","FossilizedHelix","Tiny Chest","Fusion Hammer","Thread and Needle","Bag of Marbles","DollysMirror","Bottled Lightning","Boot","Lantern"],"potions_floor_usage":[47],"damage_taken":[{"damage":0.0,"enemies":"Cultist","floor":1.0,"turns":1.0},{"damage":0.0,"enemies":"Small Slimes","floor":2.0,"turns":1.0},{"damage":0.0,"enemies":"3 Sentries","floor":6.0,"turns":2.0},{"damage":0.0,"enemies":"2 Louse","floor":8.0,"turns":2.0},{"damage":5.0,"enemies":"Red Slaver","floor":10.0,"turns":5.0},{"damage":2.0,"enemies":"Looter","floor":13.0,"turns":5.0},{"damage":16.0,"enemies":"Gremlin Nob","floor":14.0,"turns":4.0},{"damage":5.0,"enemies":"The Guardian","floor":16.0,"turns":12.0},{"damage":9.0,"enemies":"Shell Parasite","floor":18.0,"turns":6.0},{"damage":0.0,"enemies":"3 Byrds","floor":21.0,"turns":3.0},{"damage":15.0,"enemies":"Cultist and Chosen","floor":22.0,"turns":5.0},{"damage":5.0,"enemies":"Book of Stabbing","floor":24.0,"turns":4.0},{"damage":5.0,"enemies":"Shelled Parasite and Fungi","floor":27.0,"turns":4.0},{"damage":0.0,"enemies":"Centurion and Healer","floor":30.0,"turns":4.0},{"damage":0.0,"enemies":"3 Cultists","floor":31.0,"turns":3.0},{"damage":50.0,"enemies":"Collector","floor":33.0,"turns":8.0},{"damage":0.0,"enemies":"Orb Walker","floor":35.0,"turns":3.0},{"damage":36.0,"enemies":"2 Orb Walkers","floor":36.0,"turns":4.0},{"damage":0.0,"enemies":"3 Shapes","floor":38.0,"turns":3.0},{"damage":0.0,"enemies":"Maw","floor":39.0,"turns":5.0},{"damage":0.0,"enemies":"Jaw Worm Horde","floor":41.0,"turns":2.0},{"damage":3.0,"enemies":"Reptomancer","floor":42.0,"turns":6.0},{"damage":0.0,"enemies":"3 Darklings","floor":45.0,"turns":1.0},{"damage":95,"enemies":"Donu and Deca","floor":47,"turns":8}],"seed_played":"4951809727638879992","potions_obtained":[{"floor":1.0,"key":"Weak Potion"},{"floor":2.0,"key":"SneckoOil"},{"floor":14.0,"key":"SkillPotion"},{"floor":18.0,"key":"Energy Potion"},{"floor":22.0,"key":"PowerPotion"},{"floor":30.0,"key":"Strength Potion"},{"floor":31.0,"key":"PowerPotion"},{"floor":35.0,"key":"FairyPotion"},{"floor":36.0,"key":"Weak Potion"}],"is_trial":false,"path_per_floor":["M","M","?","$","?","E","?","M","T","M","R","$","M","E","R","B",null,"M","?","$","M","M","R","E","R","T","M","?","R","M","M","R","B",null,"M","?","$","M","M","R","M","E","T","$","M","?","B",null],"character_chosen":"IRONCLAD","items_purchased":["Shrug It Off","Bag of Marbles","DollysMirror","Lantern","SkillPotion"],"campfire_rested":1,"item_purchase_floors":[12,37,37,44,44],"current_hp_per_floor":[74,75,49,49,42,48,48,54,54,55,55,55,59,49,49,50,69,66,66,66,72,63,63,64,64,64,65,65,65,71,75,75,31,64,70,40,40,46,52,74,75,75,75,75,75,75,13],"gold":34,"neow_bonus":"THREE_ENEMY_KILL","is_prod":false,"is_daily":false,"chose_seed":false,"campfire_upgraded":6,"win_rate":0,"timestamp":1547864291,"path_taken":["M","M","?","$","?","E","?","?","T","M","R","?","M","E","R","BOSS","M","?","$","M","M","R","E","R","T","M","?","R","?","M","R","BOSS","M","?","$","M","M","R","M","E","T","$","M","?","BOSS"],"build_version":"2019-01-17v2","purchased_purges":3,"victory":true,"max_hp_per_floor":[75,75,75,75,75,75,75,75,75,75,75,75,75,75,75,75,75,75,75,75,75,75,75,75,75,75,75,75,75,75,75,75,75,75,75,75,75,75,75,75,75,75,75,75,75,75,75],"card_choices":[{"not_picked":["Sentinel","Havoc"],"picked":"Heavy Blade","floor":1.0},{"not_picked":["True Grit","Rampage"],"picked":"Whirlwind","floor":2.0},{"not_picked":["Wild Strike","Flame Barrier"],"picked":"True Grit","floor":6.0},{"not_picked":["Cleave","Thunderclap"],"picked":"True Grit","floor":8.0},{"not_picked":["Exhume","Thunderclap","Clothesline"],"picked":"SKIP","floor":10.0},{"not_picked":["Iron Wave","Intimidate"],"picked":"Double Tap","floor":13.0},{"not_picked":["Shrug It Off","Body Slam"],"picked":"Battle Trance","floor":14.0},{"not_picked":["Immolate","Juggernaut"],"picked":"Demon Form","floor":16.0},{"not_picked":["Searing Blow","Twin Strike"],"picked":"Shockwave","floor":18.0},{"not_picked":["Headbutt","Armaments+1"],"picked":"Uppercut","floor":21.0},{"not_picked":["Flex","Fire Breathing","Sever Soul"],"picked":"SKIP","floor":22.0},{"not_picked":["Anger","Perfected Strike","Whirlwind"],"picked":"SKIP","floor":24.0},{"not_picked":["Sever Soul+1","Heavy Blade","Perfected Strike"],"picked":"SKIP","floor":27.0},{"not_picked":["Sword Boomerang","Heavy Blade","Intimidate"],"picked":"SKIP","floor":30.0},{"not_picked":["Iron Wave+1","Brutality","Armaments"],"picked":"SKIP","floor":31.0},{"not_picked":["Blood for Blood","Armaments","Warcry"],"picked":"SKIP","floor":35.0},{"not_picked":["Anger","Intimidate"],"picked":"Flame Barrier","floor":38.0},{"not_picked":["Cleave+1","Headbutt"],"picked":"Warcry+1","floor":39.0},{"not_picked":["Rage","Sentinel+1","Warcry"],"picked":"SKIP","floor":41.0},{"not_picked":["Armaments+1","Sword Boomerang","Cleave+1"],"picked":"SKIP","floor":42.0},{"not_picked":["Armaments+1","Sword Boomerang","Cleave+1"],"picked":"SKIP","floor":42.0},{"not_picked":["Warcry","Clash+1","Twin Strike"],"picked":"SKIP","floor":45.0}],"player_experience":882510,"relics_obtained":[{"floor":6.0,"key":"Calipers"},{"floor":9.0,"key":"Charon\u0027s Ashes"},{"floor":14.0,"key":"War Paint"},{"floor":24.0,"key":"FossilizedHelix"},{"floor":26.0,"key":"Tiny Chest"},{"floor":36.0,"key":"Thread and Needle"},{"floor":42.0,"key":"Bottled Lightning"},{"floor":43.0,"key":"Boot"}],"event_choices":[{"damage_healed":0.0,"max_hp_gain":0.0,"max_hp_loss":0.0,"gold_gain":0.0,"event_name":"Golden Idol","player_choice":"Take Damage","floor":3.0,"gold_loss":0.0,"damage_taken":26.0,"relics_obtained":["Golden Idol"]},{"cards_removed":["Strike_R"],"damage_healed":0.0,"max_hp_gain":0.0,"max_hp_loss":0.0,"gold_gain":0.0,"event_name":"Golden Wing","player_choice":"Card Removal","floor":5.0,"gold_loss":0.0,"damage_taken":7.0},{"damage_healed":0.0,"max_hp_gain":0.0,"max_hp_loss":0.0,"gold_gain":0.0,"event_name":"Accursed Blacksmith","player_choice":"Forge","floor":7.0,"gold_loss":0.0,"damage_taken":0.0,"cards_upgraded":["Whirlwind"]},{"damage_healed":0.0,"max_hp_gain":0.0,"max_hp_loss":0.0,"gold_gain":0.0,"event_name":"Vampires","player_choice":"Ignored","floor":19.0,"gold_loss":0.0,"damage_taken":0.0},{"damage_healed":0.0,"max_hp_gain":0.0,"max_hp_loss":0.0,"gold_gain":50.0,"event_name":"Golden Shrine","player_choice":"Pray","floor":28.0,"gold_loss":0.0,"damage_taken":0.0},{"damage_healed":0.0,"max_hp_gain":0.0,"max_hp_loss":0.0,"gold_gain":0.0,"event_name":"Mysterious Sphere","player_choice":"Fight","floor":36.0,"gold_loss":0.0,"damage_taken":0.0},{"damage_healed":0.0,"max_hp_gain":0.0,"max_hp_loss":0.0,"gold_gain":0.0,"event_name":"SecretPortal","player_choice":"Took Portal","floor":46.0,"gold_loss":0.0,"damage_taken":0.0}],"is_beta":false,"boss_relics":[{"not_picked":["Sozu","Runic Cube"],"picked":"Velvet Choker"},{"not_picked":["Runic Dome","Mark of Pain"],"picked":"Fusion Hammer"}],"items_purged_floors":[4,20,37],"is_endless":false,"potions_floor_spawned":[1,2,13,14,18,22,30,31,35,36],"ascension_level":15}