{"gold_per_floor":[20,20,20,33,57,57,92,92,92,92,18,34,69,94,94,218,218,233,233,4,4,4],"floor_reached":22,"playtime":1113,"items_purged":["Strike_R"],"score":211,"play_id":"b753028e-38fd-45ea-a01b-9e135acd3e1f","local_time":"20180902131034","is_ascension_mode":true,"campfire_choices":[{"data":"Armaments","floor":6,"key":"SMITH"},{"data":"Spot Weakness","floor":8,"key":"SMITH"},{"data":"Metallicize","floor":15,"key":"SMITH"}],"neow_cost":"NO_GOLD","seed_source_timestamp":451959268960103,"circlet_count":0,"master_deck":["Strike_R","Strike_R","Strike_R","Strike_R","Defend_R","Defend_R","Defend_R","Defend_R","Bash","Entrench","Armaments+1","Spot Weakness+1","Metallicize+1","Inflame","Thunderclap","Demon Form","Shrug It Off"],"relics":["Burning Blood","Magic Flower","Golden Idol","Gambling Chip","Paper Frog","Pantograph","Black Star","Enchiridion","Juzu Bracelet","Toxic Egg 2"],"potions_floor_usage":[7,7,16,16],"damage_taken":[{"damage":13,"enemies":"Jaw Worm","floor":1,"turns":4},{"damage":3,"enemies":"2 Louse","floor":4,"turns":4},{"damage":7,"enemies":"Small Slimes","floor":5,"turns":4},{"damage":34,"enemies":"Gremlin Nob","floor":7,"turns":5},{"damage":6,"enemies":"3 Louse","floor":12,"turns":4},{"damage":17,"enemies":"Lagavulin","floor":13,"turns":9},{"damage":0,"enemies":"Blue Slaver","floor":14,"turns":4},{"damage":28,"enemies":"Hexaghost","floor":16,"turns":10},{"damage":59,"enemies":"Spheric Guardian","floor":18,"turns":8},{"damage":20,"enemies":"Chosen","floor":22,"turns":6}],"seed_played":"8104301706077698415","potions_obtained":[{"floor":1,"key":"SkillPotion"},{"floor":4,"key":"Ancient Potion"},{"floor":5,"key":"Explosive Potion"},{"floor":13,"key":"Weak Potion"},{"floor":18,"key":"Energy Potion"}],"is_trial":false,"path_per_floor":["M","?","?","M","M","R","E","R","T","?","$","M","E","M","R","B",null,"M","?","$","T"],"character_chosen":"IRONCLAD","items_purchased":["Metallicize","Juzu Bracelet"],"campfire_rested":0,"item_purchase_floors":[11,20],"current_hp_per_floor":[76,76,74,74,74,74,49,49,49,54,54,57,49,58,58,60,79,29,13,13,13,0],"gold":4,"neow_bonus":"ONE_RARE_RELIC","is_prod":false,"is_daily":false,"chose_seed":false,"campfire_upgraded":3,"win_rate":0,"timestamp":1535859634,"path_taken":["M","?","?","M","?","R","E","R","T","?","$","?","E","M","R","BOSS","M","?","?","?","M"],"build_version":"2018-08-30","purchased_purges":1,"victory":false,"max_hp_per_floor":[80,80,74,74,74,74,74,74,74,79,79,79,79,79,79,79,79,79,79,79,79,79],"card_choices":[{"not_picked":["Cleave","Seeing Red"],"picked":"Entrench","floor":1},{"not_picked":["Perfected Strike","Anger","Burning Pact"],"picked":"SKIP","floor":4},{"not_picked":["Shrug It Off","Headbutt"],"picked":"Armaments","floor":5},{"not_picked":["Thunderclap","Anger"],"picked":"Spot Weakness","floor":7},{"not_picked":["Cleave","Warcry"],"picked":"Inflame","floor":12},{"not_picked":["Berserk","Cleave","Fire Breathing"],"picked":"SKIP","floor":13},{"not_picked":["Entrench","Power Through"],"picked":"Thunderclap","floor":14},{"not_picked":["Dark Embrace","Feed"],"picked":"Demon Form","floor":16},{"not_picked":["Corruption","Entrench"],"picked":"Shrug It Off","floor":18}],"player_experience":106571,"relics_obtained":[{"floor":7,"key":"Gambling Chip"},{"floor":9,"key":"Paper Frog"},{"floor":13,"key":"Pantograph"},{"floor":19,"key":"Enchiridion"},{"floor":21,"key":"Toxic Egg 2"}],"event_choices":[{"event_name":"Liars Game","player_choice":"disagreed","floor":2,"damage_taken":0},{"event_name":"Golden Idol","player_choice":"Lose Max HP","floor":3,"damage_taken":0},{"event_name":"Big Fish","player_choice":"Donut","floor":10,"damage_taken":0},{"event_name":"Cursed Tome","player_choice":"Obtained Book","floor":19,"damage_taken":0}],"is_beta":false,"boss_relics":[{"not_picked":["Runic Cube","Velvet Choker"],"picked":"Black Star"}],"items_purged_floors":[20],"is_endless":false,"potions_floor_spawned":[1,4,5,13,18],"killed_by":"Chosen","ascension_level":2}