{"gold_per_floor":[114,130,130,130,57,57,57,57,57,89,89,120,45,59,59,59],"floor_reached":16,"playtime":685,"items_purged":["Strike_G"],"score":108,"play_id":"461c8c37-a8eb-423a-b3e8-a164fbda393b","local_time":"20180825212922","is_ascension_mode":false,"campfire_choices":[{"data":"All Out Attack","floor":6,"key":"SMITH"},{"data":"Skewer","floor":8,"key":"SMITH"},{"floor":11,"key":"REST"},{"floor":15,"key":"REST"}],"neow_cost":"NONE","seed_source_timestamp":134759893005812,"circlet_count":0,"master_deck":["Defend_G","Defend_G","Defend_G","Defend_G","Strike_G","Strike_G","Strike_G","Strike_G","Survivor","Neutralize","Skewer+1","Dodge and Roll","All Out Attack+1","Well Laid Plans","Backflip","Poisoned Stab"],"relics":["Ring of the Snake","NlothsMask","The Specimen","Anchor"],"potions_floor_usage":[3,14,14,14],"damage_taken":[{"damage":0,"enemies":"Jaw Worm","floor":1,"turns":6},{"damage":2,"enemies":"Small Slimes","floor":2,"turns":4},{"damage":0,"enemies":"Cultist","floor":3,"turns":1},{"damage":53,"enemies":"Gremlin Nob","floor":10,"turns":5},{"damage":27,"enemies":"Lagavulin","floor":12,"turns":8},{"damage":0,"enemies":"3 Louse","floor":14,"turns":1},{"damage":27,"enemies":"Hexaghost","floor":16,"turns":10}],"seed_played":"4805122922588383864","potions_obtained":[{"floor":0,"key":"EntropicBrew"},{"floor":0,"key":"Ancient Potion"},{"floor":0,"key":"SmokeBomb"},{"floor":14,"key":"Dexterity Potion"}],"is_trial":false,"path_per_floor":["M","M","M","?","$","R","?","R","T","E","R","E","$","M","R"],"character_chosen":"THE_SILENT","items_purchased":["All Out Attack"],"campfire_rested":2,"item_purchase_floors":[5],"current_hp_per_floor":[70,68,68,61,61,61,61,61,61,8,29,2,2,2,23,0],"gold":59,"neow_bonus":"THREE_SMALL_POTIONS","is_prod":false,"is_daily":false,"chose_seed":false,"campfire_upgraded":2,"win_rate":0.0,"timestamp":1535198362,"path_taken":["M","M","M","?","$","R","?","R","T","E","R","E","?","?","R","BOSS"],"build_version":"2018-08-23v2","purchased_purges":1,"victory":false,"max_hp_per_floor":[70,70,70,70,70,70,70,70,70,70,70,70,70,70,70,70],"card_choices":[{"not_picked":["Dagger Throw","Tactician"],"picked":"Skewer","floor":1},{"not_picked":["Deflect","Calculated Gamble"],"picked":"Dodge and Roll","floor":2},{"not_picked":["Heel Hook","Blur"],"picked":"Well Laid Plans","floor":10},{"not_picked":["Well Laid Plans","Catalyst"],"picked":"Backflip","floor":12},{"not_picked":["Flying Knee","Flechettes"],"picked":"Poisoned Stab","floor":14}],"player_experience":43916,"relics_obtained":[{"floor":10,"key":"The Specimen"},{"floor":12,"key":"Anchor"}],"event_choices":[{"event_name":"Golden Wing","player_choice":"Card Removal","floor":4,"damage_taken":0},{"event_name":"FaceTrader","player_choice":"Trade","floor":7,"damage_taken":0}],"is_beta":false,"boss_relics":[],"items_purged_floors":[13],"is_endless":false,"potions_floor_spawned":[2,3,14],"killed_by":"Hexaghost","ascension_level":0}