{"gold_per_floor":[110,110,120,139,139,139,169,4,73,87,87,12,12,37,37,108,108,125,25,36,51,61,61],"floor_reached":23,"playtime":583,"items_purged":["Pain","Writhe"],"score":477,"play_id":"29cbc7f7-032f-4fe5-9467-128e67ec8e20","local_time":"20181218061441","is_ascension_mode":true,"campfire_choices":[{"data":"Bash","floor":6,"key":"SMITH"},{"data":"True Grit","floor":15,"key":"SMITH"}],"neow_cost":"NONE","seed_source_timestamp":388939905047071,"circlet_count":0,"master_deck":["AscendersBane","Strike_R","Strike_R","Strike_R","Strike_R","Strike_R","Defend_R","Defend_R","Defend_R","Defend_R","Bash+1","Pommel Strike","Headbutt","Pommel Strike","Thunderclap","Feed","True Grit+1","Thunderclap","Feed","Normality","Writhe","Uppercut","Shrug It Off+1","Body Slam+1","Flex+1"],"relics":["Burning Blood","NeowsBlessing","Orichalcum","WarpedTongs","Strawberry","Paper Frog","Blue Candle","Pantograph","Calling Bell","Bronze Scales","Toxic Egg 2","Pocketwatch"],"potions_floor_usage":[7,7,14,23],"damage_taken":[{"damage":0,"enemies":"2 Louse","floor":1,"turns":1},{"damage":0,"enemies":"Cultist","floor":3,"turns":1},{"damage":0,"enemies":"Jaw Worm","floor":4,"turns":1},{"damage":26,"enemies":"3 Sentries","floor":7,"turns":8},{"damage":2,"enemies":"Gremlin Gang","floor":10,"turns":4},{"damage":0,"enemies":"Lagavulin","floor":14,"turns":2},{"damage":58,"enemies":"The Guardian","floor":16,"turns":13},{"damage":33,"enemies":"3 Byrds","floor":18,"turns":5},{"damage":23,"enemies":"2 Thieves","floor":20,"turns":4},{"damage":20,"enemies":"Snecko","floor":21,"turns":4},{"damage":16,"enemies":"Centurion and Healer","floor":22,"turns":6},{"damage":24,"enemies":"Book of Stabbing","floor":23,"turns":2}],"seed_played":"-6051272544187203464","potions_obtained":[{"floor":3,"key":"SneckoOil"},{"floor":4,"key":"Energy Potion"},{"floor":7,"key":"AttackPotion"},{"floor":18,"key":"Strength Potion"}],"is_trial":false,"path_per_floor":["M","?","M","M","?","R","E","$","T","M","?","$","$","E","R","B",null,"M","$","M","M","M","E"],"character_chosen":"IRONCLAD","items_purchased":["Feed"],"campfire_rested":0,"item_purchase_floors":[8],"current_hp_per_floor":[74,48,54,60,60,60,47,47,47,54,54,54,54,60,60,37,76,52,52,35,21,18,0],"gold":61,"neow_bonus":"THREE_ENEMY_KILL","is_prod":false,"is_daily":false,"chose_seed":false,"campfire_upgraded":2,"win_rate":0,"timestamp":1545081281,"path_taken":["M","?","M","M","?","R","E","$","T","?","?","?","$","E","R","BOSS","M","$","M","?","?","E"],"build_version":"2018-12-13","purchased_purges":2,"victory":false,"max_hp_per_floor":[75,75,75,75,75,75,82,82,82,85,85,85,85,85,85,89,89,92,92,92,92,99,99],"card_choices":[{"not_picked":["Sword Boomerang","Warcry"],"picked":"Pommel Strike","floor":1},{"not_picked":["Rupture","Heavy Blade"],"picked":"Headbutt","floor":3},{"not_picked":["Clothesline","Bloodletting"],"picked":"Pommel Strike","floor":4},{"not_picked":["Carnage","Combust"],"picked":"Thunderclap","floor":7},{"not_picked":["Evolve","Flame Barrier"],"picked":"True Grit","floor":10},{"not_picked":["Rupture","Warcry"],"picked":"Thunderclap","floor":14},{"not_picked":["Exhume","Limit Break"],"picked":"Feed","floor":16},{"not_picked":["Body Slam","Armaments+1"],"picked":"Uppercut","floor":18},{"not_picked":["Rage+1","Iron Wave"],"picked":"Shrug It Off+1","floor":20},{"not_picked":["Fire Breathing","Infernal Blade+1"],"picked":"Body Slam+1","floor":21},{"not_picked":["Havoc+1","Whirlwind"],"picked":"Flex+1","floor":22}],"player_experience":816639,"relics_obtained":[{"floor":7,"key":"Strawberry"},{"floor":9,"key":"Paper Frog"},{"floor":14,"key":"Pantograph"},{"floor":17,"key":"Bronze Scales"},{"floor":17,"key":"Toxic Egg 2"},{"floor":17,"key":"Pocketwatch"}],"event_choices":[{"damage_healed":0,"gold_gain":0,"player_choice":"Success","damage_taken":26,"relics_obtained":["Orichalcum"],"max_hp_gain":0,"max_hp_loss":0,"event_name":"Scrap Ooze","floor":2,"gold_loss":0},{"damage_healed":0,"gold_gain":0,"player_choice":"Rummage","damage_taken":0,"relics_obtained":["WarpedTongs"],"max_hp_gain":0,"max_hp_loss":0,"event_name":"Accursed Blacksmith","floor":5,"gold_loss":0,"cards_obtained":["Pain"]},{"damage_healed":0,"gold_gain":0,"player_choice":"Searched \u00271\u0027 times","damage_taken":0,"relics_obtained":["Blue Candle"],"max_hp_gain":0,"max_hp_loss":0,"event_name":"Dead Adventurer","floor":11,"gold_loss":0}],"is_beta":false,"boss_relics":[{"not_picked":["White Beast Statue","Empty Cage"],"picked":"Calling Bell"}],"items_purged_floors":[12,19],"is_endless":false,"potions_floor_spawned":[3,4,7,18],"killed_by":"Book of Stabbing","ascension_level":20}