{"gold_per_floor":[114,114,23,23,37,67,67,94,94,104,119,119,119,132,132,207,207,217,229,2,2,22,22,55,55,79,104,104,123,134,134,134,213,213,225,225,238,238,248,277,277],"floor_reached":41,"playtime":1350,"items_purged":[],"score":990,"play_id":"f889860b-013d-4275-961b-3ddd41c63aca","local_time":"20181230001834","is_ascension_mode":true,"campfire_choices":[{"data":"Caltrops","floor":7.0,"key":"SMITH"},{"floor":13.0,"key":"REST"},{"data":"Bouncing Flask","floor":15.0,"key":"SMITH"},{"data":"Neutralize","floor":23.0,"key":"SMITH"},{"floor":25.0,"key":"REST"},{"floor":28.0,"key":"REST"},{"floor":32,"key":"REST"}],"neow_cost":"NONE","seed_source_timestamp":550981468034932,"circlet_count":0,"master_deck":["AscendersBane","Defend_G","Defend_G","Defend_G","Defend_G","Defend_G+1","Strike_G","Strike_G","Strike_G","Strike_G","Survivor+1","Neutralize+1","Bouncing Flask+1","Caltrops+1","Deadly Poison","Well Laid Plans","Bane","Cloak And Dagger+1","Blade Dance+1","Catalyst+1","Deadly Poison+1","Escape Plan+1","Burst+1","Cloak And Dagger+1","Blade Dance+1","Tools of the Trade","Bane","Footwork","Writhe","After Image+1","Acrobatics+1","After Image","Acrobatics+1","Tactician+1"],"special_seed":0,"relics":["Ring of the Snake","NeowsBlessing","Toxic Egg 2","Gremlin Horn","Ornamental Fan","Busted Crown","Membership Card","Orichalcum","Bag of Marbles","Pen Nib","Bronze Scales","Paper Crane","WristBlade","Ancient Tea Set"],"potions_floor_usage":[39,40],"damage_taken":[{"damage":0.0,"enemies":"2 Louse","floor":1.0,"turns":1.0},{"damage":0.0,"enemies":"Cultist","floor":5.0,"turns":1.0},{"damage":0.0,"enemies":"3 Sentries","floor":6.0,"turns":2.0},{"damage":20.0,"enemies":"Lagavulin","floor":8.0,"turns":6.0},{"damage":0.0,"enemies":"Jaw Worm","floor":10.0,"turns":3.0},{"damage":10.0,"enemies":"Exordium Wildlife","floor":11.0,"turns":4.0},{"damage":4.0,"enemies":"Lots of Slimes","floor":14.0,"turns":3.0},{"damage":3.0,"enemies":"The Guardian","floor":16.0,"turns":6.0},{"damage":0.0,"enemies":"Spheric Guardian","floor":18.0,"turns":2.0},{"damage":9.0,"enemies":"3 Byrds","floor":19.0,"turns":4.0},{"damage":14.0,"enemies":"Shelled Parasite and Fungi","floor":22.0,"turns":4.0},{"damage":25.0,"enemies":"Slavers","floor":24.0,"turns":5.0},{"damage":24.0,"enemies":"Book of Stabbing","floor":27.0,"turns":5.0},{"damage":16.0,"enemies":"Sentry and Sphere","floor":29.0,"turns":5.0},{"damage":9,"enemies":"3 Cultists","floor":30,"turns":4},{"damage":22,"enemies":"Automaton","floor":33,"turns":7},{"damage":7,"enemies":"3 Shapes","floor":35,"turns":2},{"damage":13,"enemies":"3 Darklings","floor":37,"turns":4},{"damage":3,"enemies":"Writhing Mass","floor":39,"turns":4},{"damage":8,"enemies":"Nemesis","floor":40,"turns":7},{"damage":30,"enemies":"Spire Growth","floor":41,"turns":3}],"seed_played":"-4068699369895450800","potions_obtained":[{"floor":1.0,"key":"Weak Potion"},{"floor":6.0,"key":"Weak Potion"},{"floor":11.0,"key":"SkillPotion"},{"floor":22.0,"key":"Poison Potion"},{"floor":24.0,"key":"EssenceOfSteel"},{"floor":33,"key":"Block Potion"},{"floor":37,"key":"Block Potion"}],"is_trial":false,"path_per_floor":["M","?","$","?","M","E","R","E","T","M","M","?","R","M","R","B",null,"M","M","$","?","M","R","E","R","T","E","R","M","M","?","R","B",null,"M","?","M","?","M","E","M"],"character_chosen":"THE_SILENT","items_purchased":["Caltrops","Deadly Poison","Membership Card"],"campfire_rested":4,"item_purchase_floors":[3,3,20],"current_hp_per_floor":[59,39,39,39,39,39,39,19,19,19,9,14,35,31,31,28,60,60,51,51,51,37,37,12,33,33,9,30,14,5,5,26,4,54,47,47,34,34,31,23,0],"gold":277,"neow_bonus":"THREE_ENEMY_KILL","is_prod":false,"is_daily":false,"chose_seed":false,"campfire_upgraded":3,"win_rate":0,"timestamp":1546096714,"path_taken":["M","?","$","?","M","E","R","E","T","M","?","?","R","M","R","BOSS","M","M","$","?","M","R","E","R","T","E","R","?","M","?","R","BOSS","M","?","?","?","?","E","?"],"build_version":"2018-12-20","purchased_purges":0,"victory":false,"max_hp_per_floor":[66,66,66,66,66,66,66,66,66,66,66,71,71,71,71,71,71,71,71,71,71,71,71,71,71,71,71,71,71,71,71,71,71,71,71,71,71,71,71,71,71],"card_choices":[{"not_picked":["Well Laid Plans","Dodge and Roll"],"picked":"Bouncing Flask","floor":1.0},{"not_picked":["Dodge and Roll","Sucker Punch"],"picked":"Bane","floor":5.0},{"not_picked":["Deflect","Tactician"],"picked":"Cloak And Dagger","floor":6.0},{"not_picked":["Underhanded Strike","Flechettes"],"picked":"Blade Dance+1","floor":8.0},{"not_picked":["PiercingWail+1","Prepared+1"],"picked":"Catalyst+1","floor":10.0},{"not_picked":["Slice","Choke"],"picked":"Deadly Poison+1","floor":11.0},{"not_picked":["Dagger Spray","Concentrate+1"],"picked":"Escape Plan+1","floor":14.0},{"not_picked":["Doppelganger+1","Tools of the Trade"],"picked":"Burst+1","floor":16.0},{"not_picked":[],"picked":"Cloak And Dagger+1","floor":18.0},{"not_picked":[],"picked":"Blade Dance+1","floor":19.0},{"not_picked":["Quick Slash"],"picked":"SKIP","floor":22.0},{"not_picked":[],"picked":"Tools of the Trade","floor":24.0},{"not_picked":[],"picked":"Bane","floor":27.0},{"not_picked":["Underhanded Strike"],"picked":"SKIP","floor":29.0},{"not_picked":[],"picked":"Footwork","floor":30},{"not_picked":[],"picked":"After Image","floor":33},{"not_picked":[],"picked":"Acrobatics+1","floor":35},{"not_picked":[],"picked":"Acrobatics+1","floor":37},{"not_picked":[],"picked":"Tactician+1","floor":39},{"not_picked":["All Out Attack"],"picked":"SKIP","floor":40}],"player_experience":833251,"relics_obtained":[{"floor":6.0,"key":"Toxic Egg 2"},{"floor":8.0,"key":"Gremlin Horn"},{"floor":9.0,"key":"Ornamental Fan"},{"floor":24.0,"key":"Bag of Marbles"},{"floor":26.0,"key":"Pen Nib"},{"floor":27.0,"key":"Bronze Scales"},{"floor":40,"key":"Ancient Tea Set"}],"event_choices":[{"damage_healed":0.0,"max_hp_gain":0.0,"max_hp_loss":0.0,"gold_gain":0.0,"event_name":"Shining Light","player_choice":"Entered Light","floor":2.0,"gold_loss":0.0,"damage_taken":20.0,"cards_upgraded":["Survivor","Defend_G"]},{"damage_healed":0.0,"max_hp_gain":0.0,"max_hp_loss":0.0,"gold_gain":0.0,"cards_transformed":["Strike_G"],"event_name":"Transmorgrifier","player_choice":"Transformed","floor":4.0,"gold_loss":0.0,"damage_taken":0.0,"cards_obtained":["Well Laid Plans"]},{"damage_healed":0.0,"max_hp_gain":5.0,"max_hp_loss":0.0,"gold_gain":0.0,"event_name":"Big Fish","player_choice":"Donut","floor":12.0,"gold_loss":0.0,"damage_taken":0.0},{"damage_healed":0.0,"max_hp_gain":0.0,"max_hp_loss":0.0,"gold_gain":0.0,"event_name":"WeMeetAgain","player_choice":"Gave Potion","floor":21.0,"gold_loss":0.0,"damage_taken":0.0,"relics_obtained":["Orichalcum"]},{"damage_healed":0,"gold_gain":0,"player_choice":"Opened","damage_taken":0,"relics_obtained":["Paper Crane"],"max_hp_gain":0,"max_hp_loss":0,"event_name":"The Mausoleum","floor":31,"gold_loss":0,"cards_obtained":["Writhe"]},{"damage_healed":0,"gold_gain":0,"player_choice":"Copied","damage_taken":0,"max_hp_gain":0,"max_hp_loss":0,"event_name":"Duplicator","floor":36,"gold_loss":0,"cards_obtained":["After Image"]},{"damage_healed":0,"gold_gain":0,"player_choice":"Upgraded","damage_taken":0,"max_hp_gain":0,"max_hp_loss":0,"event_name":"Upgrade Shrine","floor":38,"gold_loss":0,"cards_upgraded":["After Image"]}],"is_beta":false,"boss_relics":[{"not_picked":["Tiny House","Orrery"],"picked":"Busted Crown"},{"not_picked":["Sozu","Black Star"],"picked":"WristBlade"}],"items_purged_floors":[],"is_endless":false,"potions_floor_spawned":[1,6,11,22,24,33,37],"killed_by":"Spire Growth","ascension_level":18}