{"gold_per_floor":[116,131,131,306,306,306,334,334,357,357,373,373,373,392,392,496,496,483,494,43,43,43,43,58,58,58,58,7,7,23,33,33,131,131,145,1144,1159,1159,1178,1178,120,120,196,196,208,208],"floor_reached":46,"playtime":3549,"items_purged":["Normality"],"score":491,"play_id":"ea50bc8f-ec52-451a-9a27-d6f1c21e9501","local_time":"20190211211941","is_ascension_mode":false,"campfire_choices":[{"floor":6,"key":"REST"},{"floor":8,"key":"REST"},{"data":"Dagger Spray","floor":10,"key":"SMITH"},{"data":"Envenom","floor":12,"key":"SMITH"},{"floor":15,"key":"REST"},{"floor":23,"key":"REST"},{"data":"Noxious Fumes","floor":27,"key":"SMITH"},{"data":"Venomology","floor":29,"key":"SMITH"},{"floor":32,"key":"REST"},{"floor":40,"key":"REST"},{"floor":42,"key":"REST"}],"neow_cost":"NONE","seed_source_timestamp":38550808566106,"circlet_count":0,"master_deck":["Defend_G+1","Defend_G+1","Defend_G+1","Defend_G","Defend_G","Strike_G","Strike_G","Strike_G","Strike_G","Strike_G","Survivor","Neutralize+1","Deadly Poison+1","Dagger Spray+1","Dagger Spray","Envenom+1","Infinite Blades","Poisoned Stab","PiercingWail","Venomology+1","Infinite Blades+1","Slice+1","Tactician","Backflip","Noxious Fumes+1","Crippling Poison","Backstab","Sucker Punch","Burst","Deadly Poison","Deflect","Phantasmal Killer","Terror","Noxious Fumes+1","Venomology","Blur+1","Dodge and Roll+1","Normality","Predator+1","Night Terror","Dramatic Entrance","Poisoned Stab+1","Calculated Gamble+1","Master of Strategy","Swift Strike","Leg Sweep","Flying Knee","Poisoned Stab","Writhe","Parasite","Bouncing Flask+1","Go for the Eyes+1"],"relics":["Ring of the Snake","War Paint","Prayer Wheel","Boot","WristBlade","Pantograph","MutagenicStrength","Frozen Egg 2","Lizard Tail","Bag of Marbles","Juzu Bracelet","PrismaticShard","Dodecahedron"],"potions_floor_usage":[16,16,24,30,30,30,33,33,37,37,37,39,45,45,46,46],"damage_taken":[{"damage":2,"enemies":"2 Louse","floor":1,"turns":3},{"damage":4,"enemies":"Jaw Worm","floor":2,"turns":5},{"damage":13,"enemies":"Lagavulin","floor":7,"turns":7},{"damage":0,"enemies":"Small Slimes","floor":11,"turns":2},{"damage":13,"enemies":"2 Fungi Beasts","floor":14,"turns":3},{"damage":29,"enemies":"Slime Boss","floor":16,"turns":8},{"damage":12,"enemies":"2 Thieves","floor":18,"turns":4},{"damage":6,"enemies":"Chosen","floor":19,"turns":4},{"damage":9,"enemies":"Snake Plant","floor":24,"turns":5},{"damage":10,"enemies":"Snecko","floor":30,"turns":5},{"damage":38,"enemies":"Centurion and Healer","floor":31,"turns":4},{"damage":51,"enemies":"Collector","floor":33,"turns":7},{"damage":0,"enemies":"3 Shapes","floor":35,"turns":7},{"damage":39,"enemies":"3 Darklings","floor":37,"turns":7},{"damage":74,"enemies":"Spire Growth","floor":39,"turns":5},{"damage":35,"enemies":"Writhing Mass","floor":45,"turns":5},{"damage":47,"enemies":"Maw","floor":46,"turns":6}],"seed_played":"-8416001529529310482","potions_obtained":[{"floor":1,"key":"SpeedPotion"},{"floor":7,"key":"Regen Potion"},{"floor":11,"key":"Energy Potion"},{"floor":19,"key":"Fire Potion"},{"floor":30,"key":"Fruit Juice"},{"floor":35,"key":"FearPotion"},{"floor":45,"key":"FearPotion"}],"is_trial":false,"path_per_floor":["M","M","?","?","?","R","E","R","T","R","M","R","?","M","R","B",null,"M","M","$","?","?","R","M","?","T","R","$","R","M","M","R","B",null,"M","?","M","?","M","R","$","R","T","?","M","M"],"character_chosen":"THE_SILENT","items_purchased":["Noxious Fumes","Pantograph","Crippling Poison","Backstab","Deadly Poison","Bag of Marbles","Juzu Bracelet","PrismaticShard","Master of Strategy","Swift Strike","SteroidPotion","Leg Sweep","Flying Knee","Poisoned Stab"],"campfire_rested":7,"item_purchase_floors":[20,20,20,20,28,41,41,41,41,41,41,41,41,41],"current_hp_per_floor":[68,64,46,46,32,53,40,61,61,61,61,61,54,41,62,42,70,58,52,52,52,52,70,61,61,61,61,61,61,56,18,40,29,75,75,75,50,50,15,37,37,59,59,75,40,0],"gold":208,"neow_bonus":"UPGRADE_CARD","is_prod":false,"is_daily":false,"chose_seed":false,"campfire_upgraded":4,"win_rate":0.0,"timestamp":1549934381,"path_taken":["M","M","?","?","?","R","E","R","T","R","M","R","?","?","R","BOSS","M","M","?","?","?","R","M","?","T","R","$","R","?","?","R","BOSS","M","?","M","?","M","R","$","R","T","?","M","M"],"build_version":"2019-01-23","purchased_purges":1,"victory":false,"max_hp_per_floor":[70,70,70,70,70,70,70,70,70,70,70,70,70,70,70,70,70,70,70,70,70,70,70,70,70,70,70,70,70,75,75,75,75,75,75,75,75,75,75,75,75,75,75,75,75,75],"card_choices":[{"not_picked":["Outmaneuver","Deflect"],"picked":"Deadly Poison","floor":1},{"not_picked":["Caltrops","Expertise"],"picked":"Dagger Spray","floor":2},{"not_picked":["Caltrops","Choke"],"picked":"Dagger Spray","floor":7},{"not_picked":["Distraction","Prepared"],"picked":"Envenom","floor":11},{"not_picked":["Masterful Stab","Outmaneuver"],"picked":"Infinite Blades","floor":11},{"not_picked":["Blade Dance","Masterful Stab"],"picked":"Poisoned Stab","floor":14},{"not_picked":["All Out Attack","Outmaneuver"],"picked":"PiercingWail","floor":14},{"not_picked":["Bullet Time","Doppelganger"],"picked":"Venomology","floor":16},{"not_picked":["Flying Knee","Quick Slash"],"picked":"Infinite Blades+1","floor":18},{"not_picked":["Outmaneuver","Escape Plan"],"picked":"Slice+1","floor":18},{"not_picked":["Dodge and Roll","Dagger Spray"],"picked":"Tactician","floor":19},{"not_picked":["Finisher","Dodge and Roll"],"picked":"Backflip","floor":19},{"not_picked":["Dodge and Roll","Skewer"],"picked":"Sucker Punch","floor":24},{"not_picked":["Dagger Spray+1","Backflip+1"],"picked":"Burst","floor":24},{"not_picked":["Prepared","Dash"],"picked":"Deflect","floor":30},{"not_picked":["Quick Slash+1","Slice"],"picked":"Phantasmal Killer","floor":30},{"not_picked":["Prepared","Riddle With Holes+1"],"picked":"Terror","floor":31},{"not_picked":["Acrobatics","Dagger Spray"],"picked":"Noxious Fumes+1","floor":31},{"not_picked":["Burst","Glass Knife"],"picked":"Venomology","floor":33},{"not_picked":["Sucker Punch+1","Heel Hook"],"picked":"Blur+1","floor":35},{"not_picked":["Underhanded Strike+1","Deadly Poison"],"picked":"Dodge and Roll+1","floor":35},{"not_picked":["Dodge and Roll","Blade Dance+1"],"picked":"Predator+1","floor":37},{"not_picked":["Finisher","Poisoned Stab"],"picked":"Night Terror","floor":37},{"not_picked":["Forethought","Thinking Ahead"],"picked":"Dramatic Entrance","floor":38},{"not_picked":["Quick Slash","Dodge and Roll"],"picked":"Poisoned Stab+1","floor":39},{"not_picked":["Outmaneuver+1","Underhanded Strike"],"picked":"Calculated Gamble+1","floor":39},{"not_picked":["Skewer","Slice"],"picked":"Bouncing Flask+1","floor":45},{"not_picked":["Conserve Battery+1","Ball Lightning"],"picked":"Go for the Eyes+1","floor":45}],"player_experience":8783,"relics_obtained":[{"floor":7,"key":"Prayer Wheel"},{"floor":9,"key":"Boot"},{"floor":26,"key":"Frozen Egg 2"},{"floor":43,"key":"Dodecahedron"}],"event_choices":[{"damage_healed":0,"gold_gain":0,"player_choice":"Success","damage_taken":18,"relics_obtained":["War Paint"],"max_hp_gain":0,"max_hp_loss":0,"event_name":"Scrap Ooze","floor":3,"gold_loss":0},{"damage_healed":0,"gold_gain":175,"player_choice":"AGREE","damage_taken":0,"max_hp_gain":0,"max_hp_loss":0,"event_name":"Liars Game","floor":4,"gold_loss":0,"cards_obtained":["Doubt"]},{"damage_healed":0,"gold_gain":0,"player_choice":"Entered Light","damage_taken":14,"max_hp_gain":0,"max_hp_loss":0,"event_name":"Shining Light","floor":5,"gold_loss":0,"cards_upgraded":["Defend_G","Deadly Poison"]},{"cards_removed":["Doubt"],"damage_healed":0,"gold_gain":0,"player_choice":"Card Removal","damage_taken":7,"max_hp_gain":0,"max_hp_loss":0,"event_name":"Golden Wing","floor":13,"gold_loss":0},{"damage_healed":0,"gold_gain":0,"player_choice":"Ignored","damage_taken":0,"max_hp_gain":0,"max_hp_loss":0,"event_name":"Vampires","floor":21,"gold_loss":0},{"damage_healed":0,"gold_gain":0,"player_choice":"Ignored","damage_taken":0,"max_hp_gain":0,"max_hp_loss":0,"event_name":"Ghosts","floor":22,"gold_loss":0},{"damage_healed":0,"gold_gain":0,"player_choice":"Inject Mutagens","damage_taken":0,"relics_obtained":["MutagenicStrength"],"max_hp_gain":0,"max_hp_loss":0,"event_name":"Drug Dealer","floor":25,"gold_loss":0},{"damage_healed":0,"gold_gain":999,"player_choice":"Gold","damage_taken":0,"max_hp_gain":0,"max_hp_loss":0,"event_name":"MindBloom","floor":36,"gold_loss":0,"cards_obtained":["Normality","Normality"]},{"damage_healed":0,"gold_gain":0,"player_choice":"Memory 1","damage_taken":0,"max_hp_gain":0,"max_hp_loss":0,"event_name":"SensoryStone","floor":38,"gold_loss":0},{"damage_healed":19,"gold_gain":0,"player_choice":"Writhe","damage_taken":0,"max_hp_gain":0,"max_hp_loss":0,"event_name":"Winding Halls","floor":44,"gold_loss":0,"cards_obtained":["Writhe"]}],"is_beta":false,"boss_relics":[{"not_picked":["Philosopher\u0027s Stone","Tiny House"],"picked":"WristBlade"},{"not_picked":["Velvet Choker","Empty Cage"],"picked":"Lizard Tail"}],"items_purged_floors":[41],"is_endless":false,"potions_floor_spawned":[1,7,11,19,30,35,45],"killed_by":"Maw","ascension_level":0}