{"gold_per_floor":[109,34,109,109,129,163,163,193,193,225,241,21,56,74,74,74],"floor_reached":16,"playtime":382,"items_purged":[],"score":286,"play_id":"5f679c30-5375-4479-9b49-c398dc8895da","local_time":"20181217213319","is_ascension_mode":true,"campfire_choices":[{"data":"Zap","floor":7,"key":"SMITH"},{"data":"Defragment","floor":15,"key":"SMITH"}],"neow_cost":"NONE","seed_source_timestamp":357860346272589,"circlet_count":0,"master_deck":["AscendersBane","Strike_B","Strike_B","Strike_B","Defend_B","Defend_B","Defend_B","Zap+1","Dualcast","Ball Lightning","Compile Driver","BootSequence","Conserve Battery","Reprogram","Coolheaded","Defragment+1","Auto Shields","Coolheaded","Self Repair"],"relics":["Cracked Core","NeowsBlessing","Boot","Odd Mushroom","Letter Opener","Ancient Tea Set","Bag of Preparation"],"potions_floor_usage":[13,13],"damage_taken":[{"damage":0,"enemies":"2 Louse","floor":1,"turns":1},{"damage":0,"enemies":"Jaw Worm","floor":5,"turns":1},{"damage":0,"enemies":"Gremlin Nob","floor":6,"turns":1},{"damage":6,"enemies":"The Mushroom Lair","floor":8,"turns":4},{"damage":10,"enemies":"Lagavulin","floor":10,"turns":6},{"damage":0,"enemies":"Small Slimes","floor":11,"turns":2},{"damage":11,"enemies":"Gremlin Nob","floor":13,"turns":3},{"damage":0,"enemies":"3 Louse","floor":14,"turns":2},{"damage":19,"enemies":"Hexaghost","floor":16,"turns":9}],"seed_played":"-5134670739069846916","potions_obtained":[{"floor":1,"key":"SneckoOil"},{"floor":11,"key":"Strength Potion"},{"floor":14,"key":"Regen Potion"}],"is_trial":false,"path_per_floor":["M","?","?","?","M","E","R","?","T","E","M","$","E","M","R","B"],"character_chosen":"DEFECT","items_purchased":["Defragment","Auto Shields","Coolheaded"],"campfire_rested":0,"item_purchase_floors":[12,12,12],"current_hp_per_floor":[64,64,53,46,46,46,46,40,40,30,30,30,19,19,19,0],"gold":74,"neow_bonus":"THREE_ENEMY_KILL","is_prod":false,"is_daily":false,"chose_seed":false,"campfire_upgraded":2,"win_rate":0,"timestamp":1545049999,"path_taken":["M","?","?","?","M","E","R","?","T","E","?","?","E","M","R","BOSS"],"build_version":"2018-12-13","purchased_purges":0,"victory":false,"max_hp_per_floor":[71,71,71,71,71,71,71,71,71,71,71,71,71,71,71,71],"card_choices":[{"not_picked":["Lockon","Redo"],"picked":"Ball Lightning","floor":1},{"not_picked":["Stack","Sunder"],"picked":"Compile Driver","floor":5},{"not_picked":["Stack","Gash"],"picked":"BootSequence","floor":6},{"not_picked":["Streamline","Steam Power"],"picked":"Conserve Battery","floor":8},{"not_picked":["Static Discharge","BootSequence"],"picked":"Reprogram","floor":10},{"not_picked":["Hologram","Redo"],"picked":"Coolheaded","floor":11},{"not_picked":["Redo","Creative AI"],"picked":"Self Repair","floor":13},{"not_picked":["Blizzard","Redo","Barrage"],"picked":"SKIP","floor":14}],"player_experience":810192,"relics_obtained":[{"floor":6,"key":"Boot"},{"floor":8,"key":"Odd Mushroom"},{"floor":9,"key":"Letter Opener"},{"floor":10,"key":"Ancient Tea Set"},{"floor":13,"key":"Bag of Preparation"}],"event_choices":[{"cards_removed":["Strike_B"],"damage_healed":0,"gold_gain":0,"player_choice":"Card Removal","damage_taken":0,"max_hp_gain":0,"max_hp_loss":0,"event_name":"The Cleric","floor":2,"gold_loss":75},{"damage_healed":0,"gold_gain":75,"player_choice":"Gather Gold","damage_taken":11,"max_hp_gain":0,"max_hp_loss":0,"event_name":"World of Goop","floor":3,"gold_loss":0},{"cards_removed":["Defend_B"],"damage_healed":0,"gold_gain":0,"player_choice":"Card Removal","damage_taken":7,"max_hp_gain":0,"max_hp_loss":0,"event_name":"Golden Wing","floor":4,"gold_loss":0},{"damage_healed":0,"gold_gain":0,"player_choice":"Fought Mushrooms","damage_taken":0,"max_hp_gain":0,"max_hp_loss":0,"event_name":"Mushrooms","floor":8,"gold_loss":0}],"is_beta":false,"boss_relics":[],"items_purged_floors":[],"is_endless":false,"potions_floor_spawned":[1,11,14],"killed_by":"Hexaghost","ascension_level":20}