{"gold_per_floor":[117,292,292,71,83,83,12,12,63,63,76,76,107,107,107,226,226],"floor_reached":17,"playtime":297,"items_purged":["Defend_B"],"score":151,"play_id":"ba08c96d-31c3-4252-b0ef-66c95218eb14","local_time":"20181007105855","is_ascension_mode":false,"campfire_choices":[{"data":"Zap","floor":6,"key":"SMITH"},{"data":"Capacitor","floor":8,"key":"SMITH"},{"data":"Cold Snap","floor":10,"key":"SMITH"},{"data":"Undo","floor":15,"key":"SMITH"}],"neow_cost":"","seed_source_timestamp":1003055054616082,"circlet_count":0,"master_deck":["Strike_B","Strike_B","Strike_B","Strike_B","Defend_B","Defend_B","Defend_B","Zap+1","Dualcast","Cold Snap+1","Capacitor+1","Capacitor","Compile Driver","Undo+1","Echo Form"],"relics":["Cracked Core","Juzu Bracelet","Blood Vial","Dodecahedron","Pen Nib","Golden Idol"],"potions_floor_usage":[13],"damage_taken":[{"damage":10,"enemies":"Small Slimes","floor":1,"turns":3},{"damage":0,"enemies":"2 Louse","floor":5,"turns":2},{"damage":0,"enemies":"Cultist","floor":11,"turns":3},{"damage":15,"enemies":"Lagavulin","floor":13,"turns":6},{"damage":26,"enemies":"The Guardian","floor":16,"turns":14}],"seed_played":"-5906767605008935188","potions_obtained":[{"floor":1,"key":"GamblersBrew"},{"floor":13,"key":"Block Potion"},{"floor":16,"key":"FocusPotion"}],"is_trial":false,"path_per_floor":["M","?","?","$","M","R","$","R","T","R","M","T","E","?","R","B"],"character_chosen":"DEFECT","items_purchased":["Juzu Bracelet","Capacitor"],"campfire_rested":0,"item_purchase_floors":[4,7],"current_hp_per_floor":[65,65,58,58,58,58,58,58,58,58,60,60,47,47,47,23,23],"gold":226,"neow_bonus":"","is_prod":false,"is_daily":false,"chose_seed":false,"campfire_upgraded":4,"win_rate":0,"timestamp":1538877535,"path_taken":["M","?","?","?","M","R","$","R","T","R","M","?","E","?","R","BOSS"],"build_version":"2018-10-04v2","purchased_purges":1,"victory":false,"max_hp_per_floor":[75,75,75,75,75,75,75,75,75,75,75,75,75,69,69,69,69],"card_choices":[{"not_picked":["Doom and Gloom","Redo"],"picked":"Cold Snap","floor":1},{"not_picked":["Hologram","Force Field"],"picked":"Capacitor","floor":5},{"not_picked":["Stack","Sunder"],"picked":"Compile Driver","floor":11},{"not_picked":["Redo","Sweeping Beam"],"picked":"Undo","floor":13},{"not_picked":["Electrodynamics","Multi-Cast"],"picked":"Echo Form","floor":16}],"player_experience":748188,"relics_obtained":[{"floor":9,"key":"Blood Vial"},{"floor":12,"key":"Dodecahedron"},{"floor":13,"key":"Pen Nib"}],"event_choices":[{"event_name":"Liars Game","player_choice":"agreed","floor":2,"damage_taken":0},{"event_name":"Golden Wing","player_choice":"Card Removal","floor":3,"damage_taken":0},{"event_name":"Golden Idol","player_choice":"Lose Max HP","floor":14,"damage_taken":0}],"is_beta":false,"boss_relics":[],"items_purged_floors":[4],"is_endless":false,"potions_floor_spawned":[1,13,16],"ascension_level":0}