{"gold_per_floor":[16,26,36,36,52,52,79,95,119,119,138,152,184,200,200,277,277,292,143,163,78,89,89,89],"floor_reached":24,"playtime":1634,"items_purged":["Defend_B"],"score":350,"play_id":"0f22ed70-3d52-479d-834a-b553f0e99e94","local_time":"20181229215352","is_ascension_mode":true,"campfire_choices":[{"floor":6,"key":"REST"},{"data":"Go for the Eyes","floor":10,"key":"SMITH"},{"floor":15,"key":"REST"},{"floor":23,"key":"REST"}],"neow_cost":"NO_GOLD","seed_source_timestamp":575235798137924,"circlet_count":0,"master_deck":["AscendersBane","Strike_B","Strike_B","Defend_B+1","Defend_B","Zap","Dualcast+1","Genetic Algorithm","Go for the Eyes+1","Ball Lightning","Leap","Reinforced Body","Cold Snap","Ball Lightning","Echo Form","Force Field+1","Sweeping Beam+1","Meteor Strike+1","Melter","Auto Shields","Beam Cell"],"relics":["Cracked Core","Mango","PreservedInsect","Ancient Tea Set","War Paint","Smiling Mask","Astrolabe","Bronze Scales"],"potions_floor_usage":[16,20],"damage_taken":[{"damage":4,"enemies":"2 Louse","floor":1,"turns":2},{"damage":19,"enemies":"Small Slimes","floor":2,"turns":4},{"damage":18,"enemies":"Jaw Worm","floor":3,"turns":4},{"damage":7,"enemies":"Blue Slaver","floor":5,"turns":3},{"damage":18,"enemies":"Lagavulin","floor":7,"turns":5},{"damage":0,"enemies":"Red Slaver","floor":8,"turns":3},{"damage":0,"enemies":"3 Louse","floor":11,"turns":3},{"damage":7,"enemies":"Lots of Slimes","floor":12,"turns":4},{"damage":11,"enemies":"3 Sentries","floor":13,"turns":6},{"damage":0,"enemies":"Exordium Thugs","floor":14,"turns":4},{"damage":15,"enemies":"Hexaghost","floor":16,"turns":12},{"damage":21,"enemies":"2 Thieves","floor":18,"turns":4},{"damage":8,"enemies":"Spheric Guardian","floor":20,"turns":4},{"damage":25,"enemies":"Centurion and Healer","floor":22,"turns":7},{"damage":50,"enemies":"Gremlin Leader","floor":24,"turns":4}],"seed_played":"3328332936288099873","potions_obtained":[{"floor":1,"key":"Swift Potion"},{"floor":5,"key":"FearPotion"},{"floor":7,"key":"FocusPotion"},{"floor":11,"key":"Block Potion"},{"floor":14,"key":"Weak Potion"}],"is_trial":false,"path_per_floor":["M","M","M","?","M","R","E","M","T","R","M","M","E","M","R","B",null,"M","$","M","?","M","R","E"],"character_chosen":"DEFECT","items_purchased":["Auto Shields","Beam Cell"],"campfire_rested":3,"item_purchase_floors":[19,19],"current_hp_per_floor":[78,59,41,29,22,48,30,30,30,30,30,23,12,12,38,23,73,52,52,44,44,19,45,0],"gold":89,"neow_bonus":"ONE_RARE_RELIC","is_prod":false,"is_daily":false,"chose_seed":false,"campfire_upgraded":1,"win_rate":0,"timestamp":1546149232,"path_taken":["M","M","M","?","M","R","E","M","T","R","M","M","E","M","R","BOSS","M","$","M","?","M","R","E"],"build_version":"2018-12-20","purchased_purges":1,"victory":false,"max_hp_per_floor":[89,89,89,89,89,89,89,89,89,89,89,89,89,89,89,89,89,89,89,89,89,89,89,89],"card_choices":[{"not_picked":["Skim","Streamline"],"picked":"Genetic Algorithm","floor":1},{"not_picked":["Leap","Capacitor"],"picked":"Go for the Eyes","floor":2},{"not_picked":["Leap","Lockon","Gash"],"picked":"SKIP","floor":3},{"not_picked":["Gash","Streamline"],"picked":"Ball Lightning","floor":5},{"not_picked":["Sunder","Stack"],"picked":"Leap","floor":7},{"not_picked":["Redo","Steam","Undo"],"picked":"SKIP","floor":8},{"not_picked":["Steam","Stack","Hologram"],"picked":"SKIP","floor":11},{"not_picked":["Beam Cell","Coolheaded"],"picked":"Reinforced Body","floor":12},{"not_picked":["Creative AI","Force Field"],"picked":"Cold Snap","floor":13},{"not_picked":["Turbo","Go for the Eyes"],"picked":"Ball Lightning","floor":14},{"not_picked":["Multi-Cast","Biased Cognition"],"picked":"Echo Form","floor":16},{"not_picked":["Turbo","Stack"],"picked":"Melter","floor":18},{"not_picked":["Auto Shields","Hologram","Go for the Eyes"],"picked":"SKIP","floor":20},{"not_picked":["Streamline","Stack","Sunder"],"picked":"SKIP","floor":22}],"player_experience":826457,"relics_obtained":[{"floor":7,"key":"Ancient Tea Set"},{"floor":9,"key":"War Paint"},{"floor":13,"key":"Smiling Mask"}],"event_choices":[{"damage_healed":0,"gold_gain":0,"player_choice":"Success","damage_taken":12,"relics_obtained":["PreservedInsect"],"max_hp_gain":0,"max_hp_loss":0,"event_name":"Scrap Ooze","floor":4,"gold_loss":0},{"damage_healed":0,"gold_gain":0,"player_choice":"Obtained Relic","damage_taken":0,"relics_obtained":["Bronze Scales"],"max_hp_gain":0,"max_hp_loss":0,"event_name":"Addict","floor":21,"gold_loss":85}],"is_beta":false,"boss_relics":[{"not_picked":["Coffee Dripper","Ectoplasm"],"picked":"Astrolabe"}],"items_purged_floors":[19],"is_endless":false,"potions_floor_spawned":[1,5,7,8,11,14],"killed_by":"Gremlin Leader","ascension_level":13}