{"gold_per_floor":[119,119,136,136,136,136,165,183,183,195,195,33,53,68,68,68],"floor_reached":16,"playtime":594,"items_purged":[],"score":128,"play_id":"5663b94e-4e9a-4846-8996-39567b3e9e7d","local_time":"20181102160604","is_ascension_mode":true,"campfire_choices":[{"data":"Genetic Algorithm","floor":6,"key":"SMITH"},{"data":"Chill","floor":11,"key":"SMITH"},{"data":"Buffer","floor":15,"key":"SMITH"}],"neow_cost":"PERCENT_DAMAGE","seed_source_timestamp":459792310121278,"circlet_count":0,"master_deck":["Strike_B","Strike_B","Strike_B","Strike_B","Defend_B","Defend_B","Defend_B","Defend_B","Zap+1","Dualcast","Genetic Algorithm+1","Buffer+1","Storm","Chill+1","Electrodynamics","Force Field"],"relics":["Cracked Core","StoneCalendar","Pocketwatch","Blue Candle","Mango"],"potions_floor_usage":[13],"damage_taken":[{"damage":3,"enemies":"Jaw Worm","floor":1,"turns":5},{"damage":4,"enemies":"2 Louse","floor":3,"turns":3},{"damage":49,"enemies":"Gremlin Nob","floor":7,"turns":5},{"damage":0,"enemies":"Cultist","floor":8,"turns":3},{"damage":5,"enemies":"2 Fungi Beasts","floor":10,"turns":4},{"damage":0,"enemies":"Looter","floor":13,"turns":3},{"damage":9,"enemies":"Exordium Thugs","floor":14,"turns":5},{"damage":23,"enemies":"The Guardian","floor":16,"turns":10}],"seed_played":"-4828113132114075363","potions_obtained":[{"floor":1,"key":"Block Potion"},{"floor":10,"key":"LiquidBronze"},{"floor":14,"key":"FearPotion"}],"is_trial":false,"path_per_floor":["M","?","M","?","?","R","E","M","T","M","R","$","M","M","R","B"],"character_chosen":"DEFECT","items_purchased":["Electrodynamics"],"campfire_rested":0,"item_purchase_floors":[12],"current_hp_per_floor":[51,48,44,69,69,69,20,20,34,29,29,29,29,20,20,0],"gold":68,"neow_bonus":"ONE_RARE_RELIC","is_prod":false,"is_daily":false,"chose_seed":false,"campfire_upgraded":3,"win_rate":0,"timestamp":1541136964,"path_taken":["M","?","M","?","?","R","E","?","T","M","R","$","M","M","R","BOSS"],"build_version":"2018-11-01","purchased_purges":0,"victory":false,"max_hp_per_floor":[75,75,75,75,75,75,75,75,89,89,89,89,89,89,89,89],"card_choices":[{"not_picked":["Darkness","Compile Driver","Barrage"],"picked":"SKIP","floor":1},{"not_picked":["FTL","Barrage"],"picked":"Genetic Algorithm","floor":3},{"not_picked":["Barrage","Stack"],"picked":"Buffer","floor":7},{"not_picked":["Consume","Scrape"],"picked":"Storm","floor":8},{"not_picked":["Sweeping Beam","Capacitor"],"picked":"Chill","floor":10},{"not_picked":["Tempest","Static Discharge"],"picked":"Force Field","floor":13},{"not_picked":["Reprogram","Fusion","Beam Cell"],"picked":"SKIP","floor":14}],"player_experience":365009,"relics_obtained":[{"floor":7,"key":"Blue Candle"},{"floor":9,"key":"Mango"}],"event_choices":[{"damage_healed":0,"gold_gain":0,"player_choice":"Success","damage_taken":3,"relics_obtained":["Pocketwatch"],"max_hp_gain":0,"max_hp_loss":0,"event_name":"Scrap Ooze","floor":2,"gold_loss":0},{"damage_healed":25,"gold_gain":0,"player_choice":"Banana","damage_taken":0,"max_hp_gain":0,"max_hp_loss":0,"event_name":"Big Fish","floor":4,"gold_loss":0},{"damage_healed":0,"gold_gain":0,"player_choice":"Upgraded","damage_taken":0,"max_hp_gain":0,"max_hp_loss":0,"event_name":"Upgrade Shrine","floor":5,"gold_loss":0,"cards_upgraded":["Zap"]}],"is_beta":false,"boss_relics":[],"items_purged_floors":[],"is_endless":false,"potions_floor_spawned":[1,10,14],"killed_by":"The Guardian","ascension_level":5}