{"gold_per_floor":[119,44,44,54,6,6,36,36,108,135,135,156,156,174,174,275,275,318,329,37,50,50,50,79,79,105,130,130,156,166,180,180,276,276,286,348,360,151,151,151,151],"floor_reached":41,"playtime":2579,"items_purged":["Wraith Form v2","Shrug It Off","Carnage"],"score":678,"play_id":"b020d699-fcc7-41d2-8daf-49181ffc9bc8","local_time":"20180928154621","daily_mods":["SealedDeck","Vintage","Heirloom","Elite Swarm"],"is_ascension_mode":false,"campfire_choices":[{"data":"Echo Form","floor":6.0,"key":"SMITH"},{"data":"Demon Form","floor":8.0,"key":"SMITH"},{"floor":15.0,"key":"REST"},{"data":"Barricade","floor":23.0,"key":"SMITH"},{"data":"Apotheosis","floor":28.0,"key":"SMITH"},{"data":"Limit Break","floor":32,"key":"SMITH"},{"data":"1","floor":40,"key":"LIFT"}],"neow_cost":"","seed_source_timestamp":0,"circlet_count":0,"master_deck":["Demon Form+1","Echo Form+1","Flex","Iron Wave","Headbutt","Ghostly Armor","Infernal Blade+1","Clash","Shrug It Off","Searing Blow","Demon Form","Juggernaut","Barricade+1","Apotheosis+1","Rampage+1","Impervious","Impervious","Limit Break+1","Reaper+1","Inflame","Metallicize"],"special_seed":0,"relics":["Burning Blood","Prayer Wheel","Letter Opener","Boot","The Courier","Molten Egg 2","Anchor","Odd Mushroom","Red Skull","Dodecahedron","Eternal Feather","Tiny Chest","Lantern","Art of War","Paper Frog","Vajra","Oddly Smooth Stone","Thread and Needle","Self Forming Clay","Mercury Hourglass","Pen Nib","Philosopher\u0027s Stone","MawBank","Du-Vu Doll","Girya"],"potions_floor_usage":[30,30,37,41],"damage_taken":[{"damage":10.0,"enemies":"Small Slimes","floor":1.0,"turns":2.0},{"damage":0.0,"enemies":"Cultist","floor":4.0,"turns":3.0},{"damage":27.0,"enemies":"3 Sentries","floor":7.0,"turns":7.0},{"damage":11.0,"enemies":"Gremlin Nob","floor":10.0,"turns":4.0},{"damage":19.0,"enemies":"The Mushroom Lair","floor":12.0,"turns":6.0},{"damage":0.0,"enemies":"2 Louse","floor":14.0,"turns":2.0},{"damage":14.0,"enemies":"The Guardian","floor":16.0,"turns":8.0},{"damage":6.0,"enemies":"Chosen","floor":18.0,"turns":7.0},{"damage":2.0,"enemies":"2 Thieves","floor":19.0,"turns":3.0},{"damage":9.0,"enemies":"Centurion and Healer","floor":21.0,"turns":6.0},{"damage":50.0,"enemies":"Book of Stabbing","floor":24.0,"turns":6.0},{"damage":3.0,"enemies":"Gremlin Leader","floor":27.0,"turns":5.0},{"damage":47.0,"enemies":"Slavers","floor":29.0,"turns":8.0},{"damage":2,"enemies":"Snecko","floor":30,"turns":4},{"damage":8,"enemies":"Shelled Parasite and Fungi","floor":31,"turns":6},{"damage":9,"enemies":"Champ","floor":33,"turns":8},{"damage":0,"enemies":"3 Shapes","floor":35,"turns":4},{"damage":11,"enemies":"Mysterious Sphere","floor":36,"turns":4},{"damage":3,"enemies":"Mind Bloom Boss Battle","floor":37,"turns":7},{"damage":79,"enemies":"2 Orb Walkers","floor":41,"turns":4}],"seed_played":"-5367148935611678396","potions_obtained":[{"floor":1.0,"key":"Block Potion"},{"floor":4.0,"key":"Block Potion"},{"floor":14.0,"key":"Block Potion"},{"floor":16.0,"key":"Swift Potion"},{"floor":19.0,"key":"BloodPotion"},{"floor":29,"key":"Regen Potion"},{"floor":33,"key":"Block Potion"},{"floor":35,"key":"Swift Potion"}],"is_trial":true,"path_per_floor":["M","$","?","M","$","R","E","R","T","E","?","?","?","M","R","B",null,"M","M","$","M","?","R","E","?","T","E","R","E","M","M","R","B",null,"M","?","?","$","?","R"],"character_chosen":"IRONCLAD","items_purchased":["Shrug It Off","Apotheosis","Rampage+1","Inflame","Metallicize"],"campfire_rested":1,"item_purchase_floors":[5,20,20,38,38],"current_hp_per_floor":[76,76,76,80,80,80,59,59,59,54,54,41,41,47,71,63,80,80,80,80,77,77,80,44,36,36,39,48,7,23,21,30,27,80,80,75,80,80,76,76,0],"gold":151,"neow_bonus":"","is_prod":false,"is_daily":false,"chose_seed":false,"campfire_upgraded":5,"win_rate":0,"timestamp":1538115381,"path_taken":["M","$","?","M","$","R","E","R","T","E","?","?","?","M","R","BOSS","M","M","$","M","?","R","E","?","T","E","R","E","M","M","R","BOSS","M","?","?","$","?","R","E"],"build_version":"2018-09-27","purchased_purges":3,"victory":false,"max_hp_per_floor":[80,80,80,80,80,80,80,80,80,80,80,80,80,80,80,80,80,80,80,80,80,80,80,80,80,80,80,80,80,80,80,80,80,80,80,80,80,80,76,76,76],"card_choices":[{"not_picked":["Barricade","Berserk"],"picked":"Demon Form","floor":7.0},{"not_picked":["Dark Embrace","Offering"],"picked":"Juggernaut","floor":10.0},{"not_picked":["Offering","Dark Embrace"],"picked":"Barricade","floor":16.0},{"not_picked":["Dark Embrace","Juggernaut"],"picked":"Impervious","floor":24.0},{"not_picked":["Reaper+1","Feed+1"],"picked":"Impervious","floor":27.0},{"not_picked":["Offering","Immolate+1"],"picked":"Limit Break","floor":29},{"not_picked":["Fiend Fire+1","Brutality"],"picked":"Reaper+1","floor":33}],"player_experience":229982,"relics_obtained":[{"floor":1.0,"key":"Letter Opener"},{"floor":4.0,"key":"Boot"},{"floor":7.0,"key":"The Courier"},{"floor":9.0,"key":"Molten Egg 2"},{"floor":10.0,"key":"Anchor"},{"floor":12.0,"key":"Odd Mushroom"},{"floor":14.0,"key":"Red Skull"},{"floor":16.0,"key":"Dodecahedron"},{"floor":18.0,"key":"Tiny Chest"},{"floor":19.0,"key":"Lantern"},{"floor":21.0,"key":"Art of War"},{"floor":24.0,"key":"Paper Frog"},{"floor":26.0,"key":"Vajra"},{"floor":27.0,"key":"Oddly Smooth Stone"},{"floor":29,"key":"Thread and Needle"},{"floor":30,"key":"Self Forming Clay"},{"floor":31,"key":"Mercury Hourglass"},{"floor":33,"key":"Pen Nib"},{"floor":35,"key":"MawBank"},{"floor":36,"key":"Du-Vu Doll"},{"floor":37,"key":"Girya"}],"event_choices":[{"event_name":"Wheel of Change","player_choice":"Card Removal","floor":3.0,"damage_taken":0.0},{"event_name":"Liars Game","player_choice":"disagreed","floor":11.0,"damage_taken":0.0},{"event_name":"Mushrooms","player_choice":"Fought Mushrooms","floor":12.0,"damage_taken":0.0},{"event_name":"Accursed Blacksmith","player_choice":"Forge","floor":13.0,"damage_taken":0.0},{"event_name":"Wheel of Change","player_choice":"Damage","floor":25.0,"damage_taken":0.0},{"event_name":"Mysterious Sphere","player_choice":"Fight","floor":36,"damage_taken":0},{"event_name":"MindBloom","player_choice":"Fight","floor":37,"damage_taken":0},{"event_name":"Winding Halls","player_choice":"Max HP","floor":39,"damage_taken":0}],"is_beta":false,"boss_relics":[{"not_picked":["Orrery","White Beast Statue"],"picked":"Eternal Feather"},{"not_picked":["Tiny House","Astrolabe"],"picked":"Philosopher\u0027s Stone"}],"items_purged_floors":[2,20,38],"is_endless":true,"potions_floor_spawned":[1,4,14,16,19,29,33,35],"killed_by":"2 Orb Walkers","ascension_level":0}