{"gold_per_floor":[113,188,204,204,222,253,253,301,370,384,384,384,401,135,135,233,233,252,252,252,268,94,94],"floor_reached":23,"playtime":765,"items_purged":["Strike_R","Strike_R"],"score":189,"play_id":"ddbdb2c0-8dfc-4756-8060-af4dba78c3a4","local_time":"20190110194953","is_ascension_mode":false,"campfire_choices":[{"data":"Hemokinesis","floor":7,"key":"SMITH"},{"data":"Hemokinesis","floor":11,"key":"SMITH"},{"data":"Flex","floor":15,"key":"SMITH"}],"neow_cost":"NONE","seed_source_timestamp":2331265031144,"circlet_count":0,"master_deck":["Strike_R","Strike_R","Defend_R","Defend_R","Defend_R","Defend_R","Bash","Hemokinesis+1","Reaper","Hemokinesis+1","Flex+1","Thunderclap","Feed","Limit Break","RitualDagger","Hemokinesis+1","Rupture"],"relics":["Burning Blood","NeowsBlessing","Omamori","Centennial Puzzle","Bottled Flame","HandDrill","Black Star"],"potions_floor_usage":[16,18,21],"damage_taken":[{"damage":0,"enemies":"2 Louse","floor":1,"turns":1},{"damage":0,"enemies":"Jaw Worm","floor":3,"turns":1},{"damage":0,"enemies":"Cultist","floor":5,"turns":1},{"damage":20,"enemies":"Gremlin Nob","floor":6,"turns":3},{"damage":21,"enemies":"Exordium Wildlife","floor":10,"turns":4},{"damage":4,"enemies":"Blue Slaver","floor":13,"turns":1},{"damage":21,"enemies":"Slime Boss","floor":16,"turns":8},{"damage":33,"enemies":"3 Byrds","floor":18,"turns":6},{"damage":14,"enemies":"Shell Parasite","floor":21,"turns":3},{"damage":52,"enemies":"Book of Stabbing","floor":23,"turns":3}],"seed_played":"-2946077000272156378","potions_obtained":[{"floor":3,"key":"SpeedPotion"},{"floor":6,"key":"Weak Potion"},{"floor":10,"key":"SteroidPotion"},{"floor":13,"key":"Dexterity Potion"}],"is_trial":false,"path_per_floor":["M","?","M","?","M","E","R","T","T","M","R","?","M","$","R","B",null,"M","?","?","M","$","E"],"character_chosen":"IRONCLAD","items_purchased":["HandDrill","Rupture"],"campfire_rested":0,"item_purchase_floors":[14,22],"current_hp_per_floor":[80,69,75,75,80,66,66,66,66,55,55,48,50,50,50,39,80,58,52,52,44,44,0],"gold":94,"neow_bonus":"THREE_ENEMY_KILL","is_prod":false,"is_daily":false,"chose_seed":false,"campfire_upgraded":3,"win_rate":0,"timestamp":1547111993,"path_taken":["M","?","M","?","?","E","R","?","T","M","R","?","M","$","R","BOSS","M","?","?","?","?","E"],"build_version":"2019-01-03v4","purchased_purges":2,"victory":false,"max_hp_per_floor":[80,80,80,80,80,80,80,80,80,80,80,80,80,80,80,80,80,83,83,83,83,83,83],"card_choices":[{"not_picked":["Flex","Headbutt"],"picked":"Havoc","floor":1},{"not_picked":["Wild Strike","Clash"],"picked":"Hemokinesis","floor":3},{"not_picked":["Anger","Fire Breathing"],"picked":"Hemokinesis","floor":5},{"not_picked":["Evolve","Havoc"],"picked":"Flex","floor":6},{"not_picked":["Iron Wave","Headbutt"],"picked":"Thunderclap","floor":10},{"not_picked":["Rage","Entrench"],"picked":"Feed","floor":13},{"not_picked":["Immolate","Dark Embrace"],"picked":"Limit Break","floor":16},{"not_picked":["Shrug It Off","Cleave","Sever Soul"],"picked":"SKIP","floor":18},{"not_picked":["Rage","Power Through","True Grit"],"picked":"SKIP","floor":21}],"player_experience":429235,"relics_obtained":[{"floor":6,"key":"Omamori"},{"floor":8,"key":"Centennial Puzzle"},{"floor":9,"key":"Bottled Flame"}],"event_choices":[{"damage_healed":0,"gold_gain":75,"player_choice":"Gather Gold","damage_taken":11,"max_hp_gain":0,"max_hp_loss":0,"event_name":"World of Goop","floor":2,"gold_loss":0},{"damage_healed":0,"gold_gain":0,"cards_transformed":["Havoc"],"player_choice":"Transformed","damage_taken":0,"max_hp_gain":0,"max_hp_loss":0,"event_name":"Transmorgrifier","floor":4,"gold_loss":0,"cards_obtained":["Reaper"]},{"cards_removed":["Strike_R"],"damage_healed":0,"gold_gain":0,"player_choice":"Card Removal","damage_taken":7,"max_hp_gain":0,"max_hp_loss":0,"event_name":"Golden Wing","floor":12,"gold_loss":0},{"damage_healed":0,"gold_gain":0,"player_choice":"Joined the Cult","damage_taken":6,"max_hp_gain":0,"max_hp_loss":0,"event_name":"Nest","floor":19,"gold_loss":0,"cards_obtained":["RitualDagger"]},{"damage_healed":0,"gold_gain":0,"player_choice":"Copied","damage_taken":0,"max_hp_gain":0,"max_hp_loss":0,"event_name":"Duplicator","floor":20,"gold_loss":0,"cards_obtained":["Hemokinesis"]}],"is_beta":false,"boss_relics":[{"not_picked":["Astrolabe","Orrery"],"picked":"Black Star"}],"items_purged_floors":[14,22],"is_endless":false,"potions_floor_spawned":[3,6,10,13],"killed_by":"Book of Stabbing","ascension_level":0}