{"gold_per_floor":[119,44,44,62,62,62,75,100,127,87,115,135,147,159,159,230,230,245,81,106,56,6,40,52,52],"floor_reached":25,"playtime":641,"items_purged":["Defend_B","Strike_B","Strike_B"],"score":439,"play_id":"71ac097d-fe8a-48ef-ba39-52c37aea67d8","local_time":"20181001052122","is_ascension_mode":true,"campfire_choices":[{"data":"Conserve Battery","floor":6,"key":"SMITH"},{"data":"Defragment","floor":15,"key":"SMITH"}],"neow_cost":"NONE","seed_source_timestamp":464055691756825,"circlet_count":0,"master_deck":["Strike_B","Strike_B","Defend_B","Defend_B","Defend_B","Zap+1","Dualcast","AscendersBane","Conserve Battery+1","BootSequence","Sunder","Defragment+1","Streamline","Cold Snap","Cold Snap","Turbo","Buffer","Conserve Battery","Leap+1"],"relics":["Cracked Core","Ancient Tea Set","Centennial Puzzle","Bronze Scales","Meat on the Bone","Coffee Dripper","PreservedInsect","Smiling Mask","Dream Catcher"],"potions_floor_usage":[8,11,12,16,23],"damage_taken":[{"damage":12,"enemies":"Jaw Worm","floor":1,"turns":4},{"damage":4,"enemies":"2 Louse","floor":4,"turns":3},{"damage":0,"enemies":"Small Slimes","floor":7,"turns":3},{"damage":31,"enemies":"Gremlin Nob","floor":8,"turns":4},{"damage":5,"enemies":"3 Sentries","floor":11,"turns":5},{"damage":7,"enemies":"Exordium Thugs","floor":12,"turns":3},{"damage":5,"enemies":"2 Fungi Beasts","floor":13,"turns":3},{"damage":5,"enemies":"Blue Slaver","floor":14,"turns":3},{"damage":19,"enemies":"Hexaghost","floor":16,"turns":10},{"damage":15,"enemies":"Spheric Guardian","floor":18,"turns":4},{"damage":12,"enemies":"Slavers","floor":23,"turns":5},{"damage":8,"enemies":"2 Thieves","floor":24,"turns":3},{"damage":52,"enemies":"Cultist and Chosen","floor":25,"turns":9}],"seed_played":"-8609403332760235806","potions_obtained":[{"floor":4,"key":"Poison Potion"},{"floor":7,"key":"Weak Potion"},{"floor":10,"key":"Strength Potion"},{"floor":14,"key":"Dexterity Potion"},{"floor":16,"key":"SkillPotion"},{"floor":23,"key":"SpeedPotion"}],"is_trial":false,"path_per_floor":["M","$","?","M","?","R","M","E","T","?","E","M","M","M","R","B",null,"M","$","T","$","$","E","M"],"character_chosen":"DEFECT","items_purchased":["PreservedInsect"],"campfire_rested":0,"item_purchase_floors":[19],"current_hp_per_floor":[52,52,57,53,53,53,53,22,22,22,17,22,29,36,36,29,64,49,49,49,49,49,49,41,0],"gold":52,"neow_bonus":"RANDOM_COMMON_RELIC","is_prod":false,"is_daily":false,"chose_seed":false,"campfire_upgraded":2,"win_rate":0,"timestamp":1538338882,"path_taken":["M","$","?","M","?","R","M","E","T","?","E","M","?","M","R","BOSS","M","?","?","?","$","E","M","?"],"build_version":"2018-09-27","purchased_purges":3,"victory":false,"max_hp_per_floor":[71,71,76,76,76,76,76,76,76,76,76,76,76,76,76,76,76,76,76,76,76,76,76,76,76],"card_choices":[{"not_picked":["Sweeping Beam","Turbo"],"picked":"Conserve Battery","floor":1},{"not_picked":["Loop","Redo"],"picked":"BootSequence","floor":4},{"not_picked":["Double Energy","Steam"],"picked":"Sunder","floor":7},{"not_picked":["Sweeping Beam","Barrage"],"picked":"Defragment","floor":8},{"not_picked":["Coolheaded","Compile Driver"],"picked":"Streamline","floor":11},{"not_picked":["Skim","Aggregate"],"picked":"Cold Snap","floor":12},{"not_picked":["Heatsinks","Conserve Battery"],"picked":"Cold Snap","floor":13},{"not_picked":["Coolheaded","Beam Cell"],"picked":"Turbo","floor":14},{"not_picked":["All For One","Meteor Strike"],"picked":"Buffer","floor":16},{"not_picked":["Go for the Eyes","Rip and Tear","Loop"],"picked":"SKIP","floor":18},{"not_picked":["Steam","Buffer"],"picked":"Conserve Battery","floor":23},{"not_picked":["Ball Lightning","Reprogram"],"picked":"Leap+1","floor":24}],"player_experience":724860,"relics_obtained":[{"floor":8,"key":"Centennial Puzzle"},{"floor":9,"key":"Bronze Scales"},{"floor":11,"key":"Meat on the Bone"},{"floor":20,"key":"Smiling Mask"},{"floor":23,"key":"Dream Catcher"}],"event_choices":[{"event_name":"Big Fish","player_choice":"Donut","floor":3,"damage_taken":0},{"event_name":"Upgrade Shrine","player_choice":"Upgraded","floor":5,"damage_taken":0},{"event_name":"The Woman in Blue","player_choice":"Bought 3 Potions","floor":10,"damage_taken":0}],"is_beta":false,"boss_relics":[{"not_picked":["Velvet Choker","FrozenCore"],"picked":"Coffee Dripper"}],"items_purged_floors":[2,21,22],"is_endless":false,"potions_floor_spawned":[4,7,14,16,23],"killed_by":"Cultist and Chosen","ascension_level":18}