{"gold_per_floor":[114,37,55,74,74,94,126,156,209,221,233,20,40,57,57,154,154,142,156,173,98,23,83,83,83,135,161,116,116,39,52,52,148,148,165,165,165,94,112,112,145,145,196,214,214],"floor_reached":45,"playtime":2353,"items_purged":["Strike_G"],"score":461,"play_id":"61d6c3c3-9415-4244-845b-50690f5457e7","local_time":"20180727224133","is_ascension_mode":false,"campfire_choices":[{"floor":15,"key":"REST"},{"floor":24,"key":"REST"},{"floor":29,"key":"REST"},{"floor":32,"key":"REST"},{"data":"Noxious Fumes","floor":40,"key":"SMITH"},{"data":"Night Terror","floor":42,"key":"SMITH"}],"neow_cost":"","seed_source_timestamp":42296199031211,"circlet_count":0,"master_deck":["Defend_G+1","Defend_G+1","Defend_G+1","Defend_G+1","Defend_G+1","Strike_G+1","Strike_G+1","Survivor","Neutralize","Cloak And Dagger","Noxious Fumes+1","PiercingWail","Backflip+1","Venomology","Quick Slash","Footwork","Deadly Poison","Deadly Poison","Night Terror+1","Bouncing Flask","Dodge and Roll+1","Eviscerate","Tactician","PiercingWail","Adrenaline","Cloak And Dagger","Bullet Time","Underhanded Strike","Bandage Up","Calculated Gamble","Setup+1","Distraction+1"],"relics":["Ring of the Snake","Paper Crane","Boot","Shuriken","MawBank","Snake Skull","HoveringKite","Tiny Chest","Orichalcum","Anchor","Lizard Tail","Meat on the Bone","The Specimen","Bronze Scales"],"potions_floor_usage":[7,13,13,14,14,16,20,23,23,41,41,41,45,45,45,45],"damage_taken":[{"damage":1,"enemies":"Cultist","floor":1,"turns":4},{"damage":0,"enemies":"Small Slimes","floor":3,"turns":3},{"damage":5,"enemies":"2 Louse","floor":4,"turns":4},{"damage":2,"enemies":"Looter","floor":6,"turns":4},{"damage":22,"enemies":"Lagavulin","floor":7,"turns":9},{"damage":0,"enemies":"Large Slime","floor":13,"turns":5},{"damage":11,"enemies":"Exordium Thugs","floor":14,"turns":5},{"damage":1,"enemies":"The Guardian","floor":16,"turns":10},{"damage":22,"enemies":"2 Thieves","floor":18,"turns":4},{"damage":0,"enemies":"Chosen","floor":19,"turns":4},{"damage":7,"enemies":"Centurion and Healer","floor":20,"turns":9},{"damage":48,"enemies":"Slavers","floor":23,"turns":9},{"damage":14,"enemies":"Sentry and Sphere","floor":31,"turns":4},{"damage":49,"enemies":"Collector","floor":33,"turns":10},{"damage":17,"enemies":"Flame Bruiser 1 Orb","floor":35,"turns":10},{"damage":0,"enemies":"3 Shapes","floor":39,"turns":7},{"damage":92,"enemies":"Giant Head","floor":41,"turns":11},{"damage":39,"enemies":"Spire Growth","floor":44,"turns":6},{"damage":44,"enemies":"Maw","floor":45,"turns":8}],"seed_played":"7625156298957771483","potions_obtained":[{"floor":1,"key":"Poison Potion"},{"floor":4,"key":"SpeedPotion"},{"floor":13,"key":"Regen Potion"},{"floor":16,"key":"Regen Potion"},{"floor":44,"key":"Regen Potion"}],"is_trial":false,"path_per_floor":["M","$","M","M","?","M","E","?","T","?","?","$","M","M","R","B",null,"M","M","M","?","$","E","R","?","T","T","$","R","$","M","R","B",null,"M","T","?","$","M","R","E","R","T","M"],"character_chosen":"THE_SILENT","items_purchased":["Noxious Fumes","Footwork","Snake Skull","PiercingWail","Adrenaline","Calculated Gamble"],"campfire_rested":4,"item_purchase_floors":[2,12,12,28,30,38],"current_hp_per_floor":[69,69,69,64,52,50,28,28,28,28,14,14,14,18,39,38,70,48,48,41,41,41,8,29,29,29,29,29,50,50,36,57,8,70,53,53,53,53,57,57,47,47,47,24,0],"gold":214,"neow_bonus":"","is_prod":false,"is_daily":false,"chose_seed":false,"campfire_upgraded":2,"win_rate":0,"timestamp":1532698893,"path_taken":["M","$","M","?","?","M","E","?","T","?","?","?","M","M","R","BOSS","M","M","M","?","$","E","R","?","T","?","?","R","$","M","R","BOSS","M","?","?","$","M","R","E","R","T","?","M"],"build_version":"2018-07-26","purchased_purges":1,"victory":false,"max_hp_per_floor":[70,70,70,70,70,70,70,70,70,70,70,70,70,70,70,70,70,70,70,70,70,70,70,70,70,70,70,70,70,70,70,70,70,70,70,70,70,70,70,70,70,70,70,70,70],"card_choices":[{"not_picked":["Dash","Poisoned Stab"],"picked":"Cloak And Dagger","floor":1},{"not_picked":["Dagger Throw","Slice"],"picked":"PiercingWail","floor":3},{"not_picked":["Concentrate","PiercingWail"],"picked":"Backflip","floor":4},{"not_picked":["Sucker Punch","Dodge and Roll"],"picked":"Venomology","floor":6},{"not_picked":["Deflect","Concentrate"],"picked":"Quick Slash","floor":7},{"not_picked":["Terror","Backflip"],"picked":"Deadly Poison","floor":13},{"not_picked":["Flying Knee","Cloak And Dagger"],"picked":"Deadly Poison","floor":14},{"not_picked":["Unload","Grand Finale"],"picked":"Night Terror","floor":16},{"not_picked":["Tactician","Bane"],"picked":"Bouncing Flask","floor":18},{"not_picked":["Sucker Punch","Finisher+1"],"picked":"Dodge and Roll+1","floor":19},{"not_picked":["Flying Knee+1","Blade Dance"],"picked":"Eviscerate","floor":20},{"not_picked":["Underhanded Strike","Poisoned Stab"],"picked":"Tactician","floor":23},{"not_picked":["Dagger Spray+1","Slice"],"picked":"Cloak And Dagger","floor":31},{"not_picked":["Burst","Envenom"],"picked":"Bullet Time","floor":33},{"not_picked":["Endless Agony+1","Tactician"],"picked":"Underhanded Strike","floor":35},{"not_picked":["Jack Of All Trades","Flash of Steel"],"picked":"Bandage Up","floor":37},{"not_picked":["Quick Slash","Flying Knee+1","Backstab"],"picked":"SKIP","floor":39},{"not_picked":["Outmaneuver","Riddle With Holes+1"],"picked":"Setup+1","floor":41},{"not_picked":["Bouncing Flask","Caltrops+1"],"picked":"Distraction+1","floor":44}],"player_experience":54684,"relics_obtained":[{"floor":7,"key":"Boot"},{"floor":9,"key":"MawBank"},{"floor":23,"key":"Tiny Chest"},{"floor":26,"key":"Orichalcum"},{"floor":27,"key":"Anchor"},{"floor":36,"key":"Meat on the Bone"},{"floor":41,"key":"The Specimen"},{"floor":43,"key":"Bronze Scales"}],"event_choices":[{"event_name":"Scrap Ooze","player_choice":"success","floor":5,"damage_taken":12},{"event_name":"Dead Adventurer","player_choice":"Searched \u00272\u0027 times","floor":8,"damage_taken":0},{"event_name":"Purifier","player_choice":"One Purge","floor":10,"damage_taken":0},{"event_name":"Shining Light","player_choice":"Entered Light","floor":11,"damage_taken":0},{"event_name":"Beggar","player_choice":"Gave Gold","floor":21,"damage_taken":0},{"event_name":"Back to Basics","player_choice":"Simplicity","floor":25,"damage_taken":0},{"event_name":"SensoryStone","player_choice":"Memory 1","floor":37,"damage_taken":0}],"is_beta":false,"boss_relics":[{"not_picked":["Runic Pyramid","Tiny House"],"picked":"HoveringKite"},{"not_picked":["White Beast Statue","WristBlade"],"picked":"Lizard Tail"}],"items_purged_floors":[22],"is_endless":false,"potions_floor_spawned":[1,4,13,16,19,44],"killed_by":"Maw","ascension_level":0}