{"gold_per_floor":[109,109,109,3,13,42,42,42,95,95,6,21,21,21],"floor_reached":14,"playtime":267,"items_purged":["Strike_R"],"score":172,"play_id":"c4a7fc9f-accb-4c40-87c1-7c94ce90e8cc","local_time":"20190213181114","is_ascension_mode":true,"campfire_choices":[{"floor":7,"key":"REST"},{"data":"True Grit","floor":10,"key":"SMITH"}],"neow_cost":"PERCENT_DAMAGE","seed_source_timestamp":799086530300163,"circlet_count":0,"master_deck":["AscendersBane","Strike_R","Strike_R","Strike_R","Strike_R","Defend_R","Defend_R","Bash","Entrench","Dropkick","Pommel Strike","True Grit+1","Body Slam","Spot Weakness","Parasite","Impervious"],"relics":["Burning Blood","Smiling Mask","Boot","Dream Catcher","NlothsMask"],"potions_floor_usage":[],"damage_taken":[{"damage":7,"enemies":"Jaw Worm","floor":1,"turns":3},{"damage":6,"enemies":"Cultist","floor":5,"turns":3},{"damage":57,"enemies":"Gremlin Nob","floor":6,"turns":5},{"damage":1,"enemies":"2 Louse","floor":12,"turns":3}],"seed_played":"3148905214104472075","potions_obtained":[{"floor":6,"key":"BloodPotion"},{"floor":12,"key":"FearPotion"}],"is_trial":false,"path_per_floor":["M","?","?","$","M","E","R","?","T","R","$","M","?","?"],"character_chosen":"IRONCLAD","items_purchased":["True Grit","Impervious"],"campfire_rested":1,"item_purchase_floors":[4,11],"current_hp_per_floor":[49,38,75,75,75,24,46,64,64,64,64,69,69,69],"gold":21,"neow_bonus":"TRANSFORM_TWO_CARDS","is_prod":false,"is_daily":false,"chose_seed":false,"campfire_upgraded":1,"win_rate":0,"timestamp":1550106674,"path_taken":["M","?","?","$","?","E","R","?","T","R","$","M","?","?"],"build_version":"2019-01-23","purchased_purges":1,"victory":false,"max_hp_per_floor":[75,75,75,75,75,75,75,75,75,75,75,75,75,75],"card_choices":[{"not_picked":["Cleave","Fire Breathing"],"picked":"Pommel Strike","floor":1},{"not_picked":["Warcry","Havoc"],"picked":"Body Slam","floor":5},{"not_picked":["Feel No Pain","Dual Wield"],"picked":"Spot Weakness","floor":6},{"not_picked":["Flex","Clash","Blood for Blood"],"picked":"SKIP","floor":12}],"player_experience":819659,"relics_obtained":[{"floor":6,"key":"Boot"},{"floor":9,"key":"Dream Catcher"}],"event_choices":[{"damage_healed":0,"gold_gain":0,"player_choice":"Success","damage_taken":11,"relics_obtained":["Smiling Mask"],"max_hp_gain":0,"max_hp_loss":0,"event_name":"Scrap Ooze","floor":2,"gold_loss":0},{"damage_healed":37,"gold_gain":0,"player_choice":"Full Heal","damage_taken":0,"max_hp_gain":0,"max_hp_loss":0,"event_name":"Wheel of Change","floor":3,"gold_loss":0},{"damage_healed":18,"gold_gain":0,"player_choice":"Healed and dodged fight","damage_taken":0,"max_hp_gain":0,"max_hp_loss":0,"event_name":"Mushrooms","floor":8,"gold_loss":0,"cards_obtained":["Parasite"]},{"damage_healed":0,"gold_gain":0,"player_choice":"Ignored","damage_taken":0,"max_hp_gain":0,"max_hp_loss":0,"event_name":"Liars Game","floor":13,"gold_loss":0},{"damage_healed":0,"gold_gain":0,"player_choice":"Trade","damage_taken":0,"relics_obtained":["NlothsMask"],"max_hp_gain":0,"max_hp_loss":0,"event_name":"FaceTrader","floor":14,"gold_loss":0}],"is_beta":false,"boss_relics":[],"items_purged_floors":[4],"is_endless":false,"potions_floor_spawned":[6,12],"ascension_level":20}