{"gold_per_floor":[113,125,125,146,221,221,262,262,262,287,302,302,326,326],"floor_reached":14,"playtime":253,"items_purged":[],"score":179,"play_id":"681f2267-71a8-439b-85fe-155cb9beb429","local_time":"20190204014933","is_ascension_mode":true,"campfire_choices":[{"data":"Bouncing Flask","floor":6.0,"key":"SMITH"},{"data":"Deadly Poison","floor":8.0,"key":"SMITH"}],"neow_cost":"NONE","seed_source_timestamp":1849438058091042,"circlet_count":0,"master_deck":["AscendersBane","Defend_G","Defend_G","Defend_G","Defend_G","Defend_G","Strike_G","Strike_G","Strike_G","Strike_G","Strike_G","Survivor","Neutralize","Bouncing Flask+1","Deadly Poison+1","Escape Plan","After Image","Bouncing Flask","Footwork","Backstab"],"special_seed":0,"relics":["Ring of the Snake","NeowsBlessing","Golden Idol","Potion Belt","Mercury Hourglass"],"potions_floor_usage":[14],"damage_taken":[{"damage":0.0,"enemies":"Jaw Worm","floor":1.0,"turns":1.0},{"damage":0.0,"enemies":"Small Slimes","floor":2.0,"turns":1.0},{"damage":0.0,"enemies":"Cultist","floor":4.0,"turns":1.0},{"damage":14.0,"enemies":"Lagavulin","floor":7.0,"turns":6.0},{"damage":5.0,"enemies":"Lots of Slimes","floor":10.0,"turns":4.0},{"damage":3.0,"enemies":"Blue Slaver","floor":11.0,"turns":3.0},{"damage":0,"enemies":"2 Fungi Beasts","floor":13,"turns":4},{"damage":5,"enemies":"Gremlin Gang","floor":14,"turns":1}],"seed_played":"-8583939841147644049","potions_obtained":[{"floor":1.0,"key":"Energy Potion"},{"floor":7.0,"key":"SkillPotion"},{"floor":10.0,"key":"SteroidPotion"}],"is_trial":false,"path_per_floor":["M","M","?","M","?","R","E","R","T","M","M","?","M","M"],"character_chosen":"THE_SILENT","items_purchased":[],"campfire_rested":0,"item_purchase_floors":[],"current_hp_per_floor":[59,59,36,36,25,25,11,11,11,6,3,3,3,0],"gold":326,"neow_bonus":"THREE_ENEMY_KILL","is_prod":false,"is_daily":false,"chose_seed":false,"campfire_upgraded":2,"win_rate":0,"timestamp":1549212573,"path_taken":["M","M","?","M","?","R","E","R","T","M","M","?","M","?"],"build_version":"2019-01-23","purchased_purges":0,"victory":false,"max_hp_per_floor":[66,66,66,66,66,66,66,66,66,66,66,66,66,66],"card_choices":[{"not_picked":["Setup","Acrobatics"],"picked":"Bouncing Flask","floor":1.0},{"not_picked":["Blade Dance","Flying Knee"],"picked":"Deadly Poison","floor":2.0},{"not_picked":["Quick Slash","PiercingWail"],"picked":"Escape Plan","floor":4.0},{"not_picked":["Dash","Riddle With Holes"],"picked":"After Image","floor":7.0},{"not_picked":["Bane","Flechettes"],"picked":"Bouncing Flask","floor":10.0},{"not_picked":["Acrobatics","Leg Sweep"],"picked":"Footwork","floor":11.0},{"not_picked":["Blade Dance","Eviscerate"],"picked":"Backstab","floor":13}],"player_experience":847111,"relics_obtained":[{"floor":7.0,"key":"Potion Belt"},{"floor":9.0,"key":"Mercury Hourglass"}],"event_choices":[{"damage_healed":0.0,"max_hp_gain":0.0,"max_hp_loss":0.0,"gold_gain":0.0,"event_name":"Golden Idol","player_choice":"Take Damage","floor":3.0,"gold_loss":0.0,"damage_taken":23.0,"relics_obtained":["Golden Idol"]},{"damage_healed":0.0,"max_hp_gain":0.0,"max_hp_loss":0.0,"gold_gain":75.0,"event_name":"World of Goop","player_choice":"Gather Gold","floor":5.0,"gold_loss":0.0,"damage_taken":11.0},{"damage_healed":0,"gold_gain":0,"player_choice":"Leave","damage_taken":0,"max_hp_gain":0,"max_hp_loss":0,"event_name":"FaceTrader","floor":12,"gold_loss":0}],"is_beta":false,"boss_relics":[],"items_purged_floors":[],"is_endless":false,"potions_floor_spawned":[1,7,10],"killed_by":"Gremlin Gang","ascension_level":19}