{"gold_per_floor":[117,117,117,217,227,262,262,276,276,276,289,308,327,101,101,205,205,222,222,234,234,74,74,94,113,113,125,151,178,206,229,241,350,362,389,401],"floor_reached":36,"playtime":2908,"items_purged":[],"score":370,"play_id":"96797f6c-2f7d-4ad1-a2f8-6a8c0aa544b5","local_time":"20190214232105","is_ascension_mode":false,"campfire_choices":[{"data":"Wraith Form v2","floor":7.0,"key":"SMITH"},{"data":"A Thousand Cuts","floor":15.0,"key":"SMITH"},{"data":"Corpse Explosion","floor":23.0,"key":"SMITH"},{"data":"Noxious Fumes","floor":27.0,"key":"SMITH"},{"floor":32.0,"key":"REST"}],"neow_cost":"NONE","seed_source_timestamp":0,"circlet_count":0,"master_deck":["Defend_G","Defend_G","Defend_G","Defend_G","Defend_G","Strike_G","Strike_G+1","Strike_G","Strike_G","Strike_G","Survivor+1","Neutralize","Dash","Deflect","Wraith Form v2+1","Sucker Punch","Dash","PiercingWail","A Thousand Cuts+1","Noxious Fumes+1","Corpse Explosion+1","Bane+1","Writhe","Prepared+1","Footwork","Bane","Dagger Throw","Flying Knee","Backstab+1","Underhanded Strike+1","Bane+1","Adrenaline","Sucker Punch+1"],"special_seed":0,"relics":["Ring of the Snake","Oddly Smooth Stone","Ninja Scroll","Letter Opener","Regal Pillow","Lantern","Sozu","Snake Skull","Nloth\u0027s Gift","Tiny Chest","MawBank","HoveringKite"],"potions_floor_usage":[],"damage_taken":[{"damage":0.0,"enemies":"Small Slimes","floor":1.0,"turns":3.0},{"damage":0.0,"enemies":"Cultist","floor":5.0,"turns":3.0},{"damage":3.0,"enemies":"3 Sentries","floor":6.0,"turns":7.0},{"damage":1.0,"enemies":"Jaw Worm","floor":8.0,"turns":4.0},{"damage":1.0,"enemies":"2 Fungi Beasts","floor":11.0,"turns":4.0},{"damage":0.0,"enemies":"Red Slaver","floor":12.0,"turns":2.0},{"damage":0.0,"enemies":"Looter","floor":13.0,"turns":2.0},{"damage":29.0,"enemies":"Slime Boss","floor":16.0,"turns":9.0},{"damage":0.0,"enemies":"3 Byrds","floor":18.0,"turns":3.0},{"damage":3.0,"enemies":"2 Thieves","floor":20.0,"turns":3.0},{"damage":1.0,"enemies":"Chosen and Byrds","floor":24.0,"turns":6.0},{"damage":12.0,"enemies":"Snake Plant","floor":25.0,"turns":4.0},{"damage":0.0,"enemies":"Cultist and Chosen","floor":28.0,"turns":7.0},{"damage":14.0,"enemies":"Centurion and Healer","floor":29.0,"turns":5.0},{"damage":8.0,"enemies":"Snecko","floor":30.0,"turns":5.0},{"damage":5.0,"enemies":"Chosen and Byrds","floor":31.0,"turns":5.0},{"damage":43.0,"enemies":"Collector","floor":33.0,"turns":9.0},{"damage":21,"enemies":"Orb Walker","floor":35,"turns":4},{"damage":14,"enemies":"3 Shapes","floor":36,"turns":3}],"seed_played":"-2544671787267992742","potions_obtained":[{"floor":1.0,"key":"Explosive Potion"},{"floor":12.0,"key":"Block Potion"}],"is_trial":false,"path_per_floor":["M","?","?","?","M","E","R","M","T","T","M","M","M","$","R","B",null,"M","?","M","?","$","R","M","M","T","R","M","M","M","M","R","B",null,"M","M"],"character_chosen":"THE_SILENT","items_purchased":["Lantern","Noxious Fumes","Tiny Chest","Footwork"],"campfire_rested":1,"item_purchase_floors":[14,14,22,22],"current_hp_per_floor":[70,67,53,53,53,50,50,49,49,49,48,48,48,48,48,19,70,70,70,67,67,67,67,66,54,54,54,54,40,32,27,63,20,70,49,35],"gold":401,"neow_bonus":"RANDOM_COMMON_RELIC","is_prod":false,"is_daily":false,"chose_seed":false,"campfire_upgraded":4,"win_rate":0.0,"timestamp":1550182865,"path_taken":["M","?","?","?","M","E","R","?","T","?","M","M","M","$","R","BOSS","M","?","M","?","$","R","M","M","T","R","M","M","?","M","R","BOSS","M","M"],"build_version":"2019-01-23","purchased_purges":0,"victory":false,"max_hp_per_floor":[70,70,70,70,70,70,70,70,70,70,70,70,70,70,70,70,70,70,70,70,70,70,70,70,70,70,70,70,70,70,70,70,70,70,70,70],"card_choices":[{"not_picked":["Blade Dance","Dagger Spray"],"picked":"Dash","floor":1.0},{"not_picked":["Backflip","Blur"],"picked":"Deflect","floor":5.0},{"not_picked":["Leg Sweep","Dagger Spray"],"picked":"Wraith Form v2","floor":6.0},{"not_picked":["PiercingWail","Skewer"],"picked":"Sucker Punch","floor":8.0},{"not_picked":["Slice","Outmaneuver"],"picked":"Dash","floor":11.0},{"not_picked":["Acrobatics","Slice"],"picked":"PiercingWail","floor":12.0},{"not_picked":["Backflip","Bane"],"picked":"A Thousand Cuts","floor":13.0},{"not_picked":["Burst","Tools of the Trade"],"picked":"Corpse Explosion","floor":16.0},{"not_picked":["Well Laid Plans","Blur"],"picked":"Bane+1","floor":18.0},{"not_picked":["Skewer","Escape Plan"],"picked":"Prepared+1","floor":20.0},{"not_picked":["Blade Dance","Doppelganger"],"picked":"Bane","floor":24.0},{"not_picked":["Choke","Masterful Stab"],"picked":"Dagger Throw","floor":25.0},{"not_picked":["Malaise","Bane"],"picked":"Flying Knee","floor":28.0},{"not_picked":["Bane","Prepared"],"picked":"Backstab+1","floor":29.0},{"not_picked":["Malaise","Deflect"],"picked":"Underhanded Strike+1","floor":30.0},{"not_picked":["Sucker Punch","Acrobatics"],"picked":"Bane+1","floor":31.0},{"not_picked":["Unload","Night Terror"],"picked":"Adrenaline","floor":33.0},{"not_picked":["Prepared+1","Deadly Poison"],"picked":"Sucker Punch+1","floor":35}],"player_experience":25245,"relics_obtained":[{"floor":6.0,"key":"Letter Opener"},{"floor":9.0,"key":"Regal Pillow"},{"floor":10.0,"key":"Shuriken"},{"floor":26.0,"key":"MawBank"}],"event_choices":[{"damage_healed":0.0,"max_hp_gain":0.0,"max_hp_loss":0.0,"gold_gain":0.0,"event_name":"Scrap Ooze","player_choice":"Success","floor":2.0,"gold_loss":0.0,"damage_taken":3.0,"relics_obtained":["Ninja Scroll"]},{"damage_healed":0.0,"max_hp_gain":0.0,"max_hp_loss":0.0,"gold_gain":0.0,"event_name":"Shining Light","player_choice":"Entered Light","floor":3.0,"gold_loss":0.0,"damage_taken":14.0,"cards_upgraded":["Survivor","Strike_G"]},{"damage_healed":0.0,"max_hp_gain":0.0,"max_hp_loss":0.0,"gold_gain":100.0,"event_name":"Golden Shrine","player_choice":"Pray","floor":4.0,"gold_loss":0.0,"damage_taken":0.0},{"damage_healed":0.0,"max_hp_gain":0.0,"max_hp_loss":0.0,"gold_gain":0.0,"event_name":"The Mausoleum","player_choice":"Opened","floor":19.0,"gold_loss":0.0,"damage_taken":0.0,"relics_obtained":["Snake Skull"],"cards_obtained":["Writhe"]},{"damage_healed":0.0,"max_hp_gain":0.0,"max_hp_loss":0.0,"gold_gain":0.0,"event_name":"N\u0027loth","player_choice":"Traded Relic","floor":21.0,"relics_lost":["Shuriken"],"gold_loss":0.0,"damage_taken":0.0,"relics_obtained":["Nloth\u0027s Gift"]}],"is_beta":false,"boss_relics":[{"not_picked":["Black Star","Astrolabe"],"picked":"Sozu"},{"not_picked":["Velvet Choker","Orrery"],"picked":"HoveringKite"}],"items_purged_floors":[],"is_endless":false,"potions_floor_spawned":[1,12,18,30,31,33,35],"killed_by":"3 Shapes","ascension_level":0}