{"gold_per_floor":[114,133,133,308,332,357,6,26,50,68,68,87,87,105,105,201,201,211,136,136,153,153,168,183,194,220,220,234,251,251,268,268,368,368,386,398,448,548,561,561,113,132,432,432,466,96,96,109,109,109,109,109,109,136,136],"floor_reached":55,"playtime":2252,"items_purged":["Doubt","Pommel Strike"],"score":728,"play_id":"87b696ef-6fb8-4655-9d91-5d9653b5aded","local_time":"20190216222936","is_ascension_mode":false,"campfire_choices":[{"data":"Armaments","floor":11,"key":"SMITH"},{"floor":13,"key":"RECALL"},{"data":"Uppercut","floor":15,"key":"SMITH"},{"data":"Double Tap","floor":30,"key":"SMITH"},{"data":"Twin Strike","floor":32,"key":"SMITH"},{"floor":40,"key":"REST"},{"data":"Limit Break","floor":44,"key":"SMITH"},{"data":"Offering","floor":47,"key":"SMITH"},{"data":"Burning Pact","floor":49,"key":"SMITH"},{"data":"Bite","floor":52,"key":"SMITH"}],"neow_cost":"NONE","seed_source_timestamp":81041619572487,"circlet_count":0,"master_deck":["Defend_R","Defend_R","Defend_R","Bash","Armaments+1","Shrug It Off","Twin Strike","Uppercut+1","Double Tap+1","Reaper+1","Disarm+1","Bite+1","Bite","Bite","Bite","Bite","Twin Strike+1","Anger","Cleave","Burning Pact+1","Limit Break+1","Whirlwind+1","Intimidate","Rage+1","Offering+1","Master of Strategy"],"relics":["Burning Blood","NeowsBlessing","The Courier","Brimstone","Vajra","Boot","Astrolabe","Regal Pillow","FaceOfCleric","Sozu","Prayer Wheel","Charon\u0027s Ashes","Champion Belt","Old Coin","PreservedInsect","Happy Flower","Oddly Smooth Stone","Art of War"],"potions_floor_usage":[28,33,33,50,55],"damage_taken":[{"damage":0,"enemies":"Jaw Worm","floor":1,"turns":1},{"damage":0,"enemies":"Small Slimes","floor":2,"turns":1},{"damage":0,"enemies":"Lagavulin","floor":6,"turns":2},{"damage":0,"enemies":"2 Louse","floor":8,"turns":2},{"damage":26,"enemies":"Gremlin Gang","floor":10,"turns":4},{"damage":0,"enemies":"Exordium Wildlife","floor":12,"turns":2},{"damage":6,"enemies":"Exordium Thugs","floor":14,"turns":3},{"damage":26,"enemies":"The Guardian","floor":16,"turns":7},{"damage":15,"enemies":"Shell Parasite","floor":18,"turns":3},{"damage":3,"enemies":"Chosen","floor":21,"turns":3},{"damage":22,"enemies":"Snake Plant","floor":23,"turns":3},{"damage":12,"enemies":"Cultist and Chosen","floor":24,"turns":4},{"damage":33,"enemies":"Sentry and Sphere","floor":25,"turns":4},{"damage":8,"enemies":"Snecko","floor":28,"turns":4},{"damage":24,"enemies":"Snake Plant","floor":29,"turns":2},{"damage":32,"enemies":"Centurion and Healer","floor":31,"turns":5},{"damage":97,"enemies":"Collector","floor":33,"turns":11},{"damage":24,"enemies":"3 Shapes","floor":35,"turns":4},{"damage":8,"enemies":"3 Darklings","floor":36,"turns":2},{"damage":61,"enemies":"2 Orb Walkers","floor":37,"turns":4},{"damage":0,"enemies":"Mind Bloom Boss Battle","floor":38,"turns":4},{"damage":22,"enemies":"Maw","floor":39,"turns":5},{"damage":23,"enemies":"4 Shapes","floor":42,"turns":2},{"damage":32,"enemies":"Reptomancer","floor":45,"turns":4},{"damage":0,"enemies":"Jaw Worm Horde","floor":48,"turns":3},{"damage":71,"enemies":"Awakened One","floor":50,"turns":7},{"damage":24,"enemies":"Shield and Spear","floor":54,"turns":3},{"damage":71,"enemies":"The Heart","floor":55,"turns":3}],"seed_played":"4765021464080021205","potions_obtained":[{"floor":2,"key":"Swift Potion"},{"floor":8,"key":"Swift Potion"},{"floor":16,"key":"LiquidBronze"},{"floor":25,"key":"Fruit Juice"},{"floor":29,"key":"SkillPotion"},{"floor":33,"key":"AttackPotion"}],"is_trial":false,"path_per_floor":["M","M","?","?","T","E","$","M","T","M","R","M","R","M","R","B",null,"M","?","?","M","?","M","M","M","T","?","M","M","R","M","R","B",null,"M","M","?","?","M","R","$","M","T","R","E","$","R","M","R","B",null,"R","$","E","B"],"character_chosen":"IRONCLAD","items_purchased":["Brimstone","Vajra","Champion Belt","Offering","Happy Flower","Master of Strategy","Oddly Smooth Stone"],"campfire_rested":1,"item_purchase_floors":[7,7,41,41,46,46,46],"current_hp_per_floor":[80,80,80,80,80,80,80,80,80,60,60,66,66,66,66,46,80,71,71,56,56,56,56,56,33,33,33,58,47,47,55,55,13,65,65,65,25,41,46,70,70,56,56,56,58,58,58,73,73,30,74,74,74,62,0],"gold":136,"neow_bonus":"THREE_ENEMY_KILL","is_prod":false,"is_daily":false,"chose_seed":false,"campfire_upgraded":8,"win_rate":0,"timestamp":1550323776,"path_taken":["M","M","?","?","?","E","?","M","T","M","R","M","R","M","R","BOSS","M","?","?","M","?","?","M","M","T","?","M","M","R","M","R","BOSS","M","M","?","?","M","R","?","?","T","R","E","$","R","M","R","BOSS","R","$","E","BOSS"],"build_version":"2019-01-23","purchased_purges":2,"victory":false,"max_hp_per_floor":[80,80,80,80,80,80,80,80,80,80,80,80,80,80,80,80,80,80,80,56,56,56,56,56,56,56,56,62,63,63,64,64,65,65,66,67,68,69,70,70,70,71,71,71,72,72,72,73,73,74,74,74,74,75,75],"card_choices":[{"not_picked":["Perfected Strike","Bloodletting","Warcry"],"picked":"SKIP","floor":1},{"not_picked":["Wild Strike","Exhume"],"picked":"Armaments","floor":2},{"not_picked":["Burning Pact","Pummel"],"picked":"Shrug It Off","floor":6},{"not_picked":["Wild Strike","Clash","Burning Pact"],"picked":"SKIP","floor":8},{"not_picked":["Sentinel","Warcry"],"picked":"Twin Strike","floor":10},{"not_picked":["Headbutt","Fire Breathing"],"picked":"Uppercut","floor":12},{"not_picked":["True Grit","Iron Wave","Body Slam"],"picked":"SKIP","floor":14},{"not_picked":["Brutality","Fiend Fire"],"picked":"Double Tap","floor":16},{"not_picked":["Anger","True Grit+1","Battle Trance"],"picked":"SKIP","floor":18},{"not_picked":["Armaments","Sever Soul"],"picked":"Twin Strike","floor":21},{"not_picked":["Battle Trance","Heavy Blade"],"picked":"Cleave","floor":23},{"not_picked":["Heavy Blade","Flex"],"picked":"Burning Pact","floor":24},{"not_picked":["Body Slam","Thunderclap+1","Headbutt"],"picked":"SKIP","floor":25},{"not_picked":["True Grit","Thunderclap","Entrench"],"picked":"SKIP","floor":28},{"not_picked":["Shrug It Off","Clothesline+1","Fire Breathing"],"picked":"SKIP","floor":29},{"not_picked":["Havoc","Clothesline+1","Perfected Strike"],"picked":"SKIP","floor":31},{"not_picked":["Bludgeon","Impervious"],"picked":"Limit Break","floor":33},{"not_picked":["Warcry+1","Havoc+1"],"picked":"Whirlwind+1","floor":35},{"not_picked":["Combust+1","Hemokinesis","Corruption+1"],"picked":"SKIP","floor":36},{"not_picked":["Flex+1","Entrench"],"picked":"Intimidate","floor":39},{"not_picked":["Anger","True Grit"],"picked":"Rage+1","floor":39},{"not_picked":["Flex+1","Iron Wave+1","Headbutt+1"],"picked":"SKIP","floor":42},{"not_picked":["Metallicize","Pommel Strike","Burning Pact+1"],"picked":"SKIP","floor":42},{"not_picked":["Pommel Strike","Flex+1","Ghostly Armor"],"picked":"SKIP","floor":45},{"not_picked":["Entrench+1","Whirlwind","Berserk"],"picked":"SKIP","floor":48},{"not_picked":["Shrug It Off+1","Armaments+1","Uppercut+1"],"picked":"SKIP","floor":48},{"not_picked":["Second Wind+1","Dual Wield","Headbutt"],"picked":"SKIP","floor":54}],"player_experience":123871,"relics_obtained":[{"floor":6,"key":"The Courier"},{"floor":9,"key":"Boot"},{"floor":26,"key":"Regal Pillow"},{"floor":37,"key":"Prayer Wheel"},{"floor":38,"key":"Charon\u0027s Ashes"},{"floor":43,"key":"Old Coin"},{"floor":45,"key":"PreservedInsect"},{"floor":54,"key":"Art of War"}],"event_choices":[{"damage_healed":0,"gold_gain":0,"cards_transformed":["Strike_R"],"player_choice":"Change","damage_taken":0,"max_hp_gain":0,"max_hp_loss":0,"event_name":"Living Wall","floor":3,"gold_loss":0,"cards_obtained":["Pommel Strike"]},{"damage_healed":0,"gold_gain":175,"player_choice":"AGREE","damage_taken":0,"max_hp_gain":0,"max_hp_loss":0,"event_name":"Liars Game","floor":4,"gold_loss":0,"cards_obtained":["Doubt"]},{"cards_removed":["Burning Pact"],"damage_healed":0,"gold_gain":0,"player_choice":"Gave Gold","damage_taken":0,"max_hp_gain":0,"max_hp_loss":0,"event_name":"Beggar","floor":19,"gold_loss":75},{"damage_healed":0,"gold_gain":0,"player_choice":"Became a vampire","damage_taken":0,"max_hp_gain":0,"max_hp_loss":24,"event_name":"Vampires","floor":20,"gold_loss":0,"cards_obtained":["Bite","Bite","Bite","Bite","Bite"]},{"damage_healed":0,"gold_gain":0,"player_choice":"1 cards matched","damage_taken":0,"max_hp_gain":0,"max_hp_loss":0,"event_name":"Match and Keep!","floor":22,"gold_loss":0,"cards_obtained":["Anger"]},{"damage_healed":0,"gold_gain":0,"player_choice":"Trade","damage_taken":0,"relics_obtained":["FaceOfCleric"],"max_hp_gain":0,"max_hp_loss":0,"event_name":"FaceTrader","floor":27,"gold_loss":0},{"damage_healed":0,"gold_gain":0,"player_choice":"Fight","damage_taken":0,"max_hp_gain":0,"max_hp_loss":0,"event_name":"Mysterious Sphere","floor":37,"gold_loss":0},{"damage_healed":0,"gold_gain":0,"player_choice":"Fight","damage_taken":0,"max_hp_gain":0,"max_hp_loss":0,"event_name":"MindBloom","floor":38,"gold_loss":0}],"is_beta":false,"boss_relics":[{"not_picked":["Empty Cage","Busted Crown"],"picked":"Astrolabe"},{"not_picked":["Runic Cube","Snecko Eye"],"picked":"Sozu"}],"items_purged_floors":[7,41],"is_endless":false,"potions_floor_spawned":[2,8,16,25,29,33,35,42,54],"killed_by":"The Heart","ascension_level":0}