{"gold_per_floor":[110,110,123,123,140,140,90,90,168,168,194,30,330,345,345,446,496,507,422,268,286,296,296,309,309],"floor_reached":25,"playtime":879,"items_purged":["Strike_G"],"score":239,"play_id":"b1389f14-4d64-4bd8-83ae-8c7095a2395b","local_time":"20181026145600","is_ascension_mode":true,"campfire_choices":[{"data":"Bane","floor":6,"key":"SMITH"},{"data":"Neutralize","floor":10,"key":"SMITH"},{"data":"Noxious Fumes","floor":15,"key":"SMITH"},{"data":"Bouncing Flask","floor":23,"key":"SMITH"}],"neow_cost":"NONE","seed_source_timestamp":607324673255629,"circlet_count":0,"master_deck":["Defend_G","Defend_G+1","Defend_G","Defend_G","Defend_G+1","Strike_G+1","Strike_G","Strike_G","Survivor","Neutralize+1","Backflip","Bane+1","Noxious Fumes+1","Glass Knife","Terror","Quick Slash","Poisoned Stab","Caltrops","Bouncing Flask+1"],"relics":["Ring of the Snake","Snake Skull","Question Card","The Courier","Potion Belt","HandDrill","Old Coin","Tiny House","Omamori"],"potions_floor_usage":[3,18,18,21,24,24],"damage_taken":[{"damage":1,"enemies":"Cultist","floor":1,"turns":4},{"damage":2,"enemies":"Jaw Worm","floor":3,"turns":4},{"damage":0,"enemies":"2 Louse","floor":5,"turns":3},{"damage":1,"enemies":"Looter","floor":14,"turns":4},{"damage":14,"enemies":"The Guardian","floor":16,"turns":9},{"damage":2,"enemies":"2 Thieves","floor":18,"turns":4},{"damage":18,"enemies":"Spheric Guardian","floor":21,"turns":5},{"damage":8,"enemies":"Centurion and Healer","floor":22,"turns":5},{"damage":7,"enemies":"Snake Plant","floor":24,"turns":4},{"damage":41,"enemies":"Gremlin Leader","floor":25,"turns":4}],"seed_played":"2806822998589439228","potions_obtained":[{"floor":1,"key":"Fire Potion"},{"floor":8,"key":"GamblersBrew"},{"floor":8,"key":"Fire Potion"},{"floor":8,"key":"Dexterity Potion"},{"floor":14,"key":"GhostInAJar"},{"floor":16,"key":"EssenceOfSteel"},{"floor":18,"key":"Block Potion"},{"floor":22,"key":"FairyPotion"}],"is_trial":false,"path_per_floor":["M","T","M","?","M","R","?","?","T","R","T","$","?","M","R","B",null,"M","?","$","M","M","R","M"],"character_chosen":"THE_SILENT","items_purchased":["HandDrill","Poisoned Stab","Caltrops"],"campfire_rested":0,"item_purchase_floors":[12,20,20],"current_hp_per_floor":[69,69,67,53,53,53,53,53,53,53,53,53,50,49,49,35,66,64,64,64,46,38,38,31,0],"gold":309,"neow_bonus":"RANDOM_COMMON_RELIC","is_prod":false,"is_daily":false,"chose_seed":false,"campfire_upgraded":4,"win_rate":0,"timestamp":1540527960,"path_taken":["M","?","M","?","M","R","?","?","T","R","?","$","?","M","R","BOSS","M","?","$","M","M","R","M","E"],"build_version":"2018-10-25","purchased_purges":1,"victory":false,"max_hp_per_floor":[70,70,70,70,70,70,70,70,70,70,70,70,70,70,70,70,75,75,75,75,75,75,75,75,75],"card_choices":[{"not_picked":["Dagger Spray","Underhanded Strike"],"picked":"Backflip","floor":1},{"not_picked":["Finisher","Leg Sweep","Dash"],"picked":"Bane","floor":3},{"not_picked":["Outmaneuver","Endless Agony","Bane","Night Terror"],"picked":"SKIP","floor":5},{"not_picked":["Catalyst","Distraction","Outmaneuver"],"picked":"Noxious Fumes","floor":14},{"not_picked":["Venomology","Tools of the Trade","Wraith Form v2"],"picked":"Glass Knife","floor":16},{"not_picked":["Deflect","Expertise","Cloak And Dagger"],"picked":"Terror","floor":17},{"not_picked":["Leg Sweep","Underhanded Strike","Tactician"],"picked":"Quick Slash","floor":18},{"not_picked":["Distraction","Blade Dance","Quick Slash","Flechettes"],"picked":"SKIP","floor":21},{"not_picked":["Glass Knife","Caltrops","Backstab"],"picked":"Bouncing Flask","floor":22},{"not_picked":["Caltrops+1","Bane","Reflex+1","Backflip"],"picked":"SKIP","floor":24}],"player_experience":347655,"relics_obtained":[{"floor":2,"key":"Question Card"},{"floor":9,"key":"The Courier"},{"floor":11,"key":"Potion Belt"}],"event_choices":[{"damage_healed":0,"gold_gain":0,"player_choice":"Entered Light","damage_taken":14,"max_hp_gain":0,"max_hp_loss":0,"event_name":"Shining Light","floor":4,"gold_loss":0,"cards_upgraded":["Defend_G","Defend_G"]},{"cards_removed":["Strike_G"],"damage_healed":0,"gold_gain":0,"player_choice":"Card Removal","damage_taken":0,"max_hp_gain":0,"max_hp_loss":0,"event_name":"The Cleric","floor":7,"gold_loss":50},{"damage_healed":0,"gold_gain":0,"player_choice":"Got Potions","damage_taken":0,"max_hp_gain":0,"max_hp_loss":0,"event_name":"The Lab","floor":8,"gold_loss":0},{"damage_healed":0,"gold_gain":0,"player_choice":"Success","damage_taken":3,"relics_obtained":["Old Coin"],"max_hp_gain":0,"max_hp_loss":0,"event_name":"Scrap Ooze","floor":13,"gold_loss":0},{"damage_healed":0,"gold_gain":0,"player_choice":"Obtained Relic","damage_taken":0,"relics_obtained":["Omamori"],"max_hp_gain":0,"max_hp_loss":0,"event_name":"Addict","floor":19,"gold_loss":85}],"is_beta":false,"boss_relics":[{"not_picked":["Pandora\u0027s Box","Runic Dome"],"picked":"Tiny House"}],"items_purged_floors":[20],"is_endless":false,"potions_floor_spawned":[1,14,16,18,22],"killed_by":"Gremlin Leader","ascension_level":5}