{"gold_per_floor":[118,118,45,61,61,61,99,99,145,168,168,196,215,238,238,238],"floor_reached":16,"playtime":553,"items_purged":[],"score":110,"play_id":"0ea0fcc6-0a43-4d1a-a69b-9741e335d7a8","local_time":"20180908132128","is_ascension_mode":true,"campfire_choices":[{"data":"Defragment","floor":6,"key":"SMITH"},{"data":"Darkness","floor":8,"key":"SMITH"},{"data":"Dualcast","floor":11,"key":"SMITH"},{"floor":15,"key":"REST"}],"neow_cost":"NONE","seed_source_timestamp":971751328903875,"circlet_count":0,"master_deck":["Strike_B","Strike_B","Strike_B","Strike_B","Defend_B","Defend_B","Defend_B","Defend_B","Zap","Dualcast+1","Defragment+1","Doom and Gloom","Doom and Gloom","Injury","Darkness+1","Streamline","Capacitor","Redo"],"relics":["Cracked Core","Bag of Preparation","Darkstone Periapt","Golden Idol","Symbiotic Virus","Strawberry","Odd Mushroom"],"potions_floor_usage":[16,16],"damage_taken":[{"damage":6,"enemies":"Jaw Worm","floor":1,"turns":4},{"damage":1,"enemies":"Cultist","floor":4,"turns":3},{"damage":26,"enemies":"Lagavulin","floor":7,"turns":6},{"damage":0,"enemies":"Small Slimes","floor":10,"turns":3},{"damage":0,"enemies":"The Mushroom Lair","floor":12,"turns":2},{"damage":8,"enemies":"Blue Slaver","floor":13,"turns":3},{"damage":20,"enemies":"Lots of Slimes","floor":14,"turns":3},{"damage":28,"enemies":"The Guardian","floor":16,"turns":5}],"seed_played":"-8468148711122180592","potions_obtained":[{"floor":1,"key":"PowerPotion"},{"floor":10,"key":"Block Potion"},{"floor":13,"key":"Swift Potion"}],"is_trial":false,"path_per_floor":["M","?","$","M","?","R","E","R","T","M","R","?","M","M","R"],"character_chosen":"DEFECT","items_purchased":["Doom and Gloom"],"campfire_rested":1,"item_purchase_floors":[3],"current_hp_per_floor":[69,44,44,43,49,49,23,23,30,30,30,30,22,2,28,0],"gold":238,"neow_bonus":"RANDOM_COMMON_RELIC","is_prod":false,"is_daily":false,"chose_seed":false,"campfire_upgraded":3,"win_rate":0,"timestamp":1536378688,"path_taken":["M","?","$","M","?","R","E","R","T","M","R","?","?","M","R","BOSS"],"build_version":"2018-09-06","purchased_purges":0,"victory":false,"max_hp_per_floor":[75,75,75,75,81,81,81,81,88,88,88,88,88,88,88,88],"card_choices":[{"not_picked":["Reinforced Body","Compile Driver"],"picked":"Defragment","floor":1},{"not_picked":["Go for the Eyes","Hologram"],"picked":"Doom and Gloom","floor":4},{"not_picked":["Sweeping Beam","Hologram"],"picked":"Darkness","floor":7},{"not_picked":["Turbo","Double Energy"],"picked":"Streamline","floor":10},{"not_picked":["Beam Cell","Biased Cognition"],"picked":"Capacitor","floor":12},{"not_picked":["Leap","Streamline"],"picked":"Redo","floor":13},{"not_picked":["Fusion","Beam Cell","Hello World"],"picked":"SKIP","floor":14}],"player_experience":151455,"relics_obtained":[{"floor":7,"key":"Symbiotic Virus"},{"floor":9,"key":"Strawberry"},{"floor":12,"key":"Odd Mushroom"}],"event_choices":[{"event_name":"Scrap Ooze","player_choice":"success","floor":2,"damage_taken":25},{"event_name":"Golden Idol","player_choice":"Take Wound","floor":5,"damage_taken":0},{"event_name":"Mushrooms","player_choice":"Fought Mushrooms","floor":12,"damage_taken":0}],"is_beta":false,"boss_relics":[],"items_purged_floors":[],"is_endless":false,"potions_floor_spawned":[1,10,13],"killed_by":"The Guardian","ascension_level":2}