{"gold_per_floor":[115,126,126,106,124,124,137,137,207,58,114,125,125,140,140,244,244,226,238,157,168,168],"floor_reached":22,"playtime":1183,"items_purged":["Normality"],"score":178,"play_id":"e7408a6a-f3c4-4c12-a7c8-d59c9c8859af","local_time":"20180704234426","is_ascension_mode":false,"campfire_choices":[{"data":"Perfected Strike","floor":6,"key":"SMITH"},{"data":"Juggernaut","floor":8,"key":"SMITH"},{"data":"Metallicize","floor":15,"key":"SMITH"}],"neow_cost":"NONE","seed_source_timestamp":34595665959810,"circlet_count":0,"master_deck":["Strike_R","Strike_R","Strike_R","Strike_R","Strike_R","Defend_R","Defend_R","Defend_R","Defend_R","Bash","Juggernaut+1","Perfected Strike+1","Perfected Strike","Metallicize+1","Thunderclap","Metallicize","Pommel Strike","Shrug It Off","Whirlwind","Barricade","Battle Trance","Armaments","Body Slam","Dual Wield","Entrench","Shockwave"],"relics":["Burning Blood","Vajra","Kunai","Incense Burner","Orrery"],"potions_floor_usage":[21,21],"damage_taken":[{"damage":3,"enemies":"Cultist","floor":1,"turns":5},{"damage":0,"enemies":"Small Slimes","floor":2,"turns":3},{"damage":6,"enemies":"Jaw Worm","floor":5,"turns":3},{"damage":18,"enemies":"Lots of Slimes","floor":7,"turns":5},{"damage":6,"enemies":"3 Sentries","floor":11,"turns":6},{"damage":8,"enemies":"Red Slaver","floor":12,"turns":2},{"damage":5,"enemies":"Blue Slaver","floor":14,"turns":4},{"damage":23,"enemies":"Slime Boss","floor":16,"turns":8},{"damage":9,"enemies":"2 Thieves","floor":18,"turns":5},{"damage":33,"enemies":"Spheric Guardian","floor":19,"turns":6},{"damage":46,"enemies":"Centurion and Healer","floor":21,"turns":9},{"damage":11,"enemies":"Snake Plant","floor":22,"turns":2}],"seed_played":"-7646416654263852465","potions_obtained":[{"floor":2,"key":"Block Potion"},{"floor":4,"key":"Fire Potion"},{"floor":11,"key":"Strength Potion"},{"floor":12,"key":"SteroidPotion"},{"floor":21,"key":"LiquidBronze"}],"is_trial":false,"path_per_floor":["M","M","?","?","M","R","M","R","T","$","?","M","?","M","R","B",null,"M","M","$","M"],"character_chosen":"IRONCLAD","items_purchased":["Metallicize","Entrench"],"campfire_rested":0,"item_purchase_floors":[10,20],"current_hp_per_floor":[80,80,80,80,80,80,68,68,68,68,68,66,66,67,67,50,80,77,50,50,10,0],"gold":168,"neow_bonus":"ONE_RANDOM_RARE_CARD","is_prod":false,"is_daily":false,"chose_seed":false,"campfire_upgraded":3,"win_rate":0.0,"timestamp":1530715466,"path_taken":["M","?","?","?","M","R","M","R","T","?","?","M","?","?","R","BOSS","M","M","$","M","M"],"build_version":"2018-06-28","purchased_purges":1,"victory":false,"max_hp_per_floor":[80,80,80,80,80,80,80,80,80,80,80,80,80,80,80,80,80,80,80,80,80,80],"card_choices":[{"not_picked":["Warcry","Sword Boomerang"],"picked":"Perfected Strike","floor":1},{"not_picked":["Reckless Charge","Thunderclap"],"picked":"Perfected Strike","floor":2},{"not_picked":["Bloodletting","Clothesline"],"picked":"Metallicize","floor":5},{"not_picked":["Anger","Feel No Pain"],"picked":"Thunderclap","floor":7},{"not_picked":["Twin Strike","Rupture"],"picked":"Pommel Strike","floor":11},{"not_picked":["Body Slam","Combust"],"picked":"Shrug It Off","floor":12},{"not_picked":["Thunderclap","Clash"],"picked":"Whirlwind","floor":14},{"not_picked":["Offering","Reaper"],"picked":"Barricade","floor":16},{"not_picked":["Sword Boomerang","Perfected Strike"],"picked":"Battle Trance","floor":17},{"not_picked":["Anger","Power Through"],"picked":"Armaments","floor":17},{"not_picked":["Corruption","Limit Break"],"picked":"Body Slam","floor":18},{"not_picked":["Ghostly Armor","Flex"],"picked":"Dual Wield","floor":19},{"not_picked":["Clash","Thunderclap+1"],"picked":"Shockwave","floor":21}],"player_experience":3596,"relics_obtained":[{"floor":9,"key":"Kunai"},{"floor":11,"key":"Incense Burner"}],"event_choices":[{"event_name":"Accursed Blacksmith","player_choice":"Rummage","floor":3,"damage_taken":0},{"event_name":"The Woman in Blue","player_choice":"Bought 1 Potion","floor":4,"damage_taken":0},{"event_name":"Dead Adventurer","player_choice":"Searched \u00271\u0027 times","floor":11,"damage_taken":0},{"event_name":"Liars Game","player_choice":"disagreed","floor":13,"damage_taken":0}],"boss_relics":[{"not_picked":["Snecko Eye","Coffee Dripper"],"picked":"Orrery"}],"items_purged_floors":[10],"is_endless":false,"potions_floor_spawned":[2,11,12,19,21],"killed_by":"Snake Plant","ascension_level":0}