{"gold_per_floor":[115,129,304,304,324,356,356,373,373,387,405,417,449,73,73,73],"floor_reached":16,"playtime":860,"items_purged":["Strike_R"],"score":160,"play_id":"5fed2b53-94c7-431d-ba9a-1cee4155d1c4","local_time":"20180909145054","is_ascension_mode":true,"campfire_choices":[{"data":"Rampage","floor":7,"key":"SMITH"},{"data":"Fire Breathing","floor":15,"key":"SMITH"}],"neow_cost":"TEN_PERCENT_HP_LOSS","seed_source_timestamp":0,"circlet_count":0,"master_deck":["Strike_R","Strike_R","Strike_R","Strike_R","Defend_R","Defend_R","Defend_R","Defend_R","Bash","Rampage+1","Headbutt","Cleave","Headbutt","Fire Breathing+1","Shrug It Off","Intimidate","Flame Barrier","Headbutt"],"special_seed":0,"relics":["Burning Blood","Prayer Wheel","Blood Vial","Omamori","Paper Frog","Champion Belt"],"potions_floor_usage":[13,13,13,16],"damage_taken":[{"damage":1.0,"enemies":"Cultist","floor":1.0,"turns":3.0},{"damage":20.0,"enemies":"Small Slimes","floor":2.0,"turns":3.0},{"damage":6.0,"enemies":"2 Louse","floor":5.0,"turns":2.0},{"damage":32.0,"enemies":"Gremlin Nob","floor":6.0,"turns":4.0},{"damage":13,"enemies":"Exordium Wildlife","floor":8,"turns":4},{"damage":0,"enemies":"2 Fungi Beasts","floor":10,"turns":2},{"damage":1,"enemies":"Large Slime","floor":11,"turns":5},{"damage":16,"enemies":"Exordium Wildlife","floor":12,"turns":3},{"damage":0,"enemies":"Lagavulin","floor":13,"turns":2},{"damage":39,"enemies":"Hexaghost","floor":16,"turns":9}],"seed_played":"-8252224808662269619","potions_obtained":[{"floor":6.0,"key":"SkillPotion"},{"floor":8,"key":"SpeedPotion"},{"floor":10,"key":"Fire Potion"},{"floor":11,"key":"AttackPotion"},{"floor":13,"key":"AttackPotion"}],"is_trial":false,"path_per_floor":["M","M","?","?","M","E","R","M","T","M","M","M","E","$","R"],"character_chosen":"IRONCLAD","items_purchased":["Champion Belt"],"campfire_rested":0,"item_purchase_floors":[14],"current_hp_per_floor":[72,58,58,51,51,25,25,20,20,28,35,27,35,35,35,0],"gold":73,"neow_bonus":"ONE_RARE_RELIC","is_prod":false,"is_daily":false,"chose_seed":false,"campfire_upgraded":2,"win_rate":0,"timestamp":1536470454,"path_taken":["M","?","?","?","?","E","R","?","T","M","M","M","E","$","R","BOSS"],"build_version":"2018-09-06","purchased_purges":1,"victory":false,"max_hp_per_floor":[72,72,72,72,72,72,72,72,72,72,72,72,72,72,72,72],"card_choices":[{"not_picked":["Iron Wave","True Grit"],"picked":"Rampage","floor":1.0},{"not_picked":["Body Slam","Anger"],"picked":"Headbutt","floor":1.0},{"not_picked":["Flex","Pummel","Anger"],"picked":"SKIP","floor":2.0},{"not_picked":["Burning Pact","Havoc","Combust"],"picked":"SKIP","floor":2.0},{"not_picked":["Perfected Strike","Corruption"],"picked":"Cleave","floor":5.0},{"not_picked":["Cleave","Dropkick"],"picked":"Headbutt","floor":5.0},{"not_picked":["Offering","Hemokinesis"],"picked":"Fire Breathing","floor":6.0},{"not_picked":["Power Through","Dual Wield"],"picked":"Shrug It Off","floor":8},{"not_picked":["Evolve","Shockwave","Perfected Strike"],"picked":"SKIP","floor":8},{"not_picked":["Clash","Flex"],"picked":"Intimidate","floor":10},{"not_picked":["Rampage","Clash","Second Wind"],"picked":"SKIP","floor":10},{"not_picked":["True Grit","Sever Soul"],"picked":"Flame Barrier","floor":11},{"not_picked":["Body Slam","Armaments","Havoc"],"picked":"SKIP","floor":11},{"not_picked":["Sword Boomerang","Body Slam","Iron Wave"],"picked":"SKIP","floor":12},{"not_picked":["Clothesline","Clash","Pommel Strike"],"picked":"SKIP","floor":12},{"not_picked":["Sword Boomerang","Clash"],"picked":"Headbutt","floor":13}],"player_experience":162982,"relics_obtained":[{"floor":6.0,"key":"Blood Vial"},{"floor":9,"key":"Omamori"},{"floor":13,"key":"Paper Frog"}],"event_choices":[{"event_name":"Liars Game","player_choice":"agreed","floor":3.0,"damage_taken":0.0},{"event_name":"Golden Wing","player_choice":"Card Removal","floor":4.0,"damage_taken":0.0}],"is_beta":false,"boss_relics":[],"items_purged_floors":[14],"is_endless":false,"potions_floor_spawned":[6,8,10,11,12,13],"killed_by":"Hexaghost","ascension_level":3}