{"gold_per_floor":[112,57,57,57,71,99,110,110,110,129,129,144,144,171,171,249,249,266,181,181,191,205,205,220,220,247,247,247,247,281,300,300,374,374,388,408,34,52,52,52,52,85,85,185,14,14,27,43,43,43,43,43,43,18,18],"floor_reached":55,"playtime":2582,"items_purged":[],"score":2050,"play_id":"0c7c3590-8232-458b-ba72-496f13c2ef22","local_time":"20181217222530","is_ascension_mode":true,"campfire_choices":[{"data":"Zap","floor":8.0,"key":"SMITH"},{"data":"Defragment","floor":13.0,"key":"SMITH"},{"data":"White Noise","floor":15.0,"key":"SMITH"},{"data":"Defragment","floor":23.0,"key":"SMITH"},{"floor":25.0,"key":"REST"},{"floor":32.0,"key":"REST"},{"floor":40.0,"key":"REST"},{"floor":46.0,"key":"RECALL"},{"floor":49,"key":"REST"},{"data":"Fusion","floor":53,"key":"SMITH"}],"neow_cost":"NONE","seed_source_timestamp":358403866502166,"circlet_count":0,"master_deck":["AscendersBane","Zap+1","Dualcast","Cold Snap","Cold Snap","Reinforced Body","Conserve Battery","White Noise+1","Chill","Defragment+1","BootSequence","Echo Form","Doom and Gloom","Streamline+1","Defragment+1","Cold Snap","Machine Learning","Zap","Reinforced Body+1","Steam","Amplify","Barrage","Compile Driver","Capacitor","Thunder Strike","Reboot","Barrage","Fusion+1","Thunder Strike","Undo+1","Go for the Eyes+1","Discovery","Consume+1","PanicButton","Master of Strategy","Finesse","Capacitor","Coolheaded","Core Surge+1","Coolheaded+1","Double Energy","Ball Lightning+1"],"special_seed":0,"relics":["FrozenCore","NeowsBlessing","Pear","Shuriken","Bottled Tornado","Unceasing Top","Strawberry","Blood Vial","Pandora\u0027s Box","Meat on the Bone","Anchor","Molten Egg 2","Emotion Chip"],"potions_floor_usage":[48,50],"damage_taken":[{"damage":0.0,"enemies":"Jaw Worm","floor":1.0,"turns":1.0},{"damage":0.0,"enemies":"2 Louse","floor":5.0,"turns":1.0},{"damage":0.0,"enemies":"Gremlin Nob","floor":6.0,"turns":1.0},{"damage":0.0,"enemies":"Small Slimes","floor":7.0,"turns":3.0},{"damage":3.0,"enemies":"3 Louse","floor":10.0,"turns":4.0},{"damage":0.0,"enemies":"Red Slaver","floor":12.0,"turns":5.0},{"damage":0.0,"enemies":"3 Sentries","floor":14.0,"turns":11.0},{"damage":34.0,"enemies":"Hexaghost","floor":16.0,"turns":13.0},{"damage":0.0,"enemies":"Spheric Guardian","floor":18.0,"turns":8.0},{"damage":0.0,"enemies":"Shell Parasite","floor":21.0,"turns":8.0},{"damage":16.0,"enemies":"Shelled Parasite and Fungi","floor":22.0,"turns":6.0},{"damage":1.0,"enemies":"Cultist and Chosen","floor":24.0,"turns":7.0},{"damage":38.0,"enemies":"Book of Stabbing","floor":30.0,"turns":8.0},{"damage":17.0,"enemies":"Snake Plant","floor":31.0,"turns":6.0},{"damage":37.0,"enemies":"Automaton","floor":33.0,"turns":12.0},{"damage":52.0,"enemies":"3 Darklings","floor":35.0,"turns":5.0},{"damage":0.0,"enemies":"Orb Walker","floor":36.0,"turns":6.0},{"damage":0.0,"enemies":"4 Shapes","floor":38.0,"turns":7.0},{"damage":0.0,"enemies":"Giant Head","floor":42.0,"turns":10.0},{"damage":0.0,"enemies":"Mind Bloom Boss Battle","floor":44.0,"turns":6.0},{"damage":8.0,"enemies":"Sphere and 2 Shapes","floor":47.0,"turns":10.0},{"damage":43,"enemies":"Transient","floor":48,"turns":6},{"damage":2,"enemies":"Donu and Deca","floor":50,"turns":12},{"damage":0,"enemies":"Time Eater","floor":51,"turns":16},{"damage":93,"enemies":"Shield and Spear","floor":55,"turns":8}],"seed_played":"4770644463234811579","potions_obtained":[{"floor":5.0,"key":"Ancient Potion"},{"floor":7.0,"key":"Energy Potion"},{"floor":12.0,"key":"SkillPotion"},{"floor":21.0,"key":"Strength Potion"},{"floor":33.0,"key":"Energy Potion"},{"floor":35.0,"key":"Ancient Potion"},{"floor":42.0,"key":"Strength Potion"},{"floor":48,"key":"GamblersBrew"}],"is_trial":false,"path_per_floor":["M","$","?","$","M","E","M","R","T","M","?","M","R","E","R","B",null,"M","?","?","M","M","R","M","R","T","?","?","?","E","M","R","B",null,"M","M","$","M","T","R","?","E","T","?","$","R","M","M","R","B","B",null,"R","$","E"],"character_chosen":"DEFECT","items_purchased":["Cold Snap","Meat on the Bone","Discovery","Core Surge+1","Ball Lightning+1"],"campfire_rested":4,"item_purchase_floors":[2,37,37,45,54],"current_hp_per_floor":[64,64,69,69,69,79,79,79,79,76,76,76,76,76,76,42,75,75,75,50,50,34,34,33,60,67,67,67,67,29,14,43,8,76,26,28,28,42,42,71,61,63,63,65,65,65,59,30,59,59,61,89,89,89,0],"gold":18,"neow_bonus":"THREE_ENEMY_KILL","is_prod":false,"is_daily":false,"chose_seed":false,"campfire_upgraded":5,"win_rate":0,"timestamp":1545053130,"path_taken":["M","$","?","$","M","E","M","R","T","M","?","M","R","E","R","BOSS","M","?","?","M","M","R","M","R","T","?","?","?","E","M","R","BOSS","M","M","$","M","?","R","?","E","T","?","$","R","M","M","R","BOSS","BOSS","R","$","E"],"build_version":"2018-12-13","purchased_purges":0,"victory":false,"max_hp_per_floor":[71,71,76,76,76,86,86,86,86,86,86,86,86,86,86,86,86,86,86,91,91,91,91,91,91,98,98,98,98,98,98,98,98,98,98,98,98,98,98,98,98,98,98,98,98,98,98,98,98,98,98,98,98,98,98],"card_choices":[{"not_picked":["Ball Lightning","Steam"],"picked":"Cold Snap","floor":1.0},{"not_picked":["Compile Driver","Leap"],"picked":"Reinforced Body","floor":5.0},{"not_picked":["Go for the Eyes","Static Discharge"],"picked":"Conserve Battery","floor":6.0},{"not_picked":["Rebound","Go for the Eyes"],"picked":"White Noise","floor":7.0},{"not_picked":["Sunder","Consume"],"picked":"Chill","floor":10.0},{"not_picked":["Sweeping Beam","Steam"],"picked":"Defragment","floor":12.0},{"not_picked":["FTL","Tempest"],"picked":"BootSequence","floor":14.0},{"not_picked":["Rainbow","Hyperbeam"],"picked":"Echo Form","floor":16.0},{"not_picked":["Sweeping Beam","Ball Lightning"],"picked":"Doom and Gloom","floor":18.0},{"not_picked":["Rebound","Conserve Battery"],"picked":"Streamline+1","floor":21.0},{"not_picked":["Turbo","Hologram"],"picked":"Defragment","floor":22.0},{"not_picked":["Skim","Blizzard"],"picked":"Cold Snap","floor":24.0},{"not_picked":["Self Repair","Gash"],"picked":"Reinforced Body+1","floor":30.0},{"not_picked":["Sweeping Beam","Barrage"],"picked":"Steam","floor":31.0},{"not_picked":["Reboot","Rainbow"],"picked":"Amplify","floor":33.0},{"not_picked":["Beam Cell","Skim"],"picked":"Undo+1","floor":35.0},{"not_picked":["Force Field","Beam Cell"],"picked":"Go for the Eyes+1","floor":36.0},{"not_picked":["Compile Driver+1","Conserve Battery+1"],"picked":"Consume+1","floor":38.0},{"not_picked":["Dark Shackles","Flash of Steel"],"picked":"PanicButton","floor":41.0},{"not_picked":["Panacea","Trip"],"picked":"Master of Strategy","floor":41.0},{"not_picked":["Swift Strike","PanicButton"],"picked":"Finesse","floor":41.0},{"not_picked":["Sweeping Beam+1","Chaos"],"picked":"Capacitor","floor":42.0},{"not_picked":["Redo","Storm"],"picked":"Coolheaded","floor":44.0},{"not_picked":["Hello World","Sweeping Beam+1"],"picked":"Coolheaded+1","floor":47.0},{"not_picked":["Doom and Gloom+1","Reinforced Body"],"picked":"Double Energy","floor":48}],"player_experience":810719,"relics_obtained":[{"floor":6.0,"key":"Pear"},{"floor":9.0,"key":"Shuriken"},{"floor":14.0,"key":"Bottled Tornado"},{"floor":26.0,"key":"Strawberry"},{"floor":30.0,"key":"Blood Vial"},{"floor":42.0,"key":"Anchor"},{"floor":43.0,"key":"Molten Egg 2"},{"floor":44.0,"key":"Emotion Chip"}],"event_choices":[{"damage_healed":0.0,"max_hp_gain":5.0,"max_hp_loss":0.0,"gold_gain":0.0,"event_name":"Big Fish","player_choice":"Donut","floor":3.0,"gold_loss":0.0,"damage_taken":0.0},{"damage_healed":0.0,"max_hp_gain":0.0,"max_hp_loss":0.0,"gold_gain":0.0,"event_name":"Liars Game","player_choice":"Ignored","floor":11.0,"gold_loss":0.0,"damage_taken":0.0},{"damage_healed":0.0,"max_hp_gain":0.0,"max_hp_loss":0.0,"gold_gain":0.0,"event_name":"Addict","player_choice":"Obtained Relic","floor":19.0,"gold_loss":85.0,"damage_taken":0.0,"relics_obtained":["Unceasing Top"]},{"damage_healed":0.0,"max_hp_gain":5.0,"max_hp_loss":0.0,"gold_gain":0.0,"event_name":"Forgotten Altar","player_choice":"Shed Blood","floor":20.0,"gold_loss":0.0,"damage_taken":30.0},{"damage_healed":0.0,"max_hp_gain":0.0,"max_hp_loss":0.0,"gold_gain":0.0,"event_name":"The Mausoleum","player_choice":"Ignored","floor":27.0,"gold_loss":0.0,"damage_taken":0.0},{"damage_healed":0.0,"max_hp_gain":0.0,"max_hp_loss":0.0,"gold_gain":0.0,"event_name":"Ghosts","player_choice":"Ignored","floor":28.0,"gold_loss":0.0,"damage_taken":0.0},{"damage_healed":0.0,"max_hp_gain":0.0,"max_hp_loss":0.0,"gold_gain":0.0,"event_name":"Match and Keep!","player_choice":"2 cards matched","floor":29.0,"gold_loss":0.0,"damage_taken":0.0,"cards_obtained":["Machine Learning","Zap"]},{"damage_healed":0.0,"max_hp_gain":0.0,"max_hp_loss":0.0,"gold_gain":0.0,"event_name":"SensoryStone","player_choice":"Memory 3","floor":41.0,"gold_loss":0.0,"damage_taken":10.0},{"damage_healed":0.0,"max_hp_gain":0.0,"max_hp_loss":0.0,"gold_gain":0.0,"event_name":"MindBloom","player_choice":"Fight","floor":44.0,"gold_loss":0.0,"damage_taken":0.0}],"is_beta":false,"boss_relics":[{"not_picked":["Sozu","Empty Cage"],"picked":"FrozenCore"},{"not_picked":["Tiny House","Snecko Eye"],"picked":"Pandora\u0027s Box"}],"items_purged_floors":[],"is_endless":false,"potions_floor_spawned":[5,7,12,21,33,35,42,47,48],"killed_by":"Shield and Spear","ascension_level":20}