{"gold_per_floor":[116,134,134,134,145,145,160,160,160,171,188,138,157,171,171,272,272,282,282,282,282,56,56,88,88,88,88,103,117,129,61,61,161,161,173,173,173,188,198,198],"floor_reached":40,"playtime":1456,"items_purged":["Doom and Gloom"],"score":530,"play_id":"2344b79c-fa37-4489-af18-6d651b3498b2","local_time":"20181019120548","is_ascension_mode":true,"campfire_choices":[{"data":"Gash","floor":6,"key":"SMITH"},{"floor":15,"key":"REST"},{"data":"1","floor":23,"key":"LIFT"},{"data":"2","floor":25,"key":"LIFT"},{"data":"3","floor":27,"key":"LIFT"},{"data":"Echo Form","floor":32,"key":"SMITH"}],"neow_cost":"NONE","seed_source_timestamp":185746413687002,"circlet_count":0,"master_deck":["Zap+1","Dualcast","Leap","Cold Snap","Consume","Gash+1","Redo","Streamline","Gash","Static Discharge","All For One","Streamline","Gash","Defragment","Skim","Gash","Ghostly","Ghostly","Ghostly","Ghostly","RitualDagger","Echo Form+1","Buffer","Hologram+1","Redo+1"],"relics":["FrozenCore","NeowsBlessing","Darkstone Periapt","Pandora\u0027s Box","Girya","Bag of Preparation","Nunchaku","Cables","Vajra"],"potions_floor_usage":[16,16,33,33],"damage_taken":[{"damage":0,"enemies":"Cultist","floor":1,"turns":1},{"damage":0,"enemies":"Small Slimes","floor":2,"turns":1},{"damage":0,"enemies":"Jaw Worm","floor":5,"turns":1},{"damage":7,"enemies":"Exordium Thugs","floor":7,"turns":6},{"damage":1,"enemies":"Blue Slaver","floor":10,"turns":4},{"damage":0,"enemies":"2 Fungi Beasts","floor":11,"turns":2},{"damage":6,"enemies":"Looter","floor":13,"turns":3},{"damage":29,"enemies":"Gremlin Gang","floor":14,"turns":4},{"damage":19,"enemies":"Hexaghost","floor":16,"turns":9},{"damage":6,"enemies":"Spheric Guardian","floor":18,"turns":3},{"damage":1,"enemies":"Book of Stabbing","floor":24,"turns":5},{"damage":4,"enemies":"Shell Parasite","floor":28,"turns":4},{"damage":5,"enemies":"Centurion and Healer","floor":29,"turns":4},{"damage":3,"enemies":"Snake Plant","floor":30,"turns":3},{"damage":7,"enemies":"Collector","floor":33,"turns":6},{"damage":9,"enemies":"3 Shapes","floor":35,"turns":6},{"damage":0,"enemies":"Orb Walker","floor":38,"turns":3},{"damage":22,"enemies":"Jaw Worm Horde","floor":39,"turns":6},{"damage":19,"enemies":"Maw","floor":40,"turns":2}],"seed_played":"7249425816897526889","potions_obtained":[{"floor":2,"key":"Strength Potion"},{"floor":7,"key":"FocusPotion"},{"floor":13,"key":"SkillPotion"},{"floor":30,"key":"Regen Potion"},{"floor":33,"key":"FocusPotion"},{"floor":39,"key":"Strength Potion"}],"is_trial":false,"path_per_floor":["M","M","?","?","M","R","M","?","T","M","M","?","M","M","R","B",null,"M","?","?","T","$","R","E","R","T","R","M","M","M","?","R","B",null,"M","?","?","M","M"],"character_chosen":"DEFECT","items_purchased":["Bag of Preparation"],"campfire_rested":1,"item_purchase_floors":[22],"current_hp_per_floor":[75,75,75,75,75,75,68,61,61,60,60,60,54,25,47,28,75,69,37,31,31,31,31,30,30,30,30,26,21,18,18,18,20,37,28,28,28,28,6,0],"gold":198,"neow_bonus":"THREE_ENEMY_KILL","is_prod":false,"is_daily":false,"chose_seed":false,"campfire_upgraded":2,"win_rate":0,"timestamp":1539912948,"path_taken":["M","?","?","?","M","R","M","?","T","?","M","?","M","?","R","BOSS","M","?","?","?","$","R","E","R","T","R","M","M","M","?","R","BOSS","M","?","?","M","?","M"],"build_version":"2018-10-18","purchased_purges":1,"victory":false,"max_hp_per_floor":[75,75,75,75,75,75,75,75,75,75,75,75,75,75,75,75,75,75,37,37,37,37,37,37,37,37,37,37,37,37,37,37,37,37,37,37,35,35,35,35],"card_choices":[{"not_picked":["Stack","Lockon"],"picked":"Leap","floor":1},{"not_picked":["Leap","Undo"],"picked":"Cold Snap","floor":2},{"not_picked":["Biased Cognition","Compile Driver"],"picked":"Gash","floor":5},{"not_picked":["Rebound","Force Field"],"picked":"Redo","floor":7},{"not_picked":["Consume","Compile Driver"],"picked":"Streamline","floor":10},{"not_picked":["Loop","Turbo","Cold Snap"],"picked":"SKIP","floor":11},{"not_picked":["Capacitor","Rip and Tear"],"picked":"Gash","floor":13},{"not_picked":["Conserve Battery","Steam"],"picked":"Static Discharge","floor":14},{"not_picked":["Echo Form","Hyperbeam"],"picked":"All For One","floor":16},{"not_picked":["Leap","Stack"],"picked":"Gash","floor":18},{"not_picked":["Coolheaded","Chaos"],"picked":"Echo Form","floor":24},{"not_picked":["Capacitor","Compile Driver+1","Rip and Tear"],"picked":"SKIP","floor":28},{"not_picked":["Undo","Glacier","Steam Power"],"picked":"SKIP","floor":29},{"not_picked":["Coolheaded","Leap","Undo"],"picked":"SKIP","floor":30},{"not_picked":["Echo Form","Rainbow"],"picked":"Buffer","floor":33},{"not_picked":["Compile Driver+1","Conserve Battery"],"picked":"Hologram+1","floor":35},{"not_picked":["Doom and Gloom+1","Barrage"],"picked":"Redo+1","floor":38},{"not_picked":["Leap+1","Heatsinks","Loop+1"],"picked":"SKIP","floor":39}],"player_experience":312312,"relics_obtained":[{"floor":9,"key":"Darkstone Periapt"},{"floor":21,"key":"Girya"},{"floor":24,"key":"Nunchaku"},{"floor":26,"key":"Cables"}],"event_choices":[{"damage_healed":0,"gold_gain":0,"player_choice":"Grow","damage_taken":0,"max_hp_gain":0,"max_hp_loss":0,"event_name":"Living Wall","floor":3,"gold_loss":0,"cards_upgraded":["Zap"]},{"damage_healed":0,"gold_gain":0,"cards_transformed":["Strike_B"],"player_choice":"Transformed","damage_taken":0,"max_hp_gain":0,"max_hp_loss":0,"event_name":"Transmorgrifier","floor":4,"gold_loss":0,"cards_obtained":["Consume"]},{"cards_removed":["Strike_B"],"damage_healed":0,"gold_gain":0,"player_choice":"Card Removal","damage_taken":7,"max_hp_gain":0,"max_hp_loss":0,"event_name":"Golden Wing","floor":8,"gold_loss":0},{"cards_removed":["Strike_B"],"damage_healed":0,"gold_gain":0,"player_choice":"Card Removal","damage_taken":0,"max_hp_gain":0,"max_hp_loss":0,"event_name":"The Cleric","floor":12,"gold_loss":50},{"damage_healed":0,"gold_gain":0,"player_choice":"Became a Ghost","damage_taken":0,"max_hp_gain":0,"max_hp_loss":38,"event_name":"Ghosts","floor":19,"gold_loss":0,"cards_obtained":["Ghostly","Ghostly","Ghostly","Ghostly","Ghostly"]},{"damage_healed":0,"gold_gain":0,"player_choice":"Joined the Cult","damage_taken":6,"max_hp_gain":0,"max_hp_loss":0,"event_name":"Nest","floor":20,"gold_loss":0,"cards_obtained":["RitualDagger"]},{"damage_healed":0,"gold_gain":0,"player_choice":"Paid Gold","damage_taken":0,"relics_obtained":["Vajra"],"max_hp_gain":0,"max_hp_loss":0,"event_name":"WeMeetAgain","floor":31,"gold_loss":68},{"cards_removed":["Ghostly"],"damage_healed":0,"gold_gain":0,"player_choice":"Removed Skill","damage_taken":0,"max_hp_gain":0,"max_hp_loss":0,"event_name":"Falling","floor":36,"gold_loss":0},{"damage_healed":0,"gold_gain":0,"player_choice":"Max HP","damage_taken":0,"max_hp_gain":0,"max_hp_loss":2,"event_name":"Winding Halls","floor":37,"gold_loss":0}],"is_beta":false,"boss_relics":[{"not_picked":["Ectoplasm","Black Star"],"picked":"Pandora\u0027s Box"},{"not_picked":["Nuclear Battery","White Beast Statue"],"picked":"FrozenCore"}],"items_purged_floors":[22],"is_endless":false,"potions_floor_spawned":[2,7,13,14,30,33,39],"killed_by":"Maw","ascension_level":4}