{"gold_per_floor":[119,119,119,119,139,171,171,188,238,251,26,201,21,32,32,134,134,148,148,148,63,63,63,82,82,163,177,189,207,233,108,108,208,208,224,240,90,102,102,132,132,164,176,207,219,231,258,78,78,78],"floor_reached":50,"playtime":2272,"items_purged":["Strike_R","Doubt","Armaments+1","Searing Blow+1"],"score":620,"play_id":"ff7cb216-0cc2-4733-bdb4-364060b679e9","local_time":"20190105192154","is_ascension_mode":false,"campfire_choices":[{"data":"Armaments","floor":7.0,"key":"SMITH"},{"data":"Searing Blow","floor":15.0,"key":"SMITH"},{"data":"Blood for Blood","floor":23,"key":"SMITH"},{"data":"Shockwave","floor":25,"key":"SMITH"},{"floor":32,"key":"REST"},{"data":"Limit Break","floor":41,"key":"SMITH"},{"floor":46,"key":"REST"},{"floor":49,"key":"REST"}],"neow_cost":"NONE","seed_source_timestamp":0,"circlet_count":0,"master_deck":["Strike_R+1","Strike_R+1","Defend_R+1","Defend_R+1","Defend_R+1","Defend_R+1","Bash+1","Thunderclap","Feed","Headbutt","Blood for Blood+1","Feed","Shrug It Off","Shockwave+1","Iron Wave+1","Rampage","Combust","Reaper","Limit Break+1","Blood for Blood+1","Parasite","Juggernaut","Wild Strike+1","Heavy Blade+1"],"special_seed":0,"relics":["Burning Blood","NeowsBlessing","Mercury Hourglass","Boot","Sundial","Centennial Puzzle","PreservedInsect","Empty Cage","Orichalcum","Potion Belt","Tiny Chest","Shuriken","Philosopher\u0027s Stone","Mummified Hand","Anchor","MawBank","Dodecahedron","Brimstone"],"potions_floor_usage":[30,30,33,38,42,44,44,44,44,50],"damage_taken":[{"damage":0.0,"enemies":"Small Slimes","floor":1.0,"turns":1.0},{"damage":0.0,"enemies":"Jaw Worm","floor":5.0,"turns":1.0},{"damage":0.0,"enemies":"Gremlin Nob","floor":6.0,"turns":1.0},{"damage":3.0,"enemies":"2 Louse","floor":8.0,"turns":2.0},{"damage":10.0,"enemies":"Large Slime","floor":10.0,"turns":4.0},{"damage":10.0,"enemies":"Looter","floor":14.0,"turns":2.0},{"damage":23.0,"enemies":"Slime Boss","floor":16.0,"turns":10.0},{"damage":35.0,"enemies":"2 Thieves","floor":18.0,"turns":4.0},{"damage":11,"enemies":"Spheric Guardian","floor":24,"turns":5},{"damage":21,"enemies":"Snake Plant","floor":27,"turns":5},{"damage":33,"enemies":"Shelled Parasite and Fungi","floor":28,"turns":4},{"damage":5,"enemies":"Snecko","floor":29,"turns":3},{"damage":3,"enemies":"Book of Stabbing","floor":30,"turns":4},{"damage":23,"enemies":"Champ","floor":33,"turns":9},{"damage":21,"enemies":"3 Darklings","floor":35,"turns":4},{"damage":16,"enemies":"3 Shapes","floor":36,"turns":3},{"damage":26,"enemies":"Writhing Mass","floor":38,"turns":4},{"damage":53,"enemies":"Giant Head","floor":40,"turns":7},{"damage":46,"enemies":"Reptomancer","floor":42,"turns":5},{"damage":31,"enemies":"Sphere and 2 Shapes","floor":44,"turns":4},{"damage":25,"enemies":"Maw","floor":47,"turns":6},{"damage":101,"enemies":"Time Eater","floor":50,"turns":5}],"seed_played":"-2466844212855555393","potions_obtained":[{"floor":5.0,"key":"FairyPotion"},{"floor":6.0,"key":"SteroidPotion"},{"floor":10.0,"key":"SteroidPotion"},{"floor":24,"key":"Ancient Potion"},{"floor":30,"key":"PowerPotion"},{"floor":33,"key":"FearPotion"},{"floor":35,"key":"PowerPotion"},{"floor":38,"key":"PowerPotion"},{"floor":40,"key":"SteroidPotion"},{"floor":42,"key":"Explosive Potion"},{"floor":47,"key":"Ancient Potion"}],"is_trial":false,"path_per_floor":["M","?","T","?","M","E","R","M","T","M","$","?","$","M","R","B",null,"M","?","?","?","?","R","M","R","T","M","M","M","E","$","R","B",null,"M","M","$","M","T","E","R","E","T","M","?","R","M","$","R","B"],"character_chosen":"IRONCLAD","items_purchased":["PreservedInsect","Searing Blow","Brimstone"],"campfire_rested":3,"item_purchase_floors":[11,13,48],"current_hp_per_floor":[80,64,64,61,67,73,73,76,76,75,75,75,75,71,71,58,87,62,62,62,62,62,62,61,61,61,49,25,30,36,36,68,61,108,109,107,107,87,87,49,49,26,26,15,15,48,41,41,75,0],"gold":78,"neow_bonus":"THREE_ENEMY_KILL","is_prod":false,"is_daily":false,"chose_seed":false,"campfire_upgraded":5,"win_rate":0,"timestamp":1546678314,"path_taken":["M","?","?","?","M","E","R","M","T","M","$","?","$","M","R","BOSS","M","?","?","?","?","R","M","R","T","M","M","M","E","?","R","BOSS","M","M","$","M","?","E","R","E","T","M","?","R","M","$","R","BOSS"],"build_version":"2019-01-03v4","purchased_purges":4,"victory":false,"max_hp_per_floor":[80,80,80,80,80,80,80,80,80,83,83,83,83,83,83,87,87,91,91,91,91,91,91,95,95,95,98,101,105,108,108,108,108,108,111,114,114,114,114,114,114,114,114,117,111,111,114,114,114,114],"card_choices":[{"not_picked":["Perfected Strike","Hemokinesis"],"picked":"Armaments","floor":1.0},{"not_picked":["Cleave","Clash"],"picked":"Thunderclap","floor":5.0},{"not_picked":["Clothesline","Infernal Blade"],"picked":"Feed","floor":6.0},{"not_picked":["Heavy Blade","Body Slam"],"picked":"Headbutt","floor":8.0},{"not_picked":["Power Through","Anger"],"picked":"Blood for Blood","floor":10.0},{"not_picked":["Whirlwind","Pommel Strike","Twin Strike"],"picked":"SKIP","floor":14.0},{"not_picked":["Offering","Fiend Fire"],"picked":"Feed","floor":16.0},{"not_picked":["Iron Wave+1","Infernal Blade"],"picked":"Shrug It Off","floor":18},{"not_picked":["Pommel Strike","Anger"],"picked":"Iron Wave+1","floor":24},{"not_picked":["Pommel Strike","Iron Wave","Rupture"],"picked":"SKIP","floor":27},{"not_picked":["Iron Wave","Shrug It Off+1"],"picked":"Rampage","floor":28},{"not_picked":["Heavy Blade+1","Whirlwind"],"picked":"Combust","floor":29},{"not_picked":["Carnage","Havoc+1"],"picked":"Reaper","floor":30},{"not_picked":["Reaper","Berserk"],"picked":"Limit Break","floor":33},{"not_picked":["Sentinel+1","Infernal Blade+1"],"picked":"Blood for Blood+1","floor":35},{"not_picked":["Entrench","Clothesline+1","Warcry"],"picked":"SKIP","floor":36},{"not_picked":["Body Slam+1","Anger"],"picked":"Juggernaut","floor":38},{"not_picked":["Exhume","Twin Strike","Seeing Red+1"],"picked":"SKIP","floor":40},{"not_picked":["Dropkick","Ghostly Armor+1"],"picked":"Wild Strike+1","floor":42},{"not_picked":["Iron Wave","Wild Strike","Thunderclap"],"picked":"SKIP","floor":44},{"not_picked":["Perfected Strike+1","Sword Boomerang"],"picked":"Heavy Blade+1","floor":47}],"player_experience":424646,"relics_obtained":[{"floor":3.0,"key":"Mercury Hourglass"},{"floor":6.0,"key":"Sundial"},{"floor":9.0,"key":"Centennial Puzzle"},{"floor":26,"key":"Tiny Chest"},{"floor":30,"key":"Shuriken"},{"floor":39,"key":"Mummified Hand"},{"floor":40,"key":"Anchor"},{"floor":42,"key":"MawBank"},{"floor":43,"key":"Dodecahedron"}],"event_choices":[{"damage_healed":0.0,"max_hp_gain":0.0,"max_hp_loss":0.0,"gold_gain":0.0,"event_name":"Shining Light","player_choice":"Entered Light","floor":2.0,"gold_loss":0.0,"damage_taken":16.0,"cards_upgraded":["Bash","Strike_R"]},{"damage_healed":0.0,"max_hp_gain":0.0,"max_hp_loss":0.0,"gold_gain":0.0,"event_name":"Scrap Ooze","player_choice":"Success","floor":4.0,"gold_loss":0.0,"damage_taken":3.0,"relics_obtained":["Boot"]},{"damage_healed":0.0,"max_hp_gain":0.0,"max_hp_loss":0.0,"gold_gain":175.0,"event_name":"Liars Game","player_choice":"AGREE","floor":12.0,"gold_loss":0.0,"damage_taken":0.0,"cards_obtained":["Doubt"]},{"damage_healed":0,"gold_gain":0,"player_choice":"Read","damage_taken":0,"max_hp_gain":0,"max_hp_loss":0,"event_name":"The Library","floor":19,"gold_loss":0,"cards_obtained":["Shockwave"]},{"damage_healed":0,"gold_gain":0,"player_choice":"Opened","damage_taken":0,"relics_obtained":["Orichalcum"],"max_hp_gain":0,"max_hp_loss":0,"event_name":"The Mausoleum","floor":20,"gold_loss":0},{"damage_healed":0,"gold_gain":0,"player_choice":"Obtained Relic","damage_taken":0,"relics_obtained":["Potion Belt"],"max_hp_gain":0,"max_hp_loss":0,"event_name":"Addict","floor":21,"gold_loss":85},{"damage_healed":0,"gold_gain":0,"player_choice":"Simplicity","damage_taken":0,"max_hp_gain":0,"max_hp_loss":0,"event_name":"Back to Basics","floor":22,"gold_loss":0,"cards_upgraded":["Strike_R","Defend_R","Defend_R","Defend_R","Defend_R"]},{"damage_healed":0,"gold_gain":0,"player_choice":"Max HP","damage_taken":0,"max_hp_gain":0,"max_hp_loss":6,"event_name":"Winding Halls","floor":45,"gold_loss":0}],"is_beta":false,"boss_relics":[{"not_picked":["Fusion Hammer","Snecko Eye"],"picked":"Empty Cage"},{"not_picked":["Eternal Feather","Cursed Key"],"picked":"Philosopher\u0027s Stone"}],"items_purged_floors":[11,13,31,37],"is_endless":false,"potions_floor_spawned":[5,6,10,14,24,30,33,35,38,40,42,47],"killed_by":"Time Eater","ascension_level":0}