{"gold_per_floor":[115,290,300,310,328,328,346,364,442,367,392,392,392,415,415,544,544,557,557,575,600,618,618,649,649,700,734,748,769,769,800,800,925,925,943,350,363,384,397,397,431,431,458,491,509,543,543,558,558,558],"floor_reached":50,"playtime":2844,"items_purged":["Doubt"],"score":684,"play_id":"8a22abb9-4239-4929-a73c-0de5ffb468d3","local_time":"20181003162617","is_ascension_mode":true,"campfire_choices":[{"data":"Armaments","floor":6,"key":"SMITH"},{"data":"True Grit","floor":12,"key":"SMITH"},{"floor":15,"key":"REST"},{"data":"Double Tap","floor":23,"key":"SMITH"},{"data":"Bash","floor":25,"key":"SMITH"},{"data":"Flame Barrier","floor":30,"key":"SMITH"},{"floor":32,"key":"REST"},{"data":"Bite","floor":40,"key":"SMITH"},{"data":"Metallicize","floor":42,"key":"SMITH"},{"data":"Flex","floor":49,"key":"SMITH"}],"neow_cost":"NONE","seed_source_timestamp":1354223799342276,"circlet_count":0,"master_deck":["Defend_R","Defend_R","Defend_R","Defend_R","Bash+1","Thunderclap","Metallicize+1","Flex+1","Armaments+1","Anger","Double Tap+1","True Grit+1","Anger","Demon Form+1","Bite+1","Bite","Bite","Bite","Bite","Flame Barrier+1","Battle Trance+1","Blind","Intimidate","Shrug It Off+1","Doubt"],"relics":["Burning Blood","Pen Nib","Meat on the Bone","Frozen Egg 2","Golden Idol","Busted Crown","Blood Vial","Peace Pipe","Bronze Scales","Potion Belt","Red Mask","Eternal Feather","Oddly Smooth Stone","Ancient Tea Set","OrangePellets","Juzu Bracelet","Red Skull","Champion Belt","Art of War"],"potions_floor_usage":[14,16,33,50,50,50],"damage_taken":[{"damage":6,"enemies":"Jaw Worm","floor":1,"turns":5},{"damage":0,"enemies":"Small Slimes","floor":3,"turns":2},{"damage":2,"enemies":"Cultist","floor":4,"turns":4},{"damage":25,"enemies":"Lots of Slimes","floor":5,"turns":4},{"damage":20,"enemies":"Blue Slaver","floor":7,"turns":5},{"damage":4,"enemies":"2 Fungi Beasts","floor":8,"turns":5},{"damage":24,"enemies":"Lagavulin","floor":11,"turns":8},{"damage":12,"enemies":"Exordium Wildlife","floor":14,"turns":5},{"damage":50,"enemies":"The Guardian","floor":16,"turns":12},{"damage":7,"enemies":"3 Byrds","floor":18,"turns":7},{"damage":8,"enemies":"Shell Parasite","floor":20,"turns":5},{"damage":14,"enemies":"Cultist and Chosen","floor":22,"turns":5},{"damage":39,"enemies":"Gremlin Leader","floor":24,"turns":6},{"damage":27,"enemies":"Book of Stabbing","floor":27,"turns":4},{"damage":30,"enemies":"Snake Plant","floor":28,"turns":5},{"damage":36,"enemies":"Snecko","floor":29,"turns":5},{"damage":19,"enemies":"Masked Bandits","floor":31,"turns":3},{"damage":34,"enemies":"Collector","floor":33,"turns":7},{"damage":36,"enemies":"3 Shapes","floor":35,"turns":6},{"damage":14,"enemies":"Orb Walker","floor":37,"turns":4},{"damage":51,"enemies":"Reptomancer","floor":38,"turns":7},{"damage":38,"enemies":"Transient","floor":39,"turns":5},{"damage":36,"enemies":"Giant Head","floor":41,"turns":8},{"damage":45,"enemies":"Nemesis","floor":44,"turns":9},{"damage":34,"enemies":"3 Darklings","floor":45,"turns":6},{"damage":47,"enemies":"2 Orb Walkers","floor":46,"turns":6},{"damage":14,"enemies":"Maw","floor":48,"turns":7},{"damage":74,"enemies":"Time Eater","floor":50,"turns":10}],"seed_played":"3049435261550065908","potions_obtained":[{"floor":3,"key":"SpeedPotion"},{"floor":4,"key":"Energy Potion"},{"floor":8,"key":"AttackPotion"},{"floor":14,"key":"FearPotion"},{"floor":20,"key":"Strength Potion"},{"floor":27,"key":"Strength Potion"},{"floor":28,"key":"Fire Potion"},{"floor":33,"key":"Explosive Potion"},{"floor":37,"key":"Poison Potion"}],"is_trial":false,"path_per_floor":["M","?","M","M","M","R","M","M","T","$","E","R","?","M","R","B",null,"M","?","M","T","M","R","E","R","T","E","M","M","R","?","R","B",null,"M","$","M","M","M","R","E","R","T","E","M","E","?","M","R"],"character_chosen":"IRONCLAD","items_purchased":["Oddly Smooth Stone","Ancient Tea Set","OrangePellets","Blind"],"campfire_rested":2,"item_purchase_floors":[36,36,36,36],"current_hp_per_floor":[80,80,80,80,61,61,47,49,49,49,43,43,23,29,53,21,80,79,56,56,56,56,56,40,40,40,37,38,30,30,39,55,39,56,44,44,52,38,40,52,38,50,50,41,41,28,56,55,56,0],"gold":558,"neow_bonus":"RANDOM_COMMON_RELIC","is_prod":false,"is_daily":false,"chose_seed":false,"campfire_upgraded":8,"win_rate":0,"timestamp":1538551577,"path_taken":["M","?","?","M","?","R","M","M","T","$","E","R","?","M","R","BOSS","M","?","?","?","?","R","E","R","T","E","M","M","R","?","R","BOSS","M","$","M","?","M","R","E","R","T","E","M","E","?","M","R","BOSS"],"build_version":"2018-09-27","purchased_purges":1,"victory":false,"max_hp_per_floor":[80,80,80,80,80,80,80,80,80,80,80,80,80,80,80,80,80,80,56,56,56,56,56,56,56,56,56,56,56,56,56,56,56,56,56,56,56,56,56,56,56,56,56,56,56,56,56,56,56,56],"card_choices":[{"not_picked":["Cleave","Searing Blow"],"picked":"Thunderclap","floor":1},{"not_picked":["Warcry","Rupture"],"picked":"Metallicize","floor":3},{"not_picked":["True Grit","Anger"],"picked":"Flex","floor":4},{"not_picked":["Burning Pact","Iron Wave"],"picked":"Armaments","floor":5},{"not_picked":["Wild Strike","Blood for Blood"],"picked":"Anger","floor":7},{"not_picked":["Metallicize","Hemokinesis"],"picked":"Double Tap","floor":8},{"not_picked":["Entrench","Bloodletting"],"picked":"True Grit","floor":11},{"not_picked":["Havoc","Cleave"],"picked":"Anger","floor":14},{"not_picked":["Double Tap","Reaper"],"picked":"Demon Form+1","floor":16},{"not_picked":["Feel No Pain+1"],"picked":"SKIP","floor":18},{"not_picked":["Ghostly Armor"],"picked":"SKIP","floor":20},{"not_picked":["Havoc+1"],"picked":"SKIP","floor":22},{"not_picked":["Headbutt"],"picked":"SKIP","floor":24},{"not_picked":[],"picked":"Flame Barrier","floor":27},{"not_picked":["Armaments"],"picked":"SKIP","floor":28},{"not_picked":["Spot Weakness"],"picked":"SKIP","floor":29},{"not_picked":[],"picked":"Battle Trance+1","floor":35},{"not_picked":["Whirlwind"],"picked":"SKIP","floor":37},{"not_picked":[],"picked":"Intimidate","floor":38},{"not_picked":["True Grit+1"],"picked":"SKIP","floor":39},{"not_picked":["Thunderclap+1"],"picked":"SKIP","floor":41},{"not_picked":[],"picked":"Shrug It Off+1","floor":44},{"not_picked":["Body Slam"],"picked":"SKIP","floor":45},{"not_picked":["Iron Wave+1"],"picked":"SKIP","floor":46},{"not_picked":["Anger"],"picked":"SKIP","floor":48}],"player_experience":86895,"relics_obtained":[{"floor":9,"key":"Meat on the Bone"},{"floor":11,"key":"Frozen Egg 2"},{"floor":21,"key":"Blood Vial"},{"floor":24,"key":"Peace Pipe"},{"floor":26,"key":"Bronze Scales"},{"floor":27,"key":"Potion Belt"},{"floor":31,"key":"Red Mask"},{"floor":41,"key":"Juzu Bracelet"},{"floor":43,"key":"Red Skull"},{"floor":44,"key":"Champion Belt"},{"floor":46,"key":"Art of War"}],"event_choices":[{"event_name":"Liars Game","player_choice":"agreed","floor":2,"damage_taken":0},{"event_name":"Golden Idol","player_choice":"Take Damage","floor":13,"damage_taken":0},{"event_name":"Vampires","player_choice":"Became a vampire","floor":19,"damage_taken":0},{"event_name":"Masked Bandits","player_choice":"Fought Bandits","floor":31,"damage_taken":0},{"event_name":"MindBloom","player_choice":"Heal","floor":47,"damage_taken":0}],"is_beta":false,"boss_relics":[{"not_picked":["Fusion Hammer","Snecko Eye"],"picked":"Busted Crown"},{"not_picked":["Orrery","Coffee Dripper"],"picked":"Eternal Feather"}],"items_purged_floors":[10],"is_endless":false,"potions_floor_spawned":[3,4,8,14,20,27,28,33,37,39,44,45],"killed_by":"Time Eater","ascension_level":2}