{"gold_per_floor":[214,231,246,23,33,65,65,82,82,99,99,131,150,225,225,225],"floor_reached":16,"playtime":1116,"items_purged":[],"score":164,"play_id":"16e4883b-1464-4ce9-a8de-7cf8548c0316","local_time":"20190215180002","is_ascension_mode":false,"campfire_choices":[{"data":"A Thousand Cuts","floor":7,"key":"SMITH"},{"data":"Die Die Die","floor":11,"key":"SMITH"},{"data":"Endless Agony","floor":15,"key":"SMITH"}],"neow_cost":"NONE","seed_source_timestamp":1154363004222,"circlet_count":0,"master_deck":["Defend_G","Defend_G","Defend_G","Defend_G","Defend_G","Strike_G","Strike_G","Strike_G","Strike_G","Strike_G","Survivor","Neutralize","Underhanded Strike","Dagger Spray","Bane","Die Die Die+1","Endless Agony+1","A Thousand Cuts+1","Outmaneuver","Masterful Stab","Unload","Underhanded Strike"],"relics":["Ring of the Snake","PreservedInsect","Pear","Frozen Egg 2","Regal Pillow"],"potions_floor_usage":[12,12,16],"damage_taken":[{"damage":0,"enemies":"Jaw Worm","floor":1,"turns":5},{"damage":0,"enemies":"2 Louse","floor":2,"turns":5},{"damage":2,"enemies":"Small Slimes","floor":3,"turns":3},{"damage":5,"enemies":"Looter","floor":5,"turns":3},{"damage":8,"enemies":"Gremlin Nob","floor":6,"turns":3},{"damage":11,"enemies":"Blue Slaver","floor":8,"turns":4},{"damage":3,"enemies":"Large Slime","floor":10,"turns":5},{"damage":0,"enemies":"Lagavulin","floor":12,"turns":3},{"damage":3,"enemies":"Exordium Wildlife","floor":13,"turns":3},{"damage":42,"enemies":"The Guardian","floor":16,"turns":7}],"seed_played":"-7629768884987969045","potions_obtained":[{"floor":1,"key":"SteroidPotion"},{"floor":2,"key":"Strength Potion"},{"floor":3,"key":"SmokeBomb"},{"floor":12,"key":"Fruit Juice"}],"is_trial":false,"path_per_floor":["M","M","M","$","M","E","R","M","T","M","R","E","M","?","R","B"],"character_chosen":"THE_SILENT","items_purchased":["PreservedInsect","Die Die Die"],"campfire_rested":0,"item_purchase_floors":[4,4],"current_hp_per_floor":[70,70,68,68,63,65,65,54,54,51,51,56,53,42,42,0],"gold":225,"neow_bonus":"HUNDRED_GOLD","is_prod":false,"is_daily":false,"chose_seed":false,"campfire_upgraded":3,"win_rate":0.0,"timestamp":1550250002,"path_taken":["M","M","M","$","M","E","R","M","T","M","R","E","M","?","R","BOSS"],"build_version":"2019-01-23","purchased_purges":0,"victory":false,"max_hp_per_floor":[70,70,70,70,70,80,80,80,80,80,80,85,85,85,85,85],"card_choices":[{"not_picked":["PiercingWail","Crippling Poison"],"picked":"Underhanded Strike","floor":1},{"not_picked":["Deflect","Slice"],"picked":"Dagger Spray","floor":2},{"not_picked":["Infinite Blades","Quick Slash"],"picked":"Bane","floor":3},{"not_picked":["Masterful Stab","Flying Knee"],"picked":"Endless Agony","floor":5},{"not_picked":["Dagger Throw","Cloak And Dagger"],"picked":"A Thousand Cuts","floor":6},{"not_picked":["Endless Agony","Cloak And Dagger"],"picked":"Outmaneuver","floor":8},{"not_picked":["Dodge and Roll","Choke"],"picked":"Masterful Stab","floor":10},{"not_picked":["Heel Hook","Dodge and Roll"],"picked":"Unload","floor":12},{"not_picked":["Prepared","Caltrops+1"],"picked":"Underhanded Strike","floor":13}],"player_experience":33086,"relics_obtained":[{"floor":6,"key":"Pear"},{"floor":9,"key":"Frozen Egg 2"},{"floor":12,"key":"Regal Pillow"}],"event_choices":[{"damage_healed":0,"gold_gain":75,"player_choice":"Gather Gold","damage_taken":11,"max_hp_gain":0,"max_hp_loss":0,"event_name":"World of Goop","floor":14,"gold_loss":0}],"is_beta":false,"boss_relics":[],"items_purged_floors":[],"is_endless":false,"potions_floor_spawned":[1,2,3,5,12],"killed_by":"The Guardian","ascension_level":0}