{"gold_per_floor":[146,163,163,163,88,88,118,118,118,118,131,143,43,58,58,135,135,154,154,173,183,183],"floor_reached":22,"playtime":448,"items_purged":["Defend_R","Strike_R"],"score":372,"play_id":"17af23da-fa79-4759-8fcc-c2f00f835c74","local_time":"20180829065031","is_ascension_mode":true,"campfire_choices":[{"data":"Rampage","floor":6,"key":"SMITH"},{"floor":8,"key":"REST"},{"data":"Havoc","floor":15,"key":"SMITH"}],"neow_cost":"NONE","seed_source_timestamp":1021994063777049,"circlet_count":0,"master_deck":["Strike_R","Strike_R","Strike_R","Strike_R","Defend_R","Defend_R","Defend_R+1","Bash+1","AscendersBane","Anger+1","Rampage+1","Havoc+1","Pommel Strike+1","Feed+1","Offering","Cleave+1","Rage+1","Headbutt+1"],"relics":["Burning Blood","Tiny Chest","Calipers","Molten Egg 2","Runic Cube"],"potions_floor_usage":[14,16,20],"damage_taken":[{"damage":9,"enemies":"2 Louse","floor":1,"turns":4},{"damage":14,"enemies":"Small Slimes","floor":2,"turns":3},{"damage":35,"enemies":"Lagavulin","floor":7,"turns":6},{"damage":0,"enemies":"Jaw Worm","floor":11,"turns":3},{"damage":6,"enemies":"Looter","floor":12,"turns":3},{"damage":15,"enemies":"Gremlin Gang","floor":14,"turns":3},{"damage":23,"enemies":"Slime Boss","floor":16,"turns":9},{"damage":19,"enemies":"Shell Parasite","floor":18,"turns":2},{"damage":6,"enemies":"Chosen","floor":20,"turns":3},{"damage":18,"enemies":"Centurion and Healer","floor":21,"turns":5},{"damage":20,"enemies":"Colosseum Slavers","floor":22,"turns":1}],"seed_played":"2010120418206267214","potions_obtained":[{"floor":7,"key":"SteroidPotion"},{"floor":12,"key":"EssenceOfSteel"},{"floor":14,"key":"AttackPotion"},{"floor":18,"key":"Strength Potion"},{"floor":20,"key":"Ancient Potion"}],"is_trial":false,"path_per_floor":["M","M","?","?","$","R","E","R","T","?","M","M","$","M","R","B",null,"M","?","M","M"],"character_chosen":"IRONCLAD","items_purchased":[],"campfire_rested":1,"item_purchase_floors":[],"current_hp_per_floor":[65,57,57,57,57,57,28,50,50,27,33,33,33,24,24,7,58,49,26,26,18,0],"gold":183,"neow_bonus":"RANDOM_COMMON_RELIC","is_prod":false,"is_daily":false,"chose_seed":false,"campfire_upgraded":2,"win_rate":0,"timestamp":1535493031,"path_taken":["M","M","?","?","?","R","E","R","T","?","?","M","$","M","R","BOSS","M","?","?","M","?"],"build_version":"2018-08-23v2","purchased_purges":2,"victory":false,"max_hp_per_floor":[75,75,75,75,75,75,75,75,75,75,75,75,75,75,75,75,75,79,84,84,88,88],"card_choices":[{"not_picked":["Wild Strike","Armaments"],"picked":"Anger","floor":1},{"not_picked":["Flame Barrier","Havoc"],"picked":"Rampage","floor":2},{"not_picked":["Metallicize","Power Through","Feel No Pain"],"picked":"SKIP","floor":7},{"not_picked":["Corruption","Shockwave"],"picked":"Havoc","floor":11},{"not_picked":["Evolve","Thunderclap+1"],"picked":"Pommel Strike+1","floor":12},{"not_picked":["Shrug It Off","Sword Boomerang+1"],"picked":"Feed+1","floor":14},{"not_picked":["Impervious","Juggernaut"],"picked":"Offering","floor":16},{"not_picked":["True Grit","Wild Strike+1"],"picked":"Cleave+1","floor":18},{"not_picked":["Hemokinesis+1","Disarm"],"picked":"Rage+1","floor":20},{"not_picked":["Hemokinesis+1","Warcry"],"picked":"Headbutt+1","floor":21}],"player_experience":536777,"relics_obtained":[{"floor":7,"key":"Calipers"},{"floor":9,"key":"Molten Egg 2"}],"event_choices":[{"event_name":"Liars Game","player_choice":"disagreed","floor":3,"damage_taken":0},{"event_name":"Living Wall","player_choice":"Grow","floor":4,"damage_taken":0},{"event_name":"Shining Light","player_choice":"Entered Light","floor":10,"damage_taken":0},{"event_name":"Forgotten Altar","player_choice":"Shed Blood","floor":19,"damage_taken":0},{"event_name":"Colosseum","player_choice":"Fight","floor":22,"damage_taken":0}],"is_beta":false,"boss_relics":[{"not_picked":["Calling Bell","Mark of Pain"],"picked":"Runic Cube"}],"items_purged_floors":[5,13],"is_endless":false,"potions_floor_spawned":[7,12,14,18,20],"killed_by":"Colosseum Slavers","ascension_level":20}