{"gold_per_floor":[115,133,152,42,56,56,81,81,107,135,154,170,26,26,26,121,121,132,132,132],"floor_reached":20,"playtime":1152,"items_purged":["Strike_B"],"score":193,"play_id":"2eec7ab9-2b65-4c09-90ba-eace8c35dba0","local_time":"20180901185840","is_ascension_mode":true,"campfire_choices":[{"data":"Streamline","floor":6,"key":"SMITH"},{"data":"Gash","floor":8,"key":"SMITH"},{"data":"Gash","floor":15,"key":"SMITH"}],"neow_cost":"NONE","seed_source_timestamp":386393996109348,"circlet_count":0,"master_deck":["Strike_B","Strike_B+1","Strike_B+1","Defend_B","Defend_B","Defend_B","Zap","Dualcast","Streamline+1","Coolheaded","BootSequence","Gash+1","Streamline","Gash+1","Machine Learning","RitualDagger"],"relics":["Cracked Core","Whetstone","Vajra","Art of War","Blood Vial","Pen Nib","Runic Pyramid"],"potions_floor_usage":[7,16,18,20],"damage_taken":[{"damage":1,"enemies":"Cultist","floor":1,"turns":4},{"damage":1,"enemies":"2 Louse","floor":2,"turns":2},{"damage":3,"enemies":"Jaw Worm","floor":3,"turns":3},{"damage":5,"enemies":"3 Louse","floor":5,"turns":3},{"damage":12,"enemies":"3 Sentries","floor":7,"turns":5},{"damage":17,"enemies":"Lagavulin","floor":10,"turns":5},{"damage":0,"enemies":"Exordium Thugs","floor":11,"turns":3},{"damage":0,"enemies":"Blue Slaver","floor":12,"turns":2},{"damage":33,"enemies":"The Guardian","floor":16,"turns":9},{"damage":5,"enemies":"Shell Parasite","floor":18,"turns":4},{"damage":23,"enemies":"Colosseum Slavers","floor":20,"turns":4},{"damage":74,"enemies":"Colosseum Nobs","floor":20,"turns":4}],"seed_played":"-1498719922876305869","potions_obtained":[{"floor":2,"key":"Explosive Potion"},{"floor":11,"key":"Energy Potion"},{"floor":12,"key":"LiquidBronze"},{"floor":16,"key":"Regen Potion"}],"is_trial":false,"path_per_floor":["M","M","M","$","M","R","E","R","T","E","M","M","$","?","R","B",null,"M","?"],"character_chosen":"DEFECT","items_purchased":["BootSequence","Pen Nib"],"campfire_rested":0,"item_purchase_floors":[4,13],"current_hp_per_floor":[74,73,70,70,65,65,53,53,53,36,38,40,40,33,33,2,75,70,64,0],"gold":132,"neow_bonus":"RANDOM_COMMON_RELIC","is_prod":false,"is_daily":false,"chose_seed":false,"campfire_upgraded":3,"win_rate":0,"timestamp":1535794120,"path_taken":["M","M","M","$","M","R","E","R","T","E","M","M","?","?","R","BOSS","M","?","?"],"build_version":"2018-08-30","purchased_purges":1,"victory":false,"max_hp_per_floor":[75,75,75,75,75,75,75,75,75,75,75,75,75,75,75,75,75,75,75,75],"card_choices":[{"not_picked":["Storm","Go for the Eyes"],"picked":"Streamline","floor":1},{"not_picked":["Reprogram","Beam Cell","Go for the Eyes"],"picked":"SKIP","floor":2},{"not_picked":["Aggregate","Cold Snap"],"picked":"Coolheaded","floor":3},{"not_picked":["Coolheaded","Stack","Scrape"],"picked":"SKIP","floor":5},{"not_picked":["Storm","Leap"],"picked":"Gash","floor":7},{"not_picked":["Chaos","Lockon","Coolheaded"],"picked":"SKIP","floor":10},{"not_picked":["Undo","Doom and Gloom"],"picked":"Streamline","floor":11},{"not_picked":["Cold Snap","Turbo"],"picked":"Gash","floor":12},{"not_picked":["Biased Cognition","Amplify"],"picked":"Machine Learning","floor":16},{"not_picked":["Beam Cell","Heatsinks","Glacier"],"picked":"SKIP","floor":18}],"player_experience":98144,"relics_obtained":[{"floor":7,"key":"Vajra"},{"floor":9,"key":"Art of War"},{"floor":10,"key":"Blood Vial"}],"event_choices":[{"event_name":"Golden Wing","player_choice":"Card Removal","floor":14,"damage_taken":0},{"event_name":"Nest","player_choice":"Joined the Cult","floor":19,"damage_taken":0},{"event_name":"Colosseum","player_choice":"Fight","floor":20,"damage_taken":0},{"event_name":"Colosseum","player_choice":"Fought Nobs","floor":20,"damage_taken":0}],"is_beta":false,"boss_relics":[{"not_picked":["Snecko Eye","Velvet Choker"],"picked":"Runic Pyramid"}],"items_purged_floors":[4],"is_endless":false,"potions_floor_spawned":[2,11,12,16,20],"killed_by":"Colosseum Nobs","ascension_level":1}