{"gold_per_floor":[113,113,113,131,56,56,81,94,120,135,170,170,170,186,186,316,316,337,357,357,357,4,4,4,35,35,55,74,74,29,59,59,183,183,201,226,247,8,31,31,31,46,72,92,92,117,141,162,162,162],"floor_reached":50,"playtime":3075,"items_purged":["Defend_B","Defend_B","Dualcast"],"score":587,"play_id":"5eda00cb-6fe0-4b49-8256-a2ab379c4700","local_time":"20181020161443","is_ascension_mode":true,"campfire_choices":[{"data":"Echo Form","floor":6,"key":"SMITH"},{"floor":13,"key":"REST"},{"data":"Conserve Battery","floor":15,"key":"SMITH"},{"data":"Glacier","floor":23,"key":"SMITH"},{"data":"Gash","floor":29,"key":"SMITH"},{"floor":32,"key":"REST"},{"floor":40,"key":"REST"},{"floor":45,"key":"REST"},{"floor":49,"key":"REST"}],"neow_cost":"PERCENT_DAMAGE","seed_source_timestamp":91384641045643,"circlet_count":0,"master_deck":["Strike_B","Strike_B","Strike_B","Strike_B","Echo Form+1","Conserve Battery+1","Injury","Gash+1","Genetic Algorithm","Conserve Battery","Cold Snap","Glacier+1","Machine Learning","Gash","Gash","Streamline+1","Gash","Gash","Gash","Self Repair","Gash+1","Streamline+1"],"relics":["Cracked Core","Golden Idol","Anchor","Vajra","Runic Pyramid","TheAbacus","Regal Pillow","Blue Candle","Tiny Chest","Empty Cage","Strawberry"],"potions_floor_usage":[4,14,16,19,33,33,33,37,47,50,50],"damage_taken":[{"damage":12,"enemies":"Jaw Worm","floor":1,"turns":4},{"damage":2,"enemies":"2 Louse","floor":4,"turns":2},{"damage":1,"enemies":"Cultist","floor":7,"turns":4},{"damage":7,"enemies":"Exordium Wildlife","floor":8,"turns":4},{"damage":0,"enemies":"Large Slime","floor":10,"turns":6},{"damage":16,"enemies":"3 Sentries","floor":11,"turns":9},{"damage":0,"enemies":"Looter","floor":14,"turns":2},{"damage":14,"enemies":"Hexaghost","floor":16,"turns":12},{"damage":8,"enemies":"Shell Parasite","floor":18,"turns":7},{"damage":15,"enemies":"3 Byrds","floor":19,"turns":5},{"damage":30,"enemies":"Colosseum Slavers","floor":20,"turns":7},{"damage":16,"enemies":"Book of Stabbing","floor":25,"turns":7},{"damage":12,"enemies":"Snake Plant","floor":27,"turns":5},{"damage":5,"enemies":"Cultist and Chosen","floor":28,"turns":8},{"damage":41,"enemies":"Collector","floor":33,"turns":10},{"damage":17,"enemies":"3 Shapes","floor":35,"turns":6},{"damage":6,"enemies":"3 Darklings","floor":36,"turns":5},{"damage":12,"enemies":"Maw","floor":37,"turns":6},{"damage":40,"enemies":"Sphere and 2 Shapes","floor":39,"turns":6},{"damage":33,"enemies":"Transient","floor":42,"turns":5},{"damage":27,"enemies":"4 Shapes","floor":44,"turns":6},{"damage":15,"enemies":"Maw","floor":46,"turns":6},{"damage":64,"enemies":"Writhing Mass","floor":47,"turns":6},{"damage":13,"enemies":"3 Darklings","floor":48,"turns":6},{"damage":50,"enemies":"Awakened One","floor":50,"turns":2}],"seed_played":"-5698147298946580915","potions_obtained":[{"floor":4,"key":"Fruit Juice"},{"floor":8,"key":"FocusPotion"},{"floor":10,"key":"Explosive Potion"},{"floor":18,"key":"Explosive Potion"},{"floor":27,"key":"EntropicBrew"},{"floor":37,"key":"FairyPotion"},{"floor":39,"key":"Strength Potion"},{"floor":42,"key":"EssenceOfSteel"},{"floor":46,"key":"Dexterity Potion"},{"floor":48,"key":"FocusPotion"}],"is_trial":false,"path_per_floor":["M","?","?","M","$","R","M","M","T","M","E","?","R","M","R","B",null,"M","M","?","?","$","R","?","E","T","M","M","R","$","?","R","B",null,"M","M","M","$","M","R","?","M","T","M","R","M","M","M","R"],"character_chosen":"DEFECT","items_purchased":["Gash","TheAbacus","Gash","Gash","Self Repair"],"campfire_rested":5,"item_purchase_floors":[22,22,30,38,38],"current_hp_per_floor":[42,35,35,38,38,38,37,30,30,30,14,2,26,26,26,12,80,72,57,27,53,53,53,53,37,37,25,20,20,20,20,59,18,80,63,57,45,45,12,51,51,25,32,12,51,50,15,9,48,0],"gold":162,"neow_bonus":"THREE_RARE_CARDS","is_prod":false,"is_daily":false,"chose_seed":false,"campfire_upgraded":4,"win_rate":0,"timestamp":1540014283,"path_taken":["M","?","?","M","$","R","M","M","T","M","E","?","R","?","R","BOSS","M","?","?","?","?","R","?","E","T","?","M","R","$","?","R","BOSS","M","M","?","$","M","R","?","M","T","M","R","M","?","M","R","BOSS"],"build_version":"2018-10-18","purchased_purges":3,"victory":false,"max_hp_per_floor":[75,75,75,80,80,80,80,80,80,80,80,80,80,80,80,80,80,80,80,80,80,80,80,80,80,80,80,80,80,80,80,80,80,80,80,80,80,80,80,80,76,76,83,83,83,83,83,83,83,83],"card_choices":[{"not_picked":["Multi-Cast","Reboot"],"picked":"Echo Form","floor":0},{"not_picked":["Beam Cell","Reprogram"],"picked":"Conserve Battery","floor":1},{"not_picked":["Ball Lightning","Reinforced Body"],"picked":"Gash","floor":4},{"not_picked":["White Noise","Ball Lightning"],"picked":"Genetic Algorithm","floor":7},{"not_picked":["Ball Lightning","Force Field"],"picked":"Conserve Battery","floor":8},{"not_picked":["Conserve Battery","Compile Driver"],"picked":"Cold Snap","floor":10},{"not_picked":["Loop","Go for the Eyes"],"picked":"Glacier","floor":11},{"not_picked":["Stack","Darkness","Cold Snap"],"picked":"SKIP","floor":14},{"not_picked":["Multi-Cast","Meteor Strike"],"picked":"Machine Learning","floor":16},{"not_picked":["Steam","Consume"],"picked":"Gash","floor":18},{"not_picked":["Steam","Storm","Aggregate"],"picked":"SKIP","floor":19},{"not_picked":["Compile Driver+1","Leap"],"picked":"Streamline+1","floor":25},{"not_picked":["Conserve Battery","Ball Lightning","Rip and Tear+1"],"picked":"SKIP","floor":27},{"not_picked":["Barrage","Conserve Battery","Compile Driver+1"],"picked":"SKIP","floor":28},{"not_picked":["Double Energy","BootSequence","Coolheaded"],"picked":"SKIP","floor":35},{"not_picked":["Undo","Coolheaded+1","Hologram+1"],"picked":"SKIP","floor":36},{"not_picked":["Beam Cell+1","Redo"],"picked":"Gash","floor":37},{"not_picked":["Creative AI","Undo"],"picked":"Gash+1","floor":39},{"not_picked":["Defragment+1","Reprogram+1"],"picked":"Streamline+1","floor":42},{"not_picked":["Redo","Ball Lightning+1","Conserve Battery+1"],"picked":"SKIP","floor":44},{"not_picked":["Sunder+1","Lockon+1","Echo Form"],"picked":"SKIP","floor":46},{"not_picked":["Sunder+1","Lockon+1","Echo Form"],"picked":"SKIP","floor":46},{"not_picked":["Stack+1","Rip and Tear","Darkness+1"],"picked":"SKIP","floor":47},{"not_picked":["Ball Lightning+1","Stack","Rebound"],"picked":"SKIP","floor":48}],"player_experience":320032,"relics_obtained":[{"floor":9,"key":"Anchor"},{"floor":11,"key":"Vajra"},{"floor":25,"key":"Regal Pillow"},{"floor":26,"key":"Blue Candle"},{"floor":43,"key":"Strawberry"}],"event_choices":[{"cards_removed":["Defend_B"],"damage_healed":0,"gold_gain":0,"player_choice":"Card Removal","damage_taken":7,"max_hp_gain":0,"max_hp_loss":0,"event_name":"Golden Wing","floor":2,"gold_loss":0},{"damage_healed":0,"gold_gain":0,"player_choice":"Take Wound","damage_taken":0,"relics_obtained":["Golden Idol"],"max_hp_gain":0,"max_hp_loss":0,"event_name":"Golden Idol","floor":3,"gold_loss":0,"cards_obtained":["Injury"]},{"damage_healed":0,"gold_gain":0,"player_choice":"Fled","damage_taken":12,"max_hp_gain":0,"max_hp_loss":0,"event_name":"Scrap Ooze","floor":12,"gold_loss":0},{"damage_healed":0,"gold_gain":0,"player_choice":"Fight","damage_taken":0,"max_hp_gain":0,"max_hp_loss":0,"event_name":"Colosseum","floor":20,"gold_loss":0},{"damage_healed":0,"gold_gain":0,"player_choice":"Fled From Nobs","damage_taken":0,"max_hp_gain":0,"max_hp_loss":0,"event_name":"Colosseum","floor":20,"gold_loss":0},{"damage_healed":26,"gold_gain":0,"player_choice":"Heal","damage_taken":0,"max_hp_gain":0,"max_hp_loss":0,"event_name":"The Library","floor":21,"gold_loss":0},{"damage_healed":0,"gold_gain":0,"player_choice":"Ignored","damage_taken":0,"max_hp_gain":0,"max_hp_loss":0,"event_name":"Beggar","floor":24,"gold_loss":0},{"damage_healed":0,"gold_gain":0,"player_choice":"Opened","damage_taken":0,"relics_obtained":["Tiny Chest"],"max_hp_gain":0,"max_hp_loss":0,"event_name":"The Mausoleum","floor":31,"gold_loss":0},{"damage_healed":0,"gold_gain":0,"player_choice":"Max HP","damage_taken":0,"max_hp_gain":0,"max_hp_loss":4,"event_name":"Winding Halls","floor":41,"gold_loss":0}],"is_beta":false,"boss_relics":[{"not_picked":["Tiny House","Busted Crown"],"picked":"Runic Pyramid"},{"not_picked":["Black Star","Lizard Tail"],"picked":"Empty Cage"}],"items_purged_floors":[5,22,38],"is_endless":false,"potions_floor_spawned":[4,8,10,18,20,27,37,39,42,46,48],"killed_by":"Awakened One","ascension_level":4}