{"gold_per_floor":[12,28,28,28,28,63,63,74,125,125,155,155,51,66,66,66],"floor_reached":16,"playtime":508,"items_purged":[],"score":103,"play_id":"493e915b-d4a4-402c-8d4a-7307947b139c","local_time":"20181113192552","is_ascension_mode":true,"campfire_choices":[{"data":"Shockwave","floor":10,"key":"SMITH"},{"floor":12,"key":"REST"},{"data":"Inflame","floor":15,"key":"SMITH"}],"neow_cost":"NO_GOLD","seed_source_timestamp":706259640084157,"circlet_count":0,"master_deck":["Strike_R","Strike_R","Strike_R","Strike_R","Strike_R","Defend_R","Defend_R","Defend_R","Defend_R","Bash","Juggernaut+1","Whirlwind","Shockwave+1","Flex","Inflame+1","Pommel Strike","Inflame"],"relics":["Burning Blood","Pantograph","Kunai","Blood Vial","Odd Mushroom"],"potions_floor_usage":[16],"damage_taken":[{"damage":6,"enemies":"Cultist","floor":1,"turns":4},{"damage":15,"enemies":"Jaw Worm","floor":2,"turns":5},{"damage":59,"enemies":"Gremlin Nob","floor":6,"turns":6},{"damage":4,"enemies":"2 Louse","floor":8,"turns":4},{"damage":17,"enemies":"The Mushroom Lair","floor":11,"turns":4},{"damage":16,"enemies":"Lots of Slimes","floor":14,"turns":2},{"damage":55,"enemies":"The Guardian","floor":16,"turns":10}],"seed_played":"-4571568684577341584","potions_obtained":[{"floor":2,"key":"Dexterity Potion"}],"is_trial":false,"path_per_floor":["M","M","?","T","$","E","?","M","T","R","?","R","$","M","R","B"],"character_chosen":"IRONCLAD","items_purchased":["Inflame","Pommel Strike"],"campfire_rested":1,"item_purchase_floors":[13,13],"current_hp_per_floor":[80,71,71,71,71,18,18,20,20,20,11,35,35,27,27,0],"gold":66,"neow_bonus":"THREE_RARE_CARDS","is_prod":false,"is_daily":false,"chose_seed":false,"campfire_upgraded":2,"win_rate":0,"timestamp":1542099352,"path_taken":["M","M","?","?","$","E","?","?","T","R","?","R","$","M","R","BOSS"],"build_version":"2018-11-08","purchased_purges":0,"victory":false,"max_hp_per_floor":[80,80,80,80,80,80,80,80,80,80,80,80,80,80,80,80],"card_choices":[{"not_picked":["Double Tap","Dark Embrace"],"picked":"Juggernaut","floor":0},{"not_picked":["Anger","Blood for Blood","Wild Strike"],"picked":"SKIP","floor":1},{"not_picked":["Wild Strike","Sword Boomerang"],"picked":"Whirlwind","floor":2},{"not_picked":["Perfected Strike","Shrug It Off"],"picked":"Shockwave","floor":6},{"not_picked":["Double Tap","Whirlwind"],"picked":"Flex","floor":8},{"not_picked":["Headbutt","Pommel Strike"],"picked":"Inflame","floor":14}],"player_experience":398324,"relics_obtained":[{"floor":4,"key":"Pantograph"},{"floor":6,"key":"Kunai"},{"floor":9,"key":"Blood Vial"},{"floor":11,"key":"Odd Mushroom"}],"event_choices":[{"damage_healed":0,"gold_gain":0,"player_choice":"Leave","damage_taken":0,"max_hp_gain":0,"max_hp_loss":0,"event_name":"The Cleric","floor":3,"gold_loss":0},{"damage_healed":0,"gold_gain":0,"player_choice":"Upgraded","damage_taken":0,"max_hp_gain":0,"max_hp_loss":0,"event_name":"Upgrade Shrine","floor":7,"gold_loss":0,"cards_upgraded":["Juggernaut"]},{"damage_healed":0,"gold_gain":0,"player_choice":"Fought Mushrooms","damage_taken":0,"max_hp_gain":0,"max_hp_loss":0,"event_name":"Mushrooms","floor":11,"gold_loss":0}],"is_beta":false,"boss_relics":[],"items_purged_floors":[],"is_endless":false,"potions_floor_spawned":[2],"killed_by":"The Guardian","ascension_level":1}