{"gold_per_floor":[117,48,68,21,21,50,62,93,159,171,201,213,44,55,55,160,160,173,25,25,25,25,25,50,50,75,94,94,94,114,114],"floor_reached":31,"playtime":1073,"items_purged":["Bash"],"score":289,"play_id":"656e09d5-0083-4bf1-9bb9-499d79248bf1","local_time":"20180927164412","is_ascension_mode":true,"campfire_choices":[{"data":"Disarm","floor":7,"key":"SMITH"},{"data":"Searing Blow","floor":10,"key":"SMITH"},{"data":"Searing Blow+1","floor":12,"key":"SMITH"},{"data":"Searing Blow+2","floor":15,"key":"SMITH"},{"floor":23,"key":"REST"},{"floor":29,"key":"REST"}],"neow_cost":"NONE","seed_source_timestamp":1205131658133168,"circlet_count":0,"master_deck":["Strike_R","Strike_R","Strike_R","Strike_R","Strike_R","Defend_R","Defend_R","Defend_R","Defend_R","Armaments+1","Flame Barrier","Perfected Strike","Perfected Strike","Disarm+1","Searing Blow+3","Cleave","Swift Strike","Wild Strike","Demon Form","RitualDagger"],"relics":["Burning Blood","MawBank","Boot","Fusion Hammer","Happy Flower","Kunai","Lantern","Pantograph","Dream Catcher"],"potions_floor_usage":[6,8,31],"damage_taken":[{"damage":8,"enemies":"Small Slimes","floor":1,"turns":3},{"damage":0,"enemies":"Cultist","floor":3,"turns":5},{"damage":31,"enemies":"Lagavulin","floor":6,"turns":8},{"damage":7,"enemies":"2 Louse","floor":8,"turns":4},{"damage":10,"enemies":"Blue Slaver","floor":11,"turns":4},{"damage":6,"enemies":"Looter","floor":14,"turns":3},{"damage":36,"enemies":"Hexaghost","floor":16,"turns":9},{"damage":22,"enemies":"Shell Parasite","floor":18,"turns":4},{"damage":41,"enemies":"Book of Stabbing","floor":24,"turns":5},{"damage":28,"enemies":"2 Thieves","floor":27,"turns":3},{"damage":18,"enemies":"Snecko","floor":30,"turns":4},{"damage":54,"enemies":"Gremlin Leader","floor":31,"turns":4}],"seed_played":"-686793722136006350","potions_obtained":[{"floor":1,"key":"Energy Potion"},{"floor":8,"key":"Fruit Juice"},{"floor":18,"key":"SpeedPotion"},{"floor":24,"key":"Weak Potion"},{"floor":30,"key":"SteroidPotion"}],"is_trial":false,"path_per_floor":["M","$","M","$","?","E","R","M","T","R","M","R","$","M","R","B",null,"M","$","T","?","?","R","E","T","T","M","$","R","M"],"character_chosen":"IRONCLAD","items_purchased":["Flame Barrier","Perfected Strike","Swift Strike","Happy Flower"],"campfire_rested":2,"item_purchase_floors":[2,4,13,19],"current_hp_per_floor":[86,86,88,88,88,63,63,67,67,67,63,63,63,63,63,33,93,77,77,77,77,71,93,58,58,58,36,36,63,51,0],"gold":114,"neow_bonus":"TEN_PERCENT_HP_BONUS","is_prod":false,"is_daily":false,"chose_seed":false,"campfire_upgraded":4,"win_rate":0,"timestamp":1538032452,"path_taken":["M","$","M","$","?","E","R","M","T","R","M","R","$","M","R","BOSS","M","$","?","?","?","R","E","?","T","M","?","R","M","E"],"build_version":"2018-09-20","purchased_purges":1,"victory":false,"max_hp_per_floor":[88,88,88,88,88,88,88,93,93,93,93,93,93,93,93,93,93,93,93,93,93,93,93,93,93,93,93,93,93,93,93],"card_choices":[{"not_picked":["Dropkick","Body Slam"],"picked":"Armaments","floor":1},{"not_picked":["Feel No Pain","Rupture"],"picked":"Perfected Strike","floor":3},{"not_picked":["Heavy Blade","Shockwave"],"picked":"Disarm","floor":6},{"not_picked":["Anger","Intimidate"],"picked":"Searing Blow","floor":8},{"not_picked":["Twin Strike","Fiend Fire"],"picked":"Cleave","floor":11},{"not_picked":["Havoc","Body Slam"],"picked":"Wild Strike","floor":14},{"not_picked":["Berserk","Brutality"],"picked":"Demon Form","floor":16},{"not_picked":["Whirlwind","Body Slam","Battle Trance"],"picked":"SKIP","floor":18},{"not_picked":["Body Slam+1","Clothesline","Entrench"],"picked":"SKIP","floor":24},{"not_picked":["True Grit","Warcry","Anger+1"],"picked":"SKIP","floor":27},{"not_picked":["Carnage","Bloodletting+1","Intimidate"],"picked":"SKIP","floor":30}],"player_experience":223239,"relics_obtained":[{"floor":6,"key":"MawBank"},{"floor":9,"key":"Boot"},{"floor":20,"key":"Kunai"},{"floor":24,"key":"Lantern"},{"floor":25,"key":"Pantograph"},{"floor":26,"key":"Dream Catcher"}],"event_choices":[{"event_name":"Upgrade Shrine","player_choice":"Upgraded","floor":5,"damage_taken":0},{"event_name":"Match and Keep!","player_choice":"0 cards matched","floor":21,"damage_taken":0},{"event_name":"Nest","player_choice":"Joined the Cult","floor":22,"damage_taken":0}],"is_beta":false,"boss_relics":[{"not_picked":["Pandora\u0027s Box","Empty Cage"],"picked":"Fusion Hammer"}],"items_purged_floors":[13],"is_endless":false,"potions_floor_spawned":[1,8,18,24,30],"killed_by":"Gremlin Leader","ascension_level":3}