{"gold_per_floor":[361,361,57,57,69,69,69,98,98,114,98,273,302,302,302,406,406,388,388,388,404,11,11,11],"floor_reached":24,"playtime":895,"items_purged":["Defend_B"],"score":263,"play_id":"8f16ef9f-a746-4bd9-820f-104874149904","local_time":"20190216232008","is_ascension_mode":true,"campfire_choices":[{"data":"Defragment","floor":6.0,"key":"SMITH"},{"floor":15.0,"key":"REST"},{"data":"Defragment","floor":23,"key":"SMITH"}],"neow_cost":"CURSE","seed_source_timestamp":31727752629600,"circlet_count":0,"master_deck":["Strike_B","Strike_B+1","Strike_B","Strike_B+1","Defend_B","Defend_B+1","Defend_B+1","Zap","Dualcast","Capacitor","Loop","Glacier","Defragment+1","Defragment+1","Cold Snap","Self Repair","Electrodynamics","White Noise","Ball Lightning+1"],"special_seed":0,"relics":["Cracked Core","Question Card","Omamori","War Paint","Bottled Tornado","Singing Bowl","White Beast Statue","WarpedTongs","Whetstone","Pear"],"potions_floor_usage":[21],"damage_taken":[{"damage":24.0,"enemies":"Jaw Worm","floor":1.0,"turns":4.0},{"damage":9.0,"enemies":"2 Louse","floor":5.0,"turns":2.0},{"damage":7.0,"enemies":"Gremlin Nob","floor":8.0,"turns":3.0},{"damage":0.0,"enemies":"Cultist","floor":10.0,"turns":4.0},{"damage":0.0,"enemies":"Exordium Thugs","floor":11.0,"turns":4.0},{"damage":8.0,"enemies":"3 Sentries","floor":13.0,"turns":12.0},{"damage":16.0,"enemies":"Slime Boss","floor":16.0,"turns":20.0},{"damage":32,"enemies":"2 Thieves","floor":18,"turns":4},{"damage":8,"enemies":"Chosen","floor":21,"turns":7},{"damage":62,"enemies":"Slavers","floor":24,"turns":4}],"seed_played":"-4431706171732165319","potions_obtained":[{"floor":1.0,"key":"Strength Potion"},{"floor":4.0,"key":"Poison Potion"},{"floor":4.0,"key":"Dexterity Potion"},{"floor":8.0,"key":"Poison Potion"},{"floor":18,"key":"Regen Potion"},{"floor":21,"key":"FearPotion"}],"is_trial":false,"path_per_floor":["M","?","$","?","M","R","T","E","T","M","M","?","E","?","R","B",null,"M","?","?","M","$","R","E"],"character_chosen":"DEFECT","items_purchased":["Loop","Glacier","Poison Potion","EssenceOfSteel","Whetstone","Pear"],"campfire_rested":1,"item_purchase_floors":[3,3,3,3,22,22],"current_hp_per_floor":[44,37,37,37,28,28,28,21,21,21,21,21,13,1,23,14,60,35,35,35,49,59,59,0],"gold":11,"neow_bonus":"TWO_FIFTY_GOLD","is_prod":false,"is_daily":false,"chose_seed":false,"campfire_upgraded":2,"win_rate":0,"timestamp":1550352008,"path_taken":["M","?","$","?","?","R","?","E","T","M","M","?","E","?","R","BOSS","M","?","?","?","$","R","E"],"build_version":"2019-01-23","purchased_purges":1,"victory":false,"max_hp_per_floor":[75,75,75,75,75,75,75,75,75,75,75,75,75,75,75,75,75,75,75,75,75,85,85,85],"card_choices":[{"not_picked":["Conserve Battery","Streamline"],"picked":"Capacitor","floor":1.0},{"not_picked":["Lockon","Conserve Battery"],"picked":"Defragment","floor":5.0},{"not_picked":["Sunder","Compile Driver","Aggregate"],"picked":"Defragment","floor":8.0},{"not_picked":["Fission","Static Discharge","Go for the Eyes","Double Energy"],"picked":"SKIP","floor":10.0},{"not_picked":["Compile Driver","Sweeping Beam","Gash"],"picked":"Cold Snap","floor":11.0},{"not_picked":["Amplify","Go for the Eyes","Turbo"],"picked":"Self Repair","floor":13.0},{"not_picked":["Meteor Strike","Thunder Strike","Core Surge"],"picked":"Electrodynamics","floor":16.0},{"not_picked":["Compile Driver","Barrage","Streamline+1"],"picked":"White Noise","floor":18},{"not_picked":["Redo+1","Self Repair","Fusion"],"picked":"Ball Lightning+1","floor":21}],"player_experience":786030,"relics_obtained":[{"floor":7.0,"key":"Question Card"},{"floor":8.0,"key":"Omamori"},{"floor":9.0,"key":"War Paint"},{"floor":13.0,"key":"Bottled Tornado"}],"event_choices":[{"cards_removed":["Pain"],"damage_healed":0.0,"max_hp_gain":0.0,"max_hp_loss":0.0,"gold_gain":0.0,"event_name":"Golden Wing","player_choice":"Card Removal","floor":2.0,"gold_loss":0.0,"damage_taken":7.0},{"damage_healed":0.0,"max_hp_gain":0.0,"max_hp_loss":0.0,"gold_gain":0.0,"event_name":"Lab","player_choice":"Got Potions","floor":4.0,"gold_loss":0.0,"damage_taken":0.0},{"damage_healed":0.0,"max_hp_gain":0.0,"max_hp_loss":0.0,"gold_gain":175.0,"event_name":"Liars Game","player_choice":"AGREE","floor":12.0,"gold_loss":0.0,"damage_taken":0.0,"cards_obtained":["Doubt"]},{"damage_healed":0.0,"max_hp_gain":0.0,"max_hp_loss":0.0,"gold_gain":0.0,"event_name":"Scrap Ooze","player_choice":"Success","floor":14.0,"gold_loss":0.0,"damage_taken":12.0,"relics_obtained":["Singing Bowl"]},{"damage_healed":0,"gold_gain":0,"player_choice":"Ignored","damage_taken":0,"max_hp_gain":0,"max_hp_loss":0,"event_name":"Cursed Tome","floor":19,"gold_loss":0},{"damage_healed":0,"gold_gain":0,"player_choice":"Rummage","damage_taken":0,"relics_obtained":["WarpedTongs"],"max_hp_gain":0,"max_hp_loss":0,"event_name":"Accursed Blacksmith","floor":20,"gold_loss":0,"cards_obtained":["Pain"]}],"is_beta":false,"boss_relics":[{"not_picked":["Orrery","Runic Dome"],"picked":"White Beast Statue"}],"items_purged_floors":[3],"is_endless":false,"potions_floor_spawned":[1,5,8,18,21],"killed_by":"Slavers","ascension_level":6}