{"gold_per_floor":[18,35,35,35,35,35,67,67,91,107,122,153,7,34,34,136,136,116,116,126,142,92,92,110,110,136,136,161,176,207,219,219,219],"floor_reached":33,"playtime":1851,"items_purged":["Strike_G"],"score":295,"play_id":"1589bc30-e84e-4c09-8167-1306d940eead","local_time":"20181203144313","is_ascension_mode":false,"campfire_choices":[{"data":"Envenom","floor":6,"key":"SMITH"},{"data":"Cloak And Dagger","floor":8,"key":"SMITH"},{"floor":15,"key":"REST"},{"data":"Terror","floor":23,"key":"SMITH"},{"floor":25,"key":"REST"},{"data":"Storm of Steel","floor":27,"key":"SMITH"},{"floor":32,"key":"REST"}],"neow_cost":"NO_GOLD","seed_source_timestamp":1384505850095492,"circlet_count":0,"master_deck":["Defend_G","Defend_G","Defend_G","Defend_G","Defend_G","Strike_G","Strike_G","Strike_G","Strike_G","Survivor","Neutralize","Envenom+1","Cloak And Dagger+1","Cloak And Dagger","Skewer","Backstab","Dagger Spray","Terror+1","Infinite Blades","Footwork","Footwork","Adrenaline","Poisoned Stab","Dagger Spray","Storm of Steel+1","Riddle With Holes","Dagger Spray","Catalyst+1","Cloak And Dagger+1"],"relics":["Ring of the Snake","Omamori","Letter Opener","Potion Belt","Dream Catcher","Odd Mushroom","Sozu","Lantern","Kunai","Shovel"],"potions_floor_usage":[16,16,30],"damage_taken":[{"damage":0,"enemies":"Small Slimes","floor":1,"turns":5},{"damage":2,"enemies":"2 Louse","floor":2,"turns":3},{"damage":27,"enemies":"Lagavulin","floor":7,"turns":9},{"damage":1,"enemies":"Cultist","floor":10,"turns":4},{"damage":1,"enemies":"Exordium Thugs","floor":11,"turns":4},{"damage":21,"enemies":"Gremlin Nob","floor":12,"turns":5},{"damage":12,"enemies":"The Mushroom Lair","floor":14,"turns":4},{"damage":8,"enemies":"Slime Boss","floor":16,"turns":10},{"damage":0,"enemies":"2 Thieves","floor":18,"turns":4},{"damage":9,"enemies":"3 Byrds","floor":20,"turns":5},{"damage":17,"enemies":"Snecko","floor":21,"turns":4},{"damage":23,"enemies":"Snake Plant","floor":24,"turns":3},{"damage":4,"enemies":"Gremlin Leader","floor":28,"turns":6},{"damage":16,"enemies":"Sentry and Sphere","floor":29,"turns":6},{"damage":14,"enemies":"Book of Stabbing","floor":30,"turns":5},{"damage":5,"enemies":"Centurion and Healer","floor":31,"turns":7},{"damage":24,"enemies":"Collector","floor":33,"turns":3}],"seed_played":"5221476330230025554","potions_obtained":[{"floor":10,"key":"FearPotion"},{"floor":12,"key":"Strength Potion"},{"floor":14,"key":"Weak Potion"}],"is_trial":false,"path_per_floor":["M","M","?","?","?","R","E","R","T","M","M","E","$","?","R","B",null,"M","?","M","M","?","R","M","R","T","R","E","M","E","M","R","B"],"character_chosen":"THE_SILENT","items_purchased":["Infinite Blades"],"campfire_rested":3,"item_purchase_floors":[13],"current_hp_per_floor":[70,68,68,65,70,70,43,43,43,42,41,20,20,8,29,21,70,70,70,61,44,44,44,21,42,42,42,38,22,8,3,24,0],"gold":219,"neow_bonus":"THREE_RARE_CARDS","is_prod":false,"is_daily":false,"chose_seed":false,"campfire_upgraded":4,"win_rate":0,"timestamp":1543810393,"path_taken":["M","M","?","?","?","R","E","R","T","?","M","E","$","?","R","BOSS","M","?","?","M","?","R","M","R","T","R","E","?","E","M","R","BOSS"],"build_version":"2018-11-15","purchased_purges":1,"victory":false,"max_hp_per_floor":[70,70,70,70,70,70,70,70,70,70,70,70,70,70,70,70,70,70,70,70,70,70,70,70,70,70,70,70,70,70,70,70,70],"card_choices":[{"not_picked":["A Thousand Cuts","Grand Finale"],"picked":"Envenom","floor":0},{"not_picked":["Slice","Heel Hook"],"picked":"Cloak And Dagger","floor":1},{"not_picked":["Distraction","Backflip"],"picked":"Cloak And Dagger","floor":2},{"not_picked":["Dagger Throw","Calculated Gamble"],"picked":"Skewer","floor":7},{"not_picked":["Leg Sweep","Underhanded Strike"],"picked":"Backstab","floor":10},{"not_picked":["Cloak And Dagger","Underhanded Strike"],"picked":"Dagger Spray","floor":11},{"not_picked":["Escape Plan","Tools of the Trade"],"picked":"Terror","floor":12},{"not_picked":["Backstab","Prepared"],"picked":"Footwork","floor":14},{"not_picked":["PiercingWail","Dagger Throw"],"picked":"Footwork","floor":15},{"not_picked":["Phantasmal Killer","Doppelganger"],"picked":"Adrenaline","floor":16},{"not_picked":["Dodge and Roll","Cloak And Dagger"],"picked":"Poisoned Stab","floor":18},{"not_picked":["Concentrate","Endless Agony","Reflex"],"picked":"SKIP","floor":20},{"not_picked":["Escape Plan","Deflect"],"picked":"Dagger Spray","floor":21},{"not_picked":["Eviscerate+1","Setup+1","Slice"],"picked":"SKIP","floor":24},{"not_picked":["Underhanded Strike+1","Deflect+1"],"picked":"Storm of Steel","floor":25},{"not_picked":["Dash","Expertise+1"],"picked":"Riddle With Holes","floor":28},{"not_picked":["Concentrate","Dagger Throw+1"],"picked":"Dagger Spray","floor":29},{"not_picked":["Dagger Throw","Riddle With Holes"],"picked":"Catalyst+1","floor":30},{"not_picked":["Bouncing Flask","Flying Knee"],"picked":"Cloak And Dagger+1","floor":31}],"player_experience":415111,"relics_obtained":[{"floor":7,"key":"Letter Opener"},{"floor":9,"key":"Potion Belt"},{"floor":12,"key":"Dream Catcher"},{"floor":14,"key":"Odd Mushroom"},{"floor":26,"key":"Lantern"},{"floor":28,"key":"Kunai"},{"floor":30,"key":"Shovel"}],"event_choices":[{"damage_healed":0,"gold_gain":0,"player_choice":"Leave","damage_taken":0,"max_hp_gain":0,"max_hp_loss":0,"event_name":"The Cleric","floor":3,"gold_loss":0},{"damage_healed":0,"gold_gain":0,"player_choice":"Success","damage_taken":3,"relics_obtained":["Omamori"],"max_hp_gain":0,"max_hp_loss":0,"event_name":"Scrap Ooze","floor":4,"gold_loss":0},{"damage_healed":5,"gold_gain":0,"player_choice":"Full Heal","damage_taken":0,"max_hp_gain":0,"max_hp_loss":0,"event_name":"Wheel of Change","floor":5,"gold_loss":0},{"damage_healed":0,"gold_gain":0,"player_choice":"Fought Mushrooms","damage_taken":0,"max_hp_gain":0,"max_hp_loss":0,"event_name":"Mushrooms","floor":14,"gold_loss":0},{"damage_healed":0,"gold_gain":0,"player_choice":"Full Heal","damage_taken":0,"max_hp_gain":0,"max_hp_loss":0,"event_name":"Wheel of Change","floor":19,"gold_loss":0},{"damage_healed":0,"gold_gain":0,"player_choice":"Bet on Murderer","damage_taken":0,"max_hp_gain":0,"max_hp_loss":0,"event_name":"The Joust","floor":22,"gold_loss":50}],"is_beta":false,"boss_relics":[{"not_picked":["Astrolabe","Orrery"],"picked":"Sozu"}],"items_purged_floors":[13],"is_endless":false,"potions_floor_spawned":[10,12,14,24,29,30],"killed_by":"Collector","ascension_level":0}