{"gold_per_floor":[115,40,50,50,16,16,48,48,48,48,58,58,75,110,110,207,207,225,225,225,242,242,242,242],"floor_reached":24,"playtime":1106,"items_purged":["Defend_B"],"score":261,"play_id":"ea928e05-ca64-451a-8347-f36e7e038fa9","local_time":"20180911191626","is_ascension_mode":true,"campfire_choices":[{"data":"Stack","floor":6,"key":"SMITH"},{"data":"Genetic Algorithm","floor":12,"key":"SMITH"},{"data":"Auto Shields","floor":15,"key":"SMITH"},{"data":"Defragment","floor":23,"key":"SMITH"}],"neow_cost":"NONE","seed_source_timestamp":1251694801193499,"circlet_count":0,"master_deck":["Strike_B","Strike_B","Strike_B","Strike_B","Defend_B","Defend_B","Zap","Dualcast","Stack+1","Auto Shields+1","Self Repair","Buffer+1","Genetic Algorithm+1","BootSequence","Defragment+1","Creative AI","Buffer+1","Darkness"],"special_seed":0,"relics":["Cracked Core","NeowsBlessing","Molten Egg 2","Gremlin Horn","Bottled Flame","Cursed Key","Mummified Hand"],"potions_floor_usage":[16,16],"damage_taken":[{"damage":0,"enemies":"2 Louse","floor":1,"turns":1},{"damage":0,"enemies":"Cultist","floor":3,"turns":1},{"damage":0,"enemies":"Lagavulin","floor":7,"turns":1},{"damage":0,"enemies":"Small Slimes","floor":11,"turns":3},{"damage":0,"enemies":"Exordium Wildlife","floor":13,"turns":4},{"damage":46,"enemies":"Gremlin Nob","floor":14,"turns":7},{"damage":18,"enemies":"Slime Boss","floor":16,"turns":11},{"damage":11,"enemies":"Spheric Guardian","floor":18,"turns":7},{"damage":7,"enemies":"Shell Parasite","floor":21,"turns":9},{"damage":73,"enemies":"Book of Stabbing","floor":24,"turns":7}],"seed_played":"2621498621908625290","potions_obtained":[{"floor":13,"key":"Ancient Potion"},{"floor":14,"key":"Fire Potion"},{"floor":16,"key":"Strength Potion"}],"is_trial":false,"path_per_floor":["M","$","M","?","$","R","E","?","T","?","M","R","M","E","R","B",null,"M","?","?","M","?","R"],"character_chosen":"DEFECT","items_purchased":["Self Repair"],"campfire_rested":0,"item_purchase_floors":[5],"current_hp_per_floor":[75,75,75,75,75,75,75,75,75,68,75,75,75,36,36,25,75,71,71,71,71,71,71,0],"gold":242,"neow_bonus":"THREE_ENEMY_KILL","is_prod":false,"is_daily":false,"chose_seed":false,"campfire_upgraded":4,"win_rate":0,"timestamp":1536659186,"path_taken":["M","$","M","?","?","R","E","?","T","?","?","R","M","E","R","BOSS","M","?","?","M","?","R","E"],"build_version":"2018-09-06","purchased_purges":1,"victory":false,"max_hp_per_floor":[75,75,75,75,75,75,75,75,75,75,75,75,75,75,75,75,75,75,75,75,75,75,75,75],"card_choices":[{"not_picked":["Sweeping Beam","Glacier"],"picked":"Stack","floor":1},{"not_picked":["Double Energy","Conserve Battery"],"picked":"Auto Shields","floor":3},{"not_picked":["Coolheaded","Static Discharge"],"picked":"Buffer","floor":7},{"not_picked":["FTL+1","Cold Snap+1"],"picked":"Genetic Algorithm","floor":11},{"not_picked":["Barrage+1","Conserve Battery"],"picked":"BootSequence","floor":13},{"not_picked":["Double Energy","Compile Driver+1"],"picked":"Defragment","floor":14},{"not_picked":["Reboot","Multi-Cast"],"picked":"Creative AI","floor":16},{"not_picked":["Steam","Hologram+1","Sunder+1"],"picked":"SKIP","floor":18},{"not_picked":["Skim+1","Sweeping Beam+1"],"picked":"Darkness","floor":21}],"player_experience":171024,"relics_obtained":[{"floor":7,"key":"Molten Egg 2"},{"floor":9,"key":"Gremlin Horn"},{"floor":14,"key":"Bottled Flame"}],"event_choices":[{"event_name":"Wheel of Change","player_choice":"Full Heal","floor":4,"damage_taken":0},{"event_name":"Living Wall","player_choice":"Grow","floor":8,"damage_taken":0},{"event_name":"Golden Wing","player_choice":"Card Removal","floor":10,"damage_taken":0},{"event_name":"Duplicator","player_choice":"One dupe","floor":19,"damage_taken":0},{"event_name":"The Mausoleum","player_choice":"Yes","floor":20,"damage_taken":0},{"event_name":"Fountain of Cleansing","player_choice":"Removed Curse","floor":22,"damage_taken":0}],"is_beta":false,"boss_relics":[{"not_picked":["FrozenCore","White Beast Statue"],"picked":"Cursed Key"}],"items_purged_floors":[2],"is_endless":false,"potions_floor_spawned":[13,14,16],"killed_by":"Book of Stabbing","ascension_level":3}