{"gold_per_floor":[117,117,135,20,35,69,69,83,106,123,149,165,65,83,83,179,179,195,70,87,87,87,87],"floor_reached":23,"playtime":1100,"items_purged":["Regret","Strike_G","Strike_G"],"score":193,"play_id":"8cdd6ad3-e513-4ce0-aaa1-550f551ddcb7","local_time":"20180727205612","is_ascension_mode":false,"campfire_choices":[{"data":"Noxious Fumes","floor":7,"key":"SMITH"},{"floor":15,"key":"REST"}],"neow_cost":"NONE","seed_source_timestamp":37229310668706,"circlet_count":0,"master_deck":["Defend_G","Defend_G","Defend_G","Defend_G","Defend_G","Strike_G","Strike_G","Strike_G","Survivor","Neutralize","Dash","All Out Attack","Noxious Fumes+1","Quick Slash","Crippling Poison","A Thousand Cuts","Dash","Dash","Noxious Fumes","Flechettes"],"relics":["Ring of the Snake","Bag of Preparation","Bag of Marbles","Lantern","Ancient Tea Set","Odd Mushroom","Runic Pyramid"],"potions_floor_usage":[],"damage_taken":[{"damage":0,"enemies":"Small Slimes","floor":1,"turns":4},{"damage":11,"enemies":"2 Louse","floor":3,"turns":3},{"damage":1,"enemies":"Cultist","floor":5,"turns":3},{"damage":18,"enemies":"Lagavulin","floor":6,"turns":6},{"damage":0,"enemies":"Blue Slaver","floor":8,"turns":2},{"damage":0,"enemies":"2 Fungi Beasts","floor":10,"turns":2},{"damage":1,"floor":11,"turns":4},{"damage":0,"enemies":"Gremlin Gang","floor":12,"turns":1},{"damage":0,"enemies":"Blue Slaver","floor":14,"turns":4},{"damage":14,"enemies":"The Guardian","floor":16,"turns":10},{"damage":16,"enemies":"Spheric Guardian","floor":18,"turns":5},{"damage":6,"enemies":"Chosen","floor":20,"turns":5},{"damage":50,"enemies":"Book of Stabbing","floor":23,"turns":7}],"seed_played":"6283214608381091618","potions_obtained":[{"floor":6,"key":"Energy Potion"},{"floor":8,"key":"Energy Potion"},{"floor":10,"key":"Poison Potion"},{"floor":11,"key":"Strength Potion"}],"is_trial":false,"path_per_floor":["M","?","M","$","M","E","R","M","T","M","?","M","$","M","R","B",null,"M","$","M","$","?"],"character_chosen":"THE_SILENT","items_purchased":["Noxious Fumes"],"campfire_rested":1,"item_purchase_floors":[4],"current_hp_per_floor":[70,70,59,59,58,40,40,40,40,40,39,39,39,39,60,46,70,54,54,48,48,48,0],"gold":87,"neow_bonus":"RANDOM_COMMON_RELIC","is_prod":false,"is_daily":false,"chose_seed":false,"campfire_upgraded":1,"win_rate":0,"timestamp":1532692572,"path_taken":["M","?","M","$","M","E","R","M","T","M","?","?","?","M","R","BOSS","M","$","M","$","?","E"],"build_version":"2018-07-26","purchased_purges":3,"victory":false,"max_hp_per_floor":[70,70,70,70,70,70,70,70,70,70,70,70,70,70,70,70,70,70,70,70,70,70,70],"card_choices":[{"not_picked":["Bane","Flying Knee"],"picked":"Dash","floor":1},{"not_picked":["Deflect","Caltrops"],"picked":"All Out Attack","floor":3},{"not_picked":["Bane","Deflect"],"picked":"Quick Slash","floor":5},{"not_picked":["Flying Knee","Catalyst"],"picked":"Crippling Poison","floor":6},{"not_picked":["Underhanded Strike","Riddle With Holes"],"picked":"A Thousand Cuts","floor":8},{"not_picked":["Tactician","Prepared"],"picked":"Dash","floor":10},{"not_picked":["Heel Hook","Deadly Poison"],"picked":"Dash","floor":11},{"not_picked":["Underhanded Strike","Bane","Slice"],"picked":"SKIP","floor":12},{"not_picked":["Dagger Throw","Deadly Poison"],"picked":"Noxious Fumes","floor":14},{"not_picked":["Well Laid Plans","Dodge and Roll+1"],"picked":"Flechettes","floor":18},{"not_picked":["Acrobatics","Quick Slash","Slice+1"],"picked":"SKIP","floor":20}],"player_experience":52833,"relics_obtained":[{"floor":6,"key":"Lantern"},{"floor":9,"key":"Ancient Tea Set"},{"floor":11,"key":"Odd Mushroom"}],"event_choices":[{"event_name":"Big Fish","player_choice":"Box","floor":2,"damage_taken":0},{"event_name":"Mushrooms","player_choice":"Fought Mushrooms","floor":11,"damage_taken":0},{"event_name":"Vampires","player_choice":"Ignored","floor":22,"damage_taken":0}],"is_beta":false,"boss_relics":[{"not_picked":["Philosopher\u0027s Stone","WristBlade"],"picked":"Runic Pyramid"}],"items_purged_floors":[4,13,19],"is_endless":false,"potions_floor_spawned":[6,8,10,11,16],"killed_by":"Book of Stabbing","ascension_level":0}