{"gold_per_floor":[10,10,10,10,27,58,58,85,85,101,121,121,136,167,167,243,243,256,10,26,42,57,83,83,83],"floor_reached":25,"playtime":752,"items_purged":["Defend_B"],"score":486,"play_id":"c3449745-113e-46e6-b9e8-9dfe72a591f8","local_time":"20181215191645","is_ascension_mode":true,"campfire_choices":[{"data":"Zap","floor":7,"key":"SMITH"},{"floor":12,"key":"REST"},{"data":"Chaos","floor":15,"key":"SMITH"}],"neow_cost":"NO_GOLD","seed_source_timestamp":176494484116034,"circlet_count":0,"master_deck":["AscendersBane","Strike_B","Strike_B","Defend_B","Defend_B","Zap+1","Dualcast","Biased Cognition","Conserve Battery","Cold Snap","Cold Snap","Auto Shields","Ball Lightning","Chaos+1","Electrodynamics","Steam+1","Storm+1","Steam+1","Consume","Loop","Reprogram+1","Doom and Gloom"],"relics":["Cracked Core","Shuriken","Orichalcum","Mummified Hand","Sundial","Matryoshka","Astrolabe","PreservedInsect","Omamori"],"potions_floor_usage":[6,14,16,16,23,23],"damage_taken":[{"damage":6,"enemies":"Cultist","floor":1,"turns":3},{"damage":0,"enemies":"Small Slimes","floor":5,"turns":2},{"damage":12,"enemies":"Lagavulin","floor":6,"turns":5},{"damage":13,"enemies":"3 Sentries","floor":8,"turns":7},{"damage":3,"enemies":"Jaw Worm","floor":10,"turns":4},{"damage":4,"enemies":"Gremlin Gang","floor":11,"turns":5},{"damage":12,"enemies":"3 Louse","floor":13,"turns":2},{"damage":13,"enemies":"Lagavulin","floor":14,"turns":4},{"damage":4,"enemies":"Hexaghost","floor":16,"turns":9},{"damage":0,"enemies":"Spheric Guardian","floor":18,"turns":4},{"damage":17,"enemies":"2 Thieves","floor":20,"turns":4},{"damage":9,"enemies":"Centurion and Healer","floor":21,"turns":5},{"damage":6,"enemies":"Sentry and Sphere","floor":22,"turns":4},{"damage":24,"enemies":"Book of Stabbing","floor":23,"turns":3},{"damage":2,"enemies":"Slavers","floor":25,"turns":1}],"seed_played":"851146490840590315","potions_obtained":[{"floor":5,"key":"Poison Potion"},{"floor":10,"key":"FearPotion"},{"floor":11,"key":"Strength Potion"},{"floor":13,"key":"FocusPotion"},{"floor":14,"key":"Poison Potion"},{"floor":16,"key":"LiquidBronze"},{"floor":18,"key":"GamblersBrew"},{"floor":21,"key":"Strength Potion"}],"is_trial":false,"path_per_floor":["M","$","?","T","M","E","R","E","T","M","M","R","M","E","R","B",null,"M","$","M","M","M","E","?","E"],"character_chosen":"DEFECT","items_purchased":["PreservedInsect"],"campfire_rested":1,"item_purchase_floors":[19],"current_hp_per_floor":[58,58,58,58,58,46,46,33,33,30,26,47,35,22,22,18,58,58,58,41,32,26,2,2,0],"gold":83,"neow_bonus":"THREE_RARE_CARDS","is_prod":false,"is_daily":false,"chose_seed":false,"campfire_upgraded":2,"win_rate":0,"timestamp":1544869005,"path_taken":["M","?","?","?","M","E","R","E","T","M","M","R","M","E","R","BOSS","M","$","?","M","M","E","?","E"],"build_version":"2018-12-13","purchased_purges":1,"victory":false,"max_hp_per_floor":[71,71,71,71,71,71,71,71,71,71,71,71,71,71,71,71,71,71,71,71,71,71,71,71,71],"card_choices":[{"not_picked":["Buffer","Multi-Cast"],"picked":"Biased Cognition","floor":0},{"not_picked":["Streamline","Turbo"],"picked":"Conserve Battery","floor":1},{"not_picked":["Aggregate","Turbo"],"picked":"Cold Snap","floor":5},{"not_picked":["Glacier","Rainbow"],"picked":"Cold Snap","floor":6},{"not_picked":["Go for the Eyes","Steam","Hello World"],"picked":"SKIP","floor":8},{"not_picked":["Leap","Redo"],"picked":"Auto Shields","floor":10},{"not_picked":["Loop","Turbo"],"picked":"Ball Lightning","floor":11},{"not_picked":["Turbo","Beam Cell","Redo"],"picked":"SKIP","floor":13},{"not_picked":["Chill","Go for the Eyes"],"picked":"Chaos","floor":14},{"not_picked":["Meteor Strike","Biased Cognition"],"picked":"Electrodynamics","floor":16},{"not_picked":["Scrape","Rebound"],"picked":"Consume","floor":18},{"not_picked":["Redo","Streamline"],"picked":"Loop","floor":20},{"not_picked":["Stack","Streamline"],"picked":"Reprogram+1","floor":21},{"not_picked":["Sweeping Beam","Auto Shields"],"picked":"Doom and Gloom","floor":22},{"not_picked":["Coolheaded","White Noise","Multi-Cast"],"picked":"SKIP","floor":23}],"player_experience":793648,"relics_obtained":[{"floor":4,"key":"Shuriken"},{"floor":6,"key":"Orichalcum"},{"floor":8,"key":"Mummified Hand"},{"floor":9,"key":"Sundial"},{"floor":14,"key":"Matryoshka"},{"floor":23,"key":"Omamori"}],"event_choices":[{"damage_healed":0,"gold_gain":0,"player_choice":"Ignored","damage_taken":0,"max_hp_gain":0,"max_hp_loss":0,"event_name":"Golden Idol","floor":3,"gold_loss":0},{"damage_healed":0,"gold_gain":0,"player_choice":"Ignored","damage_taken":0,"max_hp_gain":0,"max_hp_loss":0,"event_name":"The Mausoleum","floor":24,"gold_loss":0}],"is_beta":false,"boss_relics":[{"not_picked":["Black Star","Nuclear Battery"],"picked":"Astrolabe"}],"items_purged_floors":[19],"is_endless":false,"potions_floor_spawned":[5,10,11,13,14,16,18,21],"killed_by":"Slavers","ascension_level":20}