{"gold_per_floor":[119,131,131,176,204,246,258,305,343,369,399,111,124,140,140,140],"floor_reached":16,"playtime":695,"items_purged":["Strike_G"],"score":114,"play_id":"93bfcfed-9ef2-4dcc-99c9-dc13d1f2d60e","local_time":"20190105194502","is_ascension_mode":false,"campfire_choices":[{"floor":7,"key":"REST"},{"floor":15,"key":"REST"}],"neow_cost":"NONE","seed_source_timestamp":101809118391992,"circlet_count":0,"master_deck":["Defend_G","Defend_G+1","Defend_G","Defend_G","Defend_G+1","Strike_G","Strike_G","Strike_G","Strike_G","Survivor","Neutralize","Bouncing Flask","Bane","Dagger Spray","Catalyst","Bane","Burst","Catalyst"],"relics":["Ring of the Snake","NeowsBlessing","MawBank","Potion Belt","Mercury Hourglass","Snake Skull","Bag of Marbles"],"potions_floor_usage":[8,16,16],"damage_taken":[{"damage":0,"enemies":"Cultist","floor":1,"turns":1},{"damage":0,"enemies":"Jaw Worm","floor":2,"turns":1},{"damage":0,"enemies":"2 Louse","floor":5,"turns":1},{"damage":22,"enemies":"Gremlin Nob","floor":6,"turns":5},{"damage":23,"enemies":"Lagavulin","floor":8,"turns":6},{"damage":0,"enemies":"Exordium Wildlife","floor":10,"turns":5},{"damage":4,"enemies":"Gremlin Gang","floor":11,"turns":3},{"damage":8,"enemies":"Large Slime","floor":13,"turns":4},{"damage":0,"enemies":"3 Louse","floor":14,"turns":2},{"damage":42,"enemies":"Slime Boss","floor":16,"turns":9}],"seed_played":"-77240267682420001","potions_obtained":[{"floor":1,"key":"PowerPotion"},{"floor":5,"key":"GamblersBrew"},{"floor":8,"key":"Ancient Potion"},{"floor":14,"key":"Poison Potion"}],"is_trial":false,"path_per_floor":["M","M","?","T","M","E","R","E","T","M","M","$","M","M","R","B"],"character_chosen":"THE_SILENT","items_purchased":["Burst","Bag of Marbles"],"campfire_rested":2,"item_purchase_floors":[12,12],"current_hp_per_floor":[70,70,56,56,56,34,55,32,32,32,28,28,20,20,41,0],"gold":140,"neow_bonus":"THREE_ENEMY_KILL","is_prod":false,"is_daily":false,"chose_seed":false,"campfire_upgraded":0,"win_rate":0,"timestamp":1546679702,"path_taken":["M","M","?","?","M","E","R","E","T","M","M","$","M","M","R","BOSS"],"build_version":"2019-01-03v4","purchased_purges":1,"victory":false,"max_hp_per_floor":[70,70,70,70,70,70,70,70,70,70,70,70,70,70,70,70],"card_choices":[{"not_picked":["Deflect","Bane"],"picked":"Bouncing Flask","floor":1},{"not_picked":["Tactician","Distraction"],"picked":"Bane","floor":2},{"not_picked":["Masterful Stab","Acrobatics"],"picked":"Dagger Spray","floor":5},{"not_picked":["Unload","Flying Knee","Slice"],"picked":"SKIP","floor":6},{"not_picked":["Dodge and Roll","Wraith Form v2","All Out Attack"],"picked":"SKIP","floor":8},{"not_picked":["Acrobatics","Skewer"],"picked":"Catalyst","floor":10},{"not_picked":["Flechettes","Sucker Punch"],"picked":"Bane","floor":11},{"not_picked":["Reflex","Bane"],"picked":"Catalyst","floor":13},{"not_picked":["Finisher","Cloak And Dagger","Concentrate"],"picked":"SKIP","floor":14}],"player_experience":427559,"relics_obtained":[{"floor":4,"key":"MawBank"},{"floor":6,"key":"Potion Belt"},{"floor":8,"key":"Mercury Hourglass"},{"floor":9,"key":"Snake Skull"}],"event_choices":[{"damage_healed":0,"gold_gain":0,"player_choice":"Entered Light","damage_taken":14,"max_hp_gain":0,"max_hp_loss":0,"event_name":"Shining Light","floor":3,"gold_loss":0,"cards_upgraded":["Defend_G","Defend_G"]}],"is_beta":false,"boss_relics":[],"items_purged_floors":[12],"is_endless":false,"potions_floor_spawned":[1,5,8,14],"killed_by":"Slime Boss","ascension_level":0}