{"gold_per_floor":[118,137,153,106,106,139,159,159,159,188,188,217,241,273,285,401,413,445,470,482],"floor_reached":20,"playtime":1159,"items_purged":[],"score":294,"play_id":"29b089ce-a32e-4b2e-83aa-f1265f3f87b3","local_time":"20180929010106","is_ascension_mode":true,"campfire_choices":[{"floor":8.0,"key":"REST"},{"floor":11.0,"key":"REST"},{"floor":15.0,"key":"REST"}],"neow_cost":"NONE","seed_source_timestamp":958053611253400,"circlet_count":0,"master_deck":["Strike_B","Strike_B","Strike_B","Strike_B","Defend_B","Defend_B","Defend_B","Defend_B","Zap","Dualcast","AscendersBane","Barrage","Sunder","Cold Snap","Go for the Eyes+1","Echo Form","Cold Snap","Leap","Sweeping Beam","Ball Lightning","Compile Driver","Seek","FTL+1","Steam"],"special_seed":0,"relics":["Cracked Core","NeowsBlessing","Question Card","Incense Burner","Ice Cream","MawBank","Inserter"],"potions_floor_usage":[],"damage_taken":[{"damage":0.0,"enemies":"Jaw Worm","floor":1.0,"turns":1.0},{"damage":0.0,"enemies":"2 Louse","floor":2.0,"turns":1.0},{"damage":0.0,"enemies":"Small Slimes","floor":3.0,"turns":1.0},{"damage":26.0,"enemies":"Gremlin Nob","floor":6.0,"turns":5.0},{"damage":30.0,"enemies":"Exordium Thugs","floor":7.0,"turns":6.0},{"damage":34.0,"enemies":"3 Sentries","floor":10.0,"turns":6.0},{"damage":6.0,"enemies":"Gremlin Nob","floor":12.0,"turns":3.0},{"damage":8.0,"enemies":"3 Louse","floor":13.0,"turns":2.0},{"damage":1.0,"enemies":"Large Slime","floor":14.0,"turns":4.0},{"damage":1.0,"enemies":"Slime Boss","floor":16.0,"turns":6.0},{"damage":23.0,"enemies":"3 Byrds","floor":18.0,"turns":5.0},{"damage":15,"enemies":"Shell Parasite","floor":19,"turns":5},{"damage":34,"enemies":"Snecko","floor":20,"turns":4}],"seed_played":"-8312762981391066505","potions_obtained":[{"floor":1.0,"key":"Fruit Juice"},{"floor":2.0,"key":"SteroidPotion"},{"floor":6.0,"key":"LiquidBronze"},{"floor":12.0,"key":"SpeedPotion"},{"floor":13.0,"key":"Block Potion"}],"is_trial":false,"path_per_floor":["M","M","M","$","?","E","M","R","T","E","R","E","M","M","R","B",null,"M","M"],"character_chosen":"DEFECT","items_purchased":["Go for the Eyes"],"campfire_rested":3,"item_purchase_floors":[4],"current_hp_per_floor":[73,73,73,73,73,47,17,41,41,7,31,25,17,16,40,39,70,47,32,0],"gold":482,"neow_bonus":"THREE_ENEMY_KILL","is_prod":false,"is_daily":false,"chose_seed":false,"campfire_upgraded":0,"win_rate":0,"timestamp":1538208066,"path_taken":["M","M","M","$","?","E","M","R","T","E","R","E","?","M","R","BOSS","M","M","M"],"build_version":"2018-09-27","purchased_purges":0,"victory":false,"max_hp_per_floor":[80,80,80,80,80,80,80,80,80,80,80,80,80,80,80,80,80,80,80,80],"card_choices":[{"not_picked":["Steam Power","Lockon"],"picked":"Barrage","floor":1.0},{"not_picked":["Turbo","Steam"],"picked":"Sunder","floor":2.0},{"not_picked":["Go for the Eyes","Conserve Battery"],"picked":"Cold Snap","floor":3.0},{"not_picked":["Conserve Battery","Undo"],"picked":"Echo Form","floor":6.0},{"not_picked":["Hologram","Streamline","Storm"],"picked":"Cold Snap","floor":7.0},{"not_picked":["Steam Power","Force Field","Turbo"],"picked":"Leap","floor":10.0},{"not_picked":["Aggregate","Auto Shields","Ball Lightning"],"picked":"Sweeping Beam","floor":12.0},{"not_picked":["Meteor Strike","Streamline","Conserve Battery"],"picked":"Ball Lightning","floor":13.0},{"not_picked":["Hologram","Chaos","Redo"],"picked":"Compile Driver","floor":14.0},{"not_picked":["Reboot","Thunder Strike","Creative AI"],"picked":"Seek","floor":16.0},{"not_picked":["Coolheaded+1","Hologram+1","Cold Snap"],"picked":"FTL+1","floor":18.0},{"not_picked":["Barrage+1","Skim","Cold Snap"],"picked":"Steam","floor":19}],"player_experience":475396,"relics_obtained":[{"floor":6.0,"key":"Question Card"},{"floor":9.0,"key":"Incense Burner"},{"floor":10.0,"key":"Ice Cream"},{"floor":12.0,"key":"MawBank"}],"event_choices":[{"event_name":"Living Wall","player_choice":"Grow","floor":5.0,"damage_taken":0.0}],"is_beta":false,"boss_relics":[{"not_picked":["White Beast Statue","Calling Bell"],"picked":"Inserter"}],"items_purged_floors":[],"is_endless":false,"potions_floor_spawned":[1,2,6,12,13,14],"killed_by":"Snecko","ascension_level":10}