{"gold_per_floor":[110,110,110,130,150,150,183,40,40,53,53,53,64,92,92,187,187,202,222,236,236,247,272,272,19,42,52,52,77,90,90,90,188,188,199,215,235,285,285,285,318,12,12,12,112,124,124,124,124,124],"floor_reached":51,"playtime":5797,"items_purged":["Madness"],"score":800,"play_id":"88379b3b-09e9-445d-b6fa-c6588c89c7bf","local_time":"20190212221549","is_ascension_mode":false,"campfire_choices":[{"data":"Hello World","floor":6,"key":"SMITH"},{"data":"Lockon","floor":11,"key":"SMITH"},{"floor":15,"key":"REST"},{"data":"Creative AI","floor":24,"key":"SMITH"},{"floor":28,"key":"REST"},{"data":"Double Energy","floor":32,"key":"SMITH"},{"data":"Fission","floor":40,"key":"SMITH"},{"data":"Amplify","floor":44,"key":"SMITH"},{"floor":47,"key":"DIG"},{"floor":49,"key":"REST"}],"neow_cost":"NONE","seed_source_timestamp":126048374445140,"circlet_count":0,"master_deck":["Dualcast+1","Hello World+1","Cold Snap","Self Repair","Ball Lightning","Amplify","Lockon+1","Storm","Creative AI+1","All For One","Leap","Hello World","Storm","Defragment","Double Energy+1","Lockon","Multi-Cast","Defragment","Stack","Chill","White Noise","Lockon","Amplify+1","Conserve Battery+1","BootSequence","Sweeping Beam+1","Fission+1","Redo+1","Rainbow","Genetic Algorithm+1","Sweeping Beam+1","Madness","Conserve Battery","Blizzard","Leap+1"],"relics":["FrozenCore","NeowsBlessing","Matryoshka","Omamori","Lantern","Oddly Smooth Stone","Kunai","Bottled Lightning","FossilizedHelix","Pandora\u0027s Box","Shuriken","Pen Nib","Dodecahedron","Art of War","Ice Cream","StoneCalendar","MawBank","Mummified Hand","Toxic Egg 2","Shovel","Centennial Puzzle"],"potions_floor_usage":[7,14,27,29,45,50],"damage_taken":[{"damage":0,"enemies":"Jaw Worm","floor":1,"turns":1},{"damage":0,"enemies":"2 Louse","floor":4,"turns":1},{"damage":0,"enemies":"Cultist","floor":5,"turns":1},{"damage":2,"enemies":"Lagavulin","floor":7,"turns":8},{"damage":7,"enemies":"Red Slaver","floor":10,"turns":3},{"damage":0,"enemies":"Large Slime","floor":13,"turns":4},{"damage":26,"enemies":"Gremlin Nob","floor":14,"turns":4},{"damage":3,"enemies":"Hexaghost","floor":16,"turns":9},{"damage":4,"enemies":"3 Byrds","floor":18,"turns":2},{"damage":0,"enemies":"Spheric Guardian","floor":19,"turns":2},{"damage":13,"enemies":"Centurion and Healer","floor":20,"turns":7},{"damage":13,"enemies":"Snake Plant","floor":22,"turns":4},{"damage":0,"enemies":"Gremlin Leader","floor":23,"turns":5},{"damage":19,"enemies":"Chosen and Byrds","floor":27,"turns":7},{"damage":22,"enemies":"Slavers","floor":29,"turns":5},{"damage":14,"enemies":"Centurion and Healer","floor":30,"turns":4},{"damage":0,"enemies":"Champ","floor":33,"turns":8},{"damage":0,"enemies":"3 Shapes","floor":35,"turns":3},{"damage":0,"enemies":"Orb Walker","floor":36,"turns":4},{"damage":0,"enemies":"4 Shapes","floor":37,"turns":4},{"damage":8,"enemies":"2 Orb Walkers","floor":38,"turns":5},{"damage":0,"enemies":"Nemesis","floor":41,"turns":5},{"damage":0,"enemies":"Mind Bloom Boss Battle","floor":45,"turns":6},{"damage":42,"enemies":"Writhing Mass","floor":46,"turns":5},{"damage":18,"enemies":"Time Eater","floor":50,"turns":8}],"seed_played":"-1829824121675934235","potions_obtained":[{"floor":5,"key":"Swift Potion"},{"floor":13,"key":"EssenceOfSteel"},{"floor":14,"key":"SteroidPotion"},{"floor":18,"key":"FairyPotion"},{"floor":22,"key":"EssenceOfSteel"},{"floor":27,"key":"Explosive Potion"},{"floor":36,"key":"SmokeBomb"},{"floor":45,"key":"FocusPotion"}],"is_trial":false,"path_per_floor":["M","?","?","M","M","R","E","$","T","M","R","T","M","E","R","B",null,"M","M","M","T","M","E","R","$","T","M","R","E","M","?","R","B",null,"M","M","M","?","?","R","E","$","T","R","?","M","R","?","R","B",null],"character_chosen":"DEFECT","items_purchased":["Amplify","Dodecahedron","Mummified Hand"],"campfire_rested":3,"item_purchase_floors":[8,25,42],"current_hp_per_floor":[75,57,42,42,42,42,47,47,47,47,47,47,54,35,57,61,75,75,75,69,69,56,63,63,63,63,58,75,60,60,60,60,74,75,75,75,75,74,65,65,72,72,72,72,75,40,40,40,62,44],"gold":124,"neow_bonus":"THREE_ENEMY_KILL","is_prod":false,"is_daily":false,"chose_seed":false,"campfire_upgraded":6,"win_rate":0.0,"timestamp":1550024149,"path_taken":["M","?","?","M","M","R","E","$","T","?","R","?","M","E","R","BOSS","M","M","M","?","M","E","R","$","T","M","R","E","M","?","R","BOSS","M","M","M","?","?","R","E","$","T","R","?","M","R","?","R","BOSS"],"build_version":"2019-01-23","purchased_purges":1,"victory":true,"max_hp_per_floor":[75,75,75,75,75,75,75,75,75,75,75,75,75,75,75,75,75,75,75,75,75,75,75,75,75,75,75,75,75,75,75,75,75,75,75,75,75,75,75,75,75,75,75,75,75,75,75,75,75,75],"card_choices":[{"not_picked":["Steam","Blizzard"],"picked":"Hello World","floor":1},{"not_picked":["Leap","Lockon"],"picked":"Cold Snap","floor":4},{"not_picked":["Streamline","Gash"],"picked":"Self Repair","floor":5},{"not_picked":["FTL","Streamline"],"picked":"Ball Lightning","floor":7},{"not_picked":["FTL","Ball Lightning"],"picked":"Lockon","floor":10},{"not_picked":["Beam Cell","Hologram"],"picked":"Storm","floor":13},{"not_picked":["Compile Driver","Doom and Gloom"],"picked":"Creative AI","floor":14},{"not_picked":["Biased Cognition","Amplify"],"picked":"All For One","floor":16},{"not_picked":["Redo","Ball Lightning"],"picked":"Stack","floor":18},{"not_picked":["Go for the Eyes","Streamline"],"picked":"Chill","floor":19},{"not_picked":["Double Energy","Steam"],"picked":"White Noise","floor":20},{"not_picked":["Stack","Self Repair"],"picked":"Lockon","floor":22},{"not_picked":["Steam+1","Force Field"],"picked":"Amplify","floor":23},{"not_picked":["Streamline+1","Heatsinks+1"],"picked":"Conserve Battery+1","floor":27},{"not_picked":["Stack","Coolheaded+1"],"picked":"BootSequence","floor":29},{"not_picked":["Leap","Storm"],"picked":"Sweeping Beam+1","floor":30},{"not_picked":["Machine Learning","Reboot"],"picked":"Fission","floor":33},{"not_picked":["Streamline","Hologram"],"picked":"Redo+1","floor":35},{"not_picked":["Static Discharge","Go for the Eyes+1"],"picked":"Rainbow","floor":36},{"not_picked":["Beam Cell","Reinforced Body"],"picked":"Genetic Algorithm+1","floor":37},{"not_picked":["Steam+1","Force Field"],"picked":"Sweeping Beam+1","floor":38},{"not_picked":["Chaos","Consume+1"],"picked":"Conserve Battery","floor":41},{"not_picked":["Machine Learning","Ball Lightning+1"],"picked":"Blizzard","floor":45},{"not_picked":["Beam Cell","Steam+1"],"picked":"Leap+1","floor":46}],"player_experience":23596,"relics_obtained":[{"floor":7,"key":"Omamori"},{"floor":9,"key":"Lantern"},{"floor":9,"key":"Oddly Smooth Stone"},{"floor":12,"key":"Kunai"},{"floor":12,"key":"Bottled Lightning"},{"floor":14,"key":"FossilizedHelix"},{"floor":21,"key":"Shuriken"},{"floor":23,"key":"Pen Nib"},{"floor":26,"key":"Art of War"},{"floor":29,"key":"Ice Cream"},{"floor":38,"key":"StoneCalendar"},{"floor":41,"key":"MawBank"},{"floor":43,"key":"Toxic Egg 2"},{"floor":45,"key":"Shovel"},{"floor":47,"key":"Centennial Puzzle"}],"event_choices":[{"damage_healed":0,"gold_gain":0,"player_choice":"Success","damage_taken":18,"relics_obtained":["Matryoshka"],"max_hp_gain":0,"max_hp_loss":0,"event_name":"Scrap Ooze","floor":2,"gold_loss":0},{"damage_healed":0,"gold_gain":0,"player_choice":"Entered Light","damage_taken":15,"max_hp_gain":0,"max_hp_loss":0,"event_name":"Shining Light","floor":3,"gold_loss":0,"cards_upgraded":["Dualcast","Defend_B"]},{"cards_removed":["Zap"],"damage_healed":0,"gold_gain":0,"player_choice":"Elegance","damage_taken":0,"max_hp_gain":0,"max_hp_loss":0,"event_name":"Back to Basics","floor":31,"gold_loss":0},{"damage_healed":0,"gold_gain":0,"player_choice":"Fight","damage_taken":0,"max_hp_gain":0,"max_hp_loss":0,"event_name":"Mysterious Sphere","floor":38,"gold_loss":0},{"damage_healed":0,"gold_gain":0,"player_choice":"Embrace Madness","damage_taken":9,"max_hp_gain":0,"max_hp_loss":0,"event_name":"Winding Halls","floor":39,"gold_loss":0,"cards_obtained":["Madness","Madness"]},{"damage_healed":0,"gold_gain":0,"player_choice":"Fight","damage_taken":0,"max_hp_gain":0,"max_hp_loss":0,"event_name":"MindBloom","floor":45,"gold_loss":0},{"damage_healed":0,"gold_gain":0,"player_choice":"Ignored","damage_taken":0,"max_hp_gain":0,"max_hp_loss":0,"event_name":"SecretPortal","floor":48,"gold_loss":0}],"is_beta":false,"boss_relics":[{"not_picked":["Tiny House","Inserter"],"picked":"Pandora\u0027s Box"},{"not_picked":["Nuclear Battery","Fusion Hammer"],"picked":"FrozenCore"}],"items_purged_floors":[42],"is_endless":false,"potions_floor_spawned":[5,13,14,18,22,27,36,38,45],"ascension_level":0}