{"gold_per_floor":[112,159,173,186,186,186,245,264,291,291,291,59,59,59,59,164,164,180,180,180,80,80,110,110,128,153,153],"floor_reached":27,"playtime":1224,"items_purged":["Injury","Defend_B"],"score":291,"play_id":"5260a871-4c42-4577-a5ce-48da972991d7","local_time":"20180830192945","is_ascension_mode":true,"campfire_choices":[{"data":"Discovery","floor":6,"key":"SMITH"},{"data":"Leap","floor":10,"key":"SMITH"},{"data":"FTL","floor":13,"key":"SMITH"},{"floor":15,"key":"REST"},{"data":"Echo Form","floor":24,"key":"SMITH"}],"neow_cost":"CURSE","seed_source_timestamp":215381607373319,"circlet_count":0,"master_deck":["Strike_B+1","Strike_B","Strike_B","Strike_B","Defend_B","Defend_B","Defend_B","Zap","Dualcast","FTL+1","Melter","Leap+1","Sweeping Beam+1","Discovery+1","Sweeping Beam","Leap","Echo Form+1","Ball Lightning","Beam Cell+1"],"relics":["Cracked Core","Prayer Wheel","Potion Belt","Tiny Chest","Regal Pillow","Vajra","Bronze Scales","Inserter","Shuriken","Bag of Preparation"],"potions_floor_usage":[7,16,25,25],"damage_taken":[{"damage":0,"enemies":"Cultist","floor":1,"turns":4},{"damage":7,"enemies":"Small Slimes","floor":3,"turns":3},{"damage":0,"enemies":"2 Louse","floor":4,"turns":1},{"damage":36,"enemies":"Lagavulin","floor":7,"turns":6},{"damage":1,"enemies":"2 Fungi Beasts","floor":8,"turns":2},{"damage":0,"enemies":"Slime Boss","floor":16,"turns":7},{"damage":10,"enemies":"Chosen","floor":18,"turns":6},{"damage":39,"enemies":"Gremlin Leader","floor":23,"turns":5},{"damage":1,"enemies":"2 Thieves","floor":25,"turns":2},{"damage":17,"enemies":"Centurion and Healer","floor":27,"turns":2}],"seed_played":"-8272582049406382113","potions_obtained":[{"floor":4,"key":"PowerPotion"},{"floor":7,"key":"PowerPotion"},{"floor":8,"key":"LiquidBronze"},{"floor":18,"key":"Fire Potion"},{"floor":25,"key":"SpeedPotion"}],"is_trial":false,"path_per_floor":["M","T","M","M","?","R","E","M","T","R","?","$","R","?","R","B",null,"M","?","?","$","$","E","R","M","T"],"character_chosen":"DEFECT","items_purchased":["Bronze Scales"],"campfire_rested":1,"item_purchase_floors":[12],"current_hp_per_floor":[75,75,68,68,68,68,32,31,31,31,28,28,28,13,50,50,75,65,65,51,51,51,12,12,11,11,0],"gold":153,"neow_bonus":"ONE_RARE_RELIC","is_prod":false,"is_daily":false,"chose_seed":false,"campfire_upgraded":4,"win_rate":0,"timestamp":1535623185,"path_taken":["M","?","?","M","?","R","E","M","T","R","?","?","R","?","R","BOSS","M","?","?","?","$","E","R","M","T","M"],"build_version":"2018-08-23v2","purchased_purges":2,"victory":false,"max_hp_per_floor":[75,75,75,75,75,75,75,75,75,75,75,75,75,75,75,75,75,75,75,80,80,80,80,80,80,80,80],"card_choices":[{"not_picked":["Heatsinks","Rebound"],"picked":"FTL","floor":1},{"not_picked":["Steam","Cold Snap"],"picked":"Melter","floor":1},{"not_picked":["Static Discharge","Barrage"],"picked":"Leap","floor":3},{"not_picked":["Streamline","Stack"],"picked":"Sweeping Beam","floor":3},{"not_picked":["Amplify","Barrage","Reinforced Body"],"picked":"SKIP","floor":4},{"not_picked":["Recycle","Rip and Tear","Cold Snap"],"picked":"SKIP","floor":4},{"not_picked":["Cold Snap","Hello World"],"picked":"Sweeping Beam","floor":7},{"not_picked":["Compile Driver","Ball Lightning"],"picked":"Leap","floor":8},{"not_picked":["Turbo","Barrage","Hologram"],"picked":"SKIP","floor":8},{"not_picked":["Meteor Strike","All For One"],"picked":"Echo Form","floor":16},{"not_picked":["Darkness","Go for the Eyes"],"picked":"Ball Lightning","floor":18},{"not_picked":["Coolheaded+1","Redo"],"picked":"Beam Cell+1","floor":18},{"not_picked":["Loop","White Noise","Undo"],"picked":"SKIP","floor":23},{"not_picked":["Steam","Rip and Tear+1","Hologram"],"picked":"SKIP","floor":25},{"not_picked":["Hologram","Turbo+1","Go for the Eyes+1"],"picked":"SKIP","floor":25}],"player_experience":77366,"relics_obtained":[{"floor":2,"key":"Potion Belt"},{"floor":7,"key":"Tiny Chest"},{"floor":9,"key":"Regal Pillow"},{"floor":23,"key":"Shuriken"},{"floor":26,"key":"Bag of Preparation"}],"event_choices":[{"event_name":"Match and Keep!","player_choice":"1 cards matched","floor":5,"damage_taken":0},{"event_name":"Scrap Ooze","player_choice":"success","floor":11,"damage_taken":3},{"event_name":"Shining Light","player_choice":"Entered Light","floor":14,"damage_taken":0},{"event_name":"Ghosts","player_choice":"Ignored","floor":19,"damage_taken":0},{"event_name":"Forgotten Altar","player_choice":"Shed Blood","floor":20,"damage_taken":0}],"is_beta":false,"boss_relics":[{"not_picked":["Snecko Eye","Coffee Dripper"],"picked":"Inserter"}],"items_purged_floors":[12,21],"is_endless":false,"potions_floor_spawned":[4,7,8,18,25],"killed_by":"Centurion and Healer","ascension_level":1}