{"gold_per_floor":[112,22,22,22,38,38,67,67,67,101,119,133,161,179,179,256,256,256,256,256,256,256,256,256,256,256,256,256,256,256,256,256,256],"floor_reached":33,"playtime":3211,"items_purged":[],"score":673,"play_id":"980a7de2-ec0f-4ebe-809d-d81642a8a2db","local_time":"20190123010147","is_ascension_mode":true,"campfire_choices":[{"data":"True Grit","floor":6.0,"key":"SMITH"},{"data":"Whirlwind","floor":8.0,"key":"SMITH"},{"data":"Disarm","floor":15.0,"key":"SMITH"},{"data":"Disarm","floor":24.0,"key":"SMITH"},{"floor":27.0,"key":"REST"},{"floor":30.0,"key":"REST"},{"data":"Bash","floor":32.0,"key":"SMITH"}],"neow_cost":"NONE","seed_source_timestamp":0,"circlet_count":0,"master_deck":["AscendersBane","Strike_R","Strike_R","Strike_R","Strike_R","Strike_R","Defend_R","Defend_R","Defend_R","Defend_R","Bash+1","True Grit+1","Whirlwind+1","Feed","Disarm+1","Ghostly Armor","Disarm+1","Offering","Warcry+1","Infernal Blade+1"],"special_seed":0,"relics":["Burning Blood","NeowsBlessing","Gambling Chip","Mercury Hourglass","Orichalcum","Kunai","Ectoplasm","Frozen Egg 2","Dream Catcher","Matryoshka","Happy Flower","Pantograph","Pen Nib"],"potions_floor_usage":[33],"damage_taken":[{"damage":0.0,"enemies":"Small Slimes","floor":1.0,"turns":1.0},{"damage":0.0,"enemies":"Cultist","floor":5.0,"turns":1.0},{"damage":0.0,"enemies":"3 Sentries","floor":7.0,"turns":1.0},{"damage":12.0,"enemies":"Gremlin Nob","floor":10.0,"turns":4.0},{"damage":0.0,"enemies":"Jaw Worm","floor":11.0,"turns":3.0},{"damage":0.0,"enemies":"Exordium Thugs","floor":12.0,"turns":4.0},{"damage":12.0,"enemies":"3 Sentries","floor":13.0,"turns":6.0},{"damage":0.0,"enemies":"2 Fungi Beasts","floor":14.0,"turns":2.0},{"damage":51.0,"enemies":"Hexaghost","floor":16.0,"turns":15.0},{"damage":0.0,"enemies":"3 Byrds","floor":18.0,"turns":3.0},{"damage":1.0,"enemies":"Chosen","floor":19.0,"turns":5.0},{"damage":14.0,"enemies":"Snecko","floor":20.0,"turns":8.0},{"damage":14.0,"enemies":"Snake Plant","floor":22.0,"turns":8.0},{"damage":44.0,"enemies":"Gremlin Leader","floor":23.0,"turns":8.0},{"damage":25.0,"enemies":"Book of Stabbing","floor":25.0,"turns":10.0},{"damage":12.0,"enemies":"Cultist and Chosen","floor":29.0,"turns":7.0},{"damage":14.0,"enemies":"Gremlin Leader","floor":31.0,"turns":7.0},{"damage":89,"enemies":"Automaton","floor":33,"turns":8}],"seed_played":"-1146984516497625537","potions_obtained":[{"floor":5.0,"key":"AttackPotion"},{"floor":7.0,"key":"Weak Potion"},{"floor":13.0,"key":"Block Potion"},{"floor":14.0,"key":"Dexterity Potion"},{"floor":23.0,"key":"GamblersBrew"},{"floor":31.0,"key":"Energy Potion"}],"is_trial":false,"path_per_floor":["M","$","?","?","M","R","E","R","T","E","M","M","E","M","R","B",null,"M","M","M","?","M","E","R","E","T","R","?","M","R","E","R","B"],"character_chosen":"IRONCLAD","items_purchased":["Whirlwind"],"campfire_rested":2,"item_purchase_floors":[2],"current_hp_per_floor":[74,74,74,75,75,75,75,75,75,72,81,84,81,87,87,45,79,88,93,88,88,80,45,45,26,26,55,46,40,69,61,61,0],"gold":256,"neow_bonus":"THREE_ENEMY_KILL","is_prod":false,"is_daily":false,"chose_seed":false,"campfire_upgraded":5,"win_rate":0,"timestamp":1548198107,"path_taken":["M","$","?","?","?","R","E","R","T","E","M","M","E","M","R","BOSS","M","M","M","?","M","E","R","E","T","R","?","M","R","E","R","BOSS"],"build_version":"2019-01-17v2","purchased_purges":0,"victory":false,"max_hp_per_floor":[75,75,75,75,75,75,75,75,75,78,81,84,87,87,87,90,90,93,93,96,96,96,99,99,99,99,99,99,99,99,99,99,99],"card_choices":[{"not_picked":["Sword Boomerang","Clash"],"picked":"True Grit","floor":1.0},{"not_picked":["Shrug It Off","Body Slam"],"picked":"Pommel Strike","floor":5.0},{"not_picked":["Iron Wave","Clash"],"picked":"Feed","floor":7.0},{"not_picked":["Havoc","Headbutt","Combust"],"picked":"SKIP","floor":10.0},{"not_picked":["Body Slam","Twin Strike","Second Wind"],"picked":"SKIP","floor":11.0},{"not_picked":["Iron Wave","Second Wind","Twin Strike"],"picked":"SKIP","floor":12.0},{"not_picked":["Havoc","Bludgeon"],"picked":"Disarm","floor":13.0},{"not_picked":["Flex","Warcry"],"picked":"Ghostly Armor","floor":14.0},{"not_picked":["Havoc","Infernal Blade","Iron Wave"],"picked":"SKIP","floor":18.0},{"not_picked":["Intimidate+1","Anger"],"picked":"Disarm","floor":19.0},{"not_picked":["Thunderclap","Clothesline","Sentinel"],"picked":"SKIP","floor":20.0},{"not_picked":["Iron Wave+1","Havoc"],"picked":"Offering","floor":22.0},{"not_picked":["Rupture+1","Thunderclap","Body Slam"],"picked":"SKIP","floor":23.0},{"not_picked":["Rupture+1","Thunderclap","Body Slam"],"picked":"SKIP","floor":23.0},{"not_picked":["Heavy Blade","Spot Weakness"],"picked":"Warcry+1","floor":25.0},{"not_picked":["Disarm","Iron Wave"],"picked":"Infernal Blade+1","floor":27.0},{"not_picked":["Clothesline","Dual Wield","Body Slam"],"picked":"SKIP","floor":29.0},{"not_picked":["Headbutt+1","True Grit","Heavy Blade"],"picked":"SKIP","floor":31.0}],"player_experience":897165,"relics_obtained":[{"floor":7.0,"key":"Gambling Chip"},{"floor":9.0,"key":"Mercury Hourglass"},{"floor":10.0,"key":"Orichalcum"},{"floor":13.0,"key":"Kunai"},{"floor":23.0,"key":"Dream Catcher"},{"floor":25.0,"key":"Matryoshka"},{"floor":26.0,"key":"Happy Flower"},{"floor":26.0,"key":"Pantograph"},{"floor":31.0,"key":"Pen Nib"}],"event_choices":[{"damage_healed":0.0,"max_hp_gain":0.0,"max_hp_loss":0.0,"gold_gain":0.0,"event_name":"The Cleric","player_choice":"Leave","floor":3.0,"gold_loss":0.0,"damage_taken":0.0},{"damage_healed":1.0,"max_hp_gain":0.0,"max_hp_loss":0.0,"gold_gain":0.0,"event_name":"Wheel of Change","player_choice":"Full Heal","floor":4.0,"gold_loss":0.0,"damage_taken":0.0},{"cards_removed":["Pommel Strike"],"damage_healed":0.0,"max_hp_gain":0.0,"max_hp_loss":0.0,"gold_gain":0.0,"event_name":"WeMeetAgain","player_choice":"Gave Card","floor":21.0,"gold_loss":0.0,"damage_taken":0.0,"relics_obtained":["Frozen Egg 2"]},{"damage_healed":0.0,"max_hp_gain":0.0,"max_hp_loss":0.0,"gold_gain":0.0,"event_name":"Knowing Skull","player_choice":"","floor":28.0,"potions_obtained":[],"gold_loss":0.0,"damage_taken":9.0,"cards_obtained":[]}],"is_beta":false,"boss_relics":[{"not_picked":["Astrolabe","Eternal Feather"],"picked":"Ectoplasm"}],"items_purged_floors":[],"is_endless":false,"potions_floor_spawned":[5,7,13,14,23,31],"killed_by":"Automaton","ascension_level":17}