{"gold_per_floor":[12,12,22,22,22,57,57,73,152,152,152,152,109,144,144,144],"floor_reached":16,"playtime":1018,"items_purged":[],"score":131,"play_id":"be8ccaef-6df1-4730-a959-56d6287c0bf1","local_time":"20180827155948","is_ascension_mode":false,"campfire_choices":[{"data":"Expertise","floor":7,"key":"SMITH"},{"data":"Flying Knee","floor":10,"key":"SMITH"},{"data":"Well Laid Plans","floor":12,"key":"SMITH"},{"data":"Neutralize","floor":15,"key":"SMITH"}],"neow_cost":"NO_GOLD","seed_source_timestamp":30148012860044,"circlet_count":0,"master_deck":["Defend_G","Defend_G","Defend_G","Defend_G","Defend_G","Strike_G","Strike_G","Strike_G","Strike_G","Strike_G","Survivor","Neutralize+1","Storm of Steel+1","Blade Dance","Well Laid Plans+1","Expertise+1","Dagger Spray","Flying Knee+1"],"relics":["Ring of the Snake","Pen Nib","Prayer Wheel","Smiling Mask","Paper Crane","Ornamental Fan"],"potions_floor_usage":[14,14],"damage_taken":[{"damage":0,"enemies":"Cultist","floor":1,"turns":4},{"damage":1,"enemies":"Jaw Worm","floor":3,"turns":6},{"damage":17,"enemies":"3 Sentries","floor":6,"turns":10},{"damage":0,"enemies":"Small Slimes","floor":8,"turns":2},{"damage":0,"enemies":"Gremlin Nob","floor":14,"turns":3},{"damage":41,"enemies":"The Guardian","floor":16,"turns":12}],"seed_played":"-8580781717040955932","potions_obtained":[{"floor":1,"key":"Block Potion"},{"floor":8,"key":"Poison Potion"}],"is_trial":false,"path_per_floor":["M","?","M","?","?","E","R","M","T","R","T","R","?","E","R"],"character_chosen":"THE_SILENT","items_purchased":[],"campfire_rested":0,"item_purchase_floors":[],"current_hp_per_floor":[70,70,69,57,57,40,40,40,40,40,40,40,40,40,40,0],"gold":144,"neow_bonus":"THREE_RARE_CARDS","is_prod":false,"is_daily":false,"chose_seed":false,"campfire_upgraded":4,"win_rate":0.0,"timestamp":1535351388,"path_taken":["M","?","M","?","?","E","R","?","T","R","?","R","?","E","R","BOSS"],"build_version":"2018-08-23v2","purchased_purges":0,"victory":false,"max_hp_per_floor":[70,70,70,70,70,70,70,70,70,70,70,70,70,70,70,70],"card_choices":[{"not_picked":["Glass Knife","Phantasmal Killer"],"picked":"Storm of Steel","floor":0},{"not_picked":["Dagger Spray","Dodge and Roll"],"picked":"Blade Dance","floor":1},{"not_picked":["Poisoned Stab","Heel Hook"],"picked":"Well Laid Plans","floor":3},{"not_picked":["PiercingWail","Poisoned Stab"],"picked":"Expertise","floor":6},{"not_picked":["Dagger Throw","Flechettes"],"picked":"Dagger Spray","floor":8},{"not_picked":["Sucker Punch","Dodge and Roll"],"picked":"Flying Knee","floor":8},{"not_picked":["Underhanded Strike","Choke","Deadly Poison"],"picked":"SKIP","floor":14}],"player_experience":63280,"relics_obtained":[{"floor":6,"key":"Prayer Wheel"},{"floor":9,"key":"Smiling Mask"},{"floor":11,"key":"Paper Crane"},{"floor":14,"key":"Ornamental Fan"}],"event_choices":[{"event_name":"The Cleric","player_choice":"Leave","floor":2,"damage_taken":0},{"event_name":"Scrap Ooze","player_choice":"success","floor":4,"damage_taken":12},{"event_name":"Living Wall","player_choice":"Grow","floor":5,"damage_taken":0},{"event_name":"World of Goop","player_choice":"Left","floor":13,"damage_taken":0}],"is_beta":false,"boss_relics":[],"items_purged_floors":[],"is_endless":false,"potions_floor_spawned":[1,6,8],"killed_by":"The Guardian","ascension_level":0}