{"gold_per_floor":[116,116,136,61,61,61,94,94,94,119,130,30,30,41,41,137,137,111,111,111,111,123,123,123,141,165,165,198,123,0,0],"floor_reached":31,"playtime":1023,"items_purged":["Bash","Injury"],"score":249,"play_id":"ef7226cf-d074-4795-891b-5795a2bfd6c5","local_time":"20180711165542","is_ascension_mode":false,"campfire_choices":[{"floor":6,"key":"REST"},{"data":"Entrench","floor":8,"key":"SMITH"},{"floor":13,"key":"REST"},{"data":"Armaments","floor":15,"key":"SMITH"},{"floor":23,"key":"REST"}],"neow_cost":"NONE","seed_source_timestamp":146147038386500,"circlet_count":0,"master_deck":["Strike_R+1","Strike_R+1","Strike_R+1","Strike_R+1","Strike_R+1","Defend_R+1","Defend_R+1","Defend_R+1","Defend_R+1","Shrug It Off","Combust+1","Entrench+1","Armaments+1","Headbutt","Berserk","Body Slam","Inflame","Metallicize","Seeing Red+1"],"relics":["Burning Blood","Dream Catcher","CultistMask","Mercury Hourglass","Mummified Hand","Odd Mushroom","Mark of Pain","Nilry\u0027s Codex","Pen Nib","Bottled Tornado"],"potions_floor_usage":[28,28,28],"damage_taken":[{"damage":0,"enemies":"Small Slimes","floor":1,"turns":5},{"damage":7,"enemies":"Cultist","floor":3,"turns":4},{"damage":14,"enemies":"3 Sentries","floor":7,"turns":5},{"damage":14,"floor":10,"turns":4},{"damage":0,"enemies":"2 Louse","floor":11,"turns":3},{"damage":8,"enemies":"2 Fungi Beasts","floor":14,"turns":3},{"damage":36,"enemies":"Slime Boss","floor":16,"turns":8},{"damage":32,"enemies":"2 Thieves","floor":18,"turns":5},{"damage":11,"enemies":"Shell Parasite","floor":22,"turns":4},{"damage":23,"enemies":"Snake Plant","floor":25,"turns":4},{"damage":34,"enemies":"Book of Stabbing","floor":28,"turns":5},{"damage":12,"enemies":"Cultist and Chosen","floor":31,"turns":2}],"seed_played":"-1996770992469122080","potions_obtained":[{"floor":1,"key":"Strength Potion"},{"floor":11,"key":"SpeedPotion"},{"floor":18,"key":"SteroidPotion"}],"is_trial":false,"path_per_floor":["M","?","M","$","?","R","E","R","T","?","M","$","R","M","R","B",null,"M","?","?","?","M","R","$","M","T","?","E","?","?"],"character_chosen":"IRONCLAD","items_purchased":[],"campfire_rested":3,"item_purchase_floors":[],"current_hp_per_floor":[80,80,79,79,79,80,72,72,72,64,70,70,80,78,78,48,80,54,38,38,38,33,57,57,40,40,40,12,12,12,0],"gold":0,"neow_bonus":"RANDOM_COMMON_RELIC","is_prod":false,"is_daily":false,"chose_seed":false,"campfire_upgraded":2,"win_rate":0,"timestamp":1531295742,"path_taken":["M","?","?","$","?","R","E","R","T","?","?","?","R","M","R","BOSS","M","?","?","?","M","R","?","?","T","?","E","?","?","M"],"build_version":"2018-07-05","purchased_purges":2,"victory":false,"max_hp_per_floor":[80,80,80,80,80,80,80,80,80,80,80,80,80,80,80,80,80,80,80,80,80,80,80,80,80,80,80,80,80,80,80],"card_choices":[{"not_picked":["Whirlwind","Iron Wave"],"picked":"Shrug It Off","floor":1},{"not_picked":["Pommel Strike","Disarm"],"picked":"Combust","floor":3},{"not_picked":["Flex","Blood for Blood"],"picked":"Entrench","floor":6},{"not_picked":["Demon Form","Clothesline","Whirlwind"],"picked":"SKIP","floor":7},{"not_picked":["Searing Blow","Disarm","Corruption"],"picked":"SKIP","floor":11},{"not_picked":["Power Through","Whirlwind"],"picked":"Armaments","floor":13},{"not_picked":["Rupture","True Grit"],"picked":"Headbutt","floor":14},{"not_picked":["Impervious","Fiend Fire"],"picked":"Berserk","floor":16},{"not_picked":["Clash","Seeing Red"],"picked":"Body Slam","floor":18},{"not_picked":["Perfected Strike","Power Through"],"picked":"Inflame","floor":22},{"not_picked":["Flex","Pommel Strike"],"picked":"Metallicize","floor":23},{"not_picked":["Disarm+1","Pommel Strike"],"picked":"Seeing Red+1","floor":25},{"not_picked":["True Grit+1","Thunderclap","Fire Breathing"],"picked":"SKIP","floor":28}],"player_experience":27880,"relics_obtained":[{"floor":7,"key":"Mercury Hourglass"},{"floor":9,"key":"Mummified Hand"},{"floor":10,"key":"Odd Mushroom"},{"floor":19,"key":"Nilry\u0027s Codex"},{"floor":26,"key":"Pen Nib"},{"floor":28,"key":"Bottled Tornado"}],"event_choices":[{"event_name":"FaceTrader","player_choice":"Trade","floor":2,"damage_taken":0},{"event_name":"Accursed Blacksmith","player_choice":"Forge","floor":5,"damage_taken":0},{"event_name":"Mushrooms","player_choice":"Fought Mushrooms","floor":10,"damage_taken":0},{"event_name":"Cursed Tome","player_choice":"Obtained Book","floor":19,"damage_taken":0},{"event_name":"Drug Dealer","player_choice":"Ignored","floor":20,"damage_taken":0},{"event_name":"Back to Basics","player_choice":"Simplicity","floor":21,"damage_taken":0},{"event_name":"Forgotten Altar","player_choice":"Smashed Altar","floor":27,"damage_taken":0},{"event_name":"Beggar","player_choice":"Gave Gold","floor":29,"damage_taken":0},{"event_name":"Masked Bandits","player_choice":"Paid Bandits 123 gold","floor":30,"damage_taken":0}],"boss_relics":[{"not_picked":["Cursed Key","Ectoplasm"],"picked":"Mark of Pain"}],"items_purged_floors":[4,12],"is_endless":false,"potions_floor_spawned":[1,11,18],"killed_by":"Cultist and Chosen","ascension_level":0}