{"gold_per_floor":[109,128,141,35,35,35,68,79,79,79,94,94,129,54,54,159,159,170,170,184,84,102,132,132,132,155,168,201,201,230,240,240,240],"floor_reached":33,"playtime":2888,"items_purged":["Strike_G","Strike_G"],"score":331,"play_id":"63ad3a47-f740-4c88-92c5-ca1f36d52179","local_time":"20181109195647","is_ascension_mode":true,"campfire_choices":[{"data":"Noxious Fumes","floor":6,"key":"SMITH"},{"data":"Dagger Spray","floor":10,"key":"SMITH"},{"data":"Leg Sweep","floor":15,"key":"SMITH"},{"data":"Crippling Poison","floor":25,"key":"SMITH"},{"floor":29,"key":"REST"},{"floor":32,"key":"REST"}],"neow_cost":"NONE","seed_source_timestamp":360108252411204,"circlet_count":0,"master_deck":["Defend_G","Defend_G","Defend_G","Defend_G","Defend_G","Strike_G+1","Strike_G","Survivor","Neutralize","Leg Sweep+1","Deadly Poison","Deadly Poison","Noxious Fumes+1","Dash","Poisoned Stab+1","Dagger Spray+1","Envenom","Crippling Poison+1","Burst","Footwork","Poisoned Stab+1","Noxious Fumes"],"relics":["Ring of the Snake","NlothsMask","Darkstone Periapt","Whetstone","Velvet Choker","MutagenicStrength","Potion Belt","Pocketwatch","Smiling Mask","Letter Opener","PreservedInsect"],"potions_floor_usage":[18,20,20,33,33],"damage_taken":[{"damage":7,"enemies":"Cultist","floor":1,"turns":5},{"damage":0,"enemies":"2 Louse","floor":2,"turns":3},{"damage":0,"enemies":"Small Slimes","floor":3,"turns":3},{"damage":17,"enemies":"3 Sentries","floor":7,"turns":7},{"damage":12,"enemies":"Exordium Wildlife","floor":8,"turns":5},{"damage":0,"enemies":"Blue Slaver","floor":11,"turns":4},{"damage":5,"enemies":"Lagavulin","floor":13,"turns":7},{"damage":26,"enemies":"The Guardian","floor":16,"turns":8},{"damage":9,"enemies":"3 Byrds","floor":18,"turns":3},{"damage":7,"enemies":"2 Thieves","floor":20,"turns":4},{"damage":19,"enemies":"Snake Plant","floor":22,"turns":6},{"damage":13,"enemies":"Gremlin Leader","floor":23,"turns":5},{"damage":0,"enemies":"3 Cultists","floor":27,"turns":6},{"damage":12,"enemies":"Book of Stabbing","floor":28,"turns":6},{"damage":6,"enemies":"Gremlin Leader","floor":30,"turns":6},{"damage":8,"enemies":"Centurion and Healer","floor":31,"turns":4},{"damage":62,"enemies":"Automaton","floor":33,"turns":6}],"seed_played":"4211915812414679213","potions_obtained":[{"floor":2,"key":"Explosive Potion"},{"floor":3,"key":"LiquidBronze"},{"floor":11,"key":"EssenceOfSteel"},{"floor":13,"key":"AttackPotion"},{"floor":20,"key":"GamblersBrew"},{"floor":28,"key":"Strength Potion"},{"floor":30,"key":"GamblersBrew"},{"floor":31,"key":"LiquidBronze"}],"is_trial":false,"path_per_floor":["M","M","M","$","?","R","E","M","T","R","M","?","E","$","R","B",null,"M","?","M","$","M","E","?","R","T","M","E","R","E","M","R","B"],"character_chosen":"THE_SILENT","items_purchased":["Noxious Fumes","Dash"],"campfire_rested":2,"item_purchase_floors":[4,4],"current_hp_per_floor":[63,63,63,63,63,63,46,34,34,34,34,34,29,29,29,3,70,61,61,54,54,35,22,22,22,22,22,10,31,25,17,38,0],"gold":240,"neow_bonus":"THREE_CARDS","is_prod":false,"is_daily":false,"chose_seed":false,"campfire_upgraded":4,"win_rate":0,"timestamp":1541755607,"path_taken":["M","M","?","$","?","R","E","?","T","R","M","?","E","?","R","BOSS","M","?","M","$","M","E","?","R","T","M","E","R","E","?","R","BOSS"],"build_version":"2018-11-08","purchased_purges":2,"victory":false,"max_hp_per_floor":[70,70,70,70,70,70,70,70,70,70,70,70,70,70,70,70,70,70,70,70,70,70,70,70,70,70,70,70,70,70,70,70,70],"card_choices":[{"not_picked":["Quick Slash","Terror"],"picked":"Leg Sweep","floor":0},{"not_picked":["Setup","Footwork"],"picked":"Deadly Poison","floor":1},{"not_picked":["Dodge and Roll","Deflect"],"picked":"Deadly Poison","floor":2},{"not_picked":["Prepared","Reflex","Backstab"],"picked":"SKIP","floor":3},{"not_picked":["All Out Attack","Deadly Poison"],"picked":"Poisoned Stab","floor":7},{"not_picked":["Quick Slash","Deadly Poison"],"picked":"Dagger Spray","floor":8},{"not_picked":["Dodge and Roll","Bane"],"picked":"Envenom","floor":11},{"not_picked":["Grand Finale","Blade Dance"],"picked":"Crippling Poison","floor":13},{"not_picked":["Phantasmal Killer","Unload"],"picked":"Burst","floor":16},{"not_picked":["Slice","Dagger Spray"],"picked":"Footwork","floor":18},{"not_picked":["Sucker Punch","Tactician","Cloak And Dagger+1"],"picked":"SKIP","floor":20},{"not_picked":["Dodge and Roll","Prepared","Escape Plan"],"picked":"SKIP","floor":22},{"not_picked":["Deflect","Well Laid Plans"],"picked":"Poisoned Stab+1","floor":23},{"not_picked":["Dagger Spray","Prepared","Cloak And Dagger"],"picked":"SKIP","floor":27},{"not_picked":["Dodge and Roll+1","Caltrops+1","Backstab"],"picked":"SKIP","floor":28},{"not_picked":["Infinite Blades+1","Quick Slash"],"picked":"Noxious Fumes","floor":30},{"not_picked":["Dagger Spray","Underhanded Strike+1","PiercingWail"],"picked":"SKIP","floor":31}],"player_experience":383778,"relics_obtained":[{"floor":7,"key":"Darkstone Periapt"},{"floor":13,"key":"Whetstone"},{"floor":23,"key":"Potion Belt"},{"floor":26,"key":"Smiling Mask"},{"floor":28,"key":"Letter Opener"},{"floor":30,"key":"PreservedInsect"}],"event_choices":[{"damage_healed":0,"gold_gain":0,"player_choice":"Trade","damage_taken":0,"relics_obtained":["NlothsMask"],"max_hp_gain":0,"max_hp_loss":0,"event_name":"FaceTrader","floor":5,"gold_loss":0},{"cards_removed":["Strike_G"],"damage_healed":0,"gold_gain":0,"player_choice":"Forget","damage_taken":0,"max_hp_gain":0,"max_hp_loss":0,"event_name":"Living Wall","floor":12,"gold_loss":0},{"damage_healed":0,"gold_gain":0,"player_choice":"Inject Mutagens","damage_taken":0,"relics_obtained":["MutagenicStrength"],"max_hp_gain":0,"max_hp_loss":0,"event_name":"Drug Dealer","floor":19,"gold_loss":0},{"damage_healed":0,"gold_gain":0,"player_choice":"Gave Potion","damage_taken":0,"relics_obtained":["Pocketwatch"],"max_hp_gain":0,"max_hp_loss":0,"event_name":"WeMeetAgain","floor":24,"gold_loss":0}],"is_beta":false,"boss_relics":[{"not_picked":["Lizard Tail","Pandora\u0027s Box"],"picked":"Velvet Choker"}],"items_purged_floors":[14,21],"is_endless":false,"potions_floor_spawned":[2,3,11,13,16,20,28,30,31],"killed_by":"Automaton","ascension_level":1}