{"gold_per_floor":[113,113,17,28,28,92,108,108,131,156,156,56,56,113,113,113],"floor_reached":16,"playtime":364,"items_purged":["Strike_R"],"score":262,"play_id":"eafcd49d-25d3-43c2-95ea-7c7adad9a6e9","local_time":"20190214224629","is_ascension_mode":true,"campfire_choices":[{"data":"Dark Embrace","floor":8,"key":"SMITH"},{"floor":11,"key":"REST"},{"data":"Pommel Strike","floor":13,"key":"SMITH"},{"floor":15,"key":"REST"}],"neow_cost":"NONE","seed_source_timestamp":901906152267599,"circlet_count":0,"master_deck":["AscendersBane","Strike_R","Strike_R","Strike_R","Strike_R","Defend_R","Defend_R","Defend_R","Bash","Pommel Strike+1","Finesse","Headbutt","Shrug It Off","Dark Embrace+1","Corruption+1","Shrug It Off"],"relics":["Burning Blood","NeowsBlessing","Tiny Chest","Oddly Smooth Stone","Frozen Egg 2","Magic Flower"],"potions_floor_usage":[14,14],"damage_taken":[{"damage":0,"enemies":"Small Slimes","floor":1,"turns":1},{"damage":0,"enemies":"Jaw Worm","floor":4,"turns":1},{"damage":0,"enemies":"Gremlin Nob","floor":6,"turns":1},{"damage":6,"enemies":"2 Louse","floor":7,"turns":2},{"damage":45,"enemies":"3 Sentries","floor":10,"turns":9},{"damage":54,"enemies":"Lagavulin Event","floor":14,"turns":7},{"damage":0,"enemies":"Hexaghost","floor":16,"turns":1}],"seed_played":"-4095583141215528822","potions_obtained":[{"floor":7,"key":"Weak Potion"},{"floor":10,"key":"AttackPotion"},{"floor":14,"key":"Swift Potion"}],"is_trial":false,"path_per_floor":["M","?","$","M","?","E","M","R","T","E","R","$","R","?","R","B"],"character_chosen":"IRONCLAD","items_purchased":["Finesse","Shrug It Off"],"campfire_rested":2,"item_purchase_floors":[3,12],"current_hp_per_floor":[74,67,67,73,73,75,75,75,75,36,58,58,58,10,32,32],"gold":113,"neow_bonus":"THREE_ENEMY_KILL","is_prod":false,"is_daily":false,"chose_seed":false,"campfire_upgraded":2,"win_rate":0,"timestamp":1550209589,"path_taken":["M","?","$","M","?","E","M","R","T","E","R","$","R","?","R","BOSS"],"build_version":"2019-01-23","purchased_purges":1,"victory":false,"max_hp_per_floor":[75,75,75,75,75,75,75,75,75,75,75,75,75,75,75,75],"card_choices":[{"not_picked":["Ghostly Armor","Clash"],"picked":"Pommel Strike","floor":1},{"not_picked":["Rage","Thunderclap"],"picked":"Headbutt","floor":4},{"not_picked":["Power Through","Iron Wave"],"picked":"Shrug It Off","floor":6},{"not_picked":["Cleave","Blood for Blood"],"picked":"Dark Embrace","floor":7},{"not_picked":["Heavy Blade","Clothesline"],"picked":"Corruption","floor":10}],"player_experience":838436,"relics_obtained":[{"floor":6,"key":"Tiny Chest"},{"floor":9,"key":"Oddly Smooth Stone"},{"floor":10,"key":"Frozen Egg 2"},{"floor":14,"key":"Magic Flower"}],"event_choices":[{"cards_removed":["Defend_R"],"damage_healed":0,"gold_gain":0,"player_choice":"Card Removal","damage_taken":7,"max_hp_gain":0,"max_hp_loss":0,"event_name":"Golden Wing","floor":2,"gold_loss":0},{"damage_healed":0,"gold_gain":0,"player_choice":"Leave","damage_taken":0,"max_hp_gain":0,"max_hp_loss":0,"event_name":"The Cleric","floor":5,"gold_loss":0},{"damage_healed":0,"gold_gain":0,"player_choice":"Searched \u00271\u0027 times","damage_taken":0,"max_hp_gain":0,"max_hp_loss":0,"event_name":"Dead Adventurer","floor":14,"gold_loss":0}],"is_beta":false,"boss_relics":[],"items_purged_floors":[12],"is_endless":false,"potions_floor_spawned":[7,10,14],"killed_by":"Hexaghost","ascension_level":20}