{"gold_per_floor":[112,112,112,125,125,125,145,157,157,175,175,125,135,169,169,267,267,286,286,298,298,316,316,241,241,298,325,325,339,357,21,21,21],"floor_reached":33,"playtime":1717,"items_purged":["Defend_G"],"score":297,"play_id":"7a6b2caf-7bc4-4e6f-a5c8-8a568d50d4ed","local_time":"20180902153751","is_ascension_mode":true,"campfire_choices":[{"data":"1","floor":6,"key":"LIFT"},{"floor":15,"key":"REST"},{"data":"Storm of Steel","floor":23,"key":"SMITH"},{"data":"2","floor":25,"key":"LIFT"},{"data":"3","floor":28,"key":"LIFT"},{"data":"Accuracy","floor":32,"key":"SMITH"}],"neow_cost":"","seed_source_timestamp":460191635172128,"circlet_count":0,"master_deck":["Defend_G","Defend_G","Defend_G","Survivor","Neutralize","Accuracy+1","Terror+1","Slice","Slice","Dash","Sucker Punch","Storm of Steel+1","Setup+1","Bite","Bite","Bite","Bite","Bite","RitualDagger","Cloak And Dagger","Distraction+1","Backstab+1"],"relics":["Ring of the Snake","Girya","Paper Crane","Question Card","Lizard Tail","Tiny Chest","Potion Belt","Molten Egg 2"],"potions_floor_usage":[14,18,18,29,30],"damage_taken":[{"damage":0,"enemies":"Small Slimes","floor":1,"turns":3},{"damage":3,"enemies":"Jaw Worm","floor":4,"turns":7},{"damage":0,"enemies":"Cultist","floor":7,"turns":3},{"damage":0,"enemies":"Looter","floor":8,"turns":2},{"damage":9,"enemies":"3 Louse","floor":10,"turns":4},{"damage":2,"enemies":"Large Slime","floor":13,"turns":7},{"damage":30,"enemies":"3 Sentries","floor":14,"turns":7},{"damage":25,"enemies":"Hexaghost","floor":16,"turns":12},{"damage":13,"enemies":"Shell Parasite","floor":18,"turns":7},{"damage":15,"enemies":"3 Byrds","floor":20,"turns":6},{"damage":38,"enemies":"Snecko","floor":22,"turns":5},{"damage":24,"enemies":"Snake Plant","floor":29,"turns":3},{"damage":10,"enemies":"Cultist and Chosen","floor":30,"turns":5},{"damage":22,"enemies":"Automaton","floor":33,"turns":3}],"seed_played":"-5610941984315757421","potions_obtained":[{"floor":1,"key":"SpeedPotion"},{"floor":7,"key":"GamblersBrew"},{"floor":8,"key":"GamblersBrew"},{"floor":10,"key":"Energy Potion"},{"floor":16,"key":"Fire Potion"},{"floor":20,"key":"Dexterity Potion"},{"floor":29,"key":"FearPotion"}],"is_trial":false,"path_per_floor":["M","?","?","M","?","R","M","M","T","M","?","?","M","E","R","B",null,"M","?","M","?","M","R","?","R","T","T","R","M","M","$","R"],"character_chosen":"THE_SILENT","items_purchased":["Molten Egg 2"],"campfire_rested":1,"item_purchase_floors":[31],"current_hp_per_floor":[70,75,72,69,69,69,69,69,69,60,60,60,58,28,50,25,75,62,52,45,39,9,9,9,9,9,9,9,18,14,14,14,0],"gold":21,"neow_bonus":"","is_prod":false,"is_daily":false,"chose_seed":false,"campfire_upgraded":2,"win_rate":0,"timestamp":1535868471,"path_taken":["M","?","?","M","?","R","M","?","T","M","?","?","?","E","R","BOSS","M","?","?","?","M","R","?","R","T","?","R","M","M","$","R","BOSS"],"build_version":"2018-08-30","purchased_purges":1,"victory":false,"max_hp_per_floor":[70,75,75,75,75,75,75,75,75,75,75,75,75,75,75,75,75,75,52,52,52,52,52,52,52,52,52,52,52,52,52,52,52],"card_choices":[{"not_picked":["Concentrate","Dodge and Roll"],"picked":"Accuracy","floor":1},{"not_picked":["Bouncing Flask","Concentrate"],"picked":"Terror","floor":4},{"not_picked":["Prepared","Backflip"],"picked":"Slice","floor":7},{"not_picked":["Skewer","Heel Hook"],"picked":"Slice","floor":8},{"not_picked":["Dodge and Roll","Backflip"],"picked":"Dash","floor":10},{"not_picked":["Well Laid Plans","Masterful Stab"],"picked":"Sucker Punch","floor":13},{"not_picked":["Deadly Poison","Concentrate","Outmaneuver"],"picked":"SKIP","floor":14},{"not_picked":["Die Die Die","Adrenaline","Night Terror"],"picked":"Storm of Steel","floor":16},{"not_picked":["Well Laid Plans","Outmaneuver","Dagger Throw"],"picked":"Setup+1","floor":18},{"not_picked":["Backflip","Terror","Finisher","Noxious Fumes+1"],"picked":"SKIP","floor":20},{"not_picked":["Footwork+1","Prepared+1","Slice"],"picked":"Cloak And Dagger","floor":22},{"not_picked":["Dagger Spray","Flying Knee","Wraith Form v2"],"picked":"Distraction+1","floor":29},{"not_picked":["Catalyst+1","All Out Attack+1","Underhanded Strike"],"picked":"Backstab+1","floor":30}],"player_experience":109683,"relics_obtained":[{"floor":9,"key":"Paper Crane"},{"floor":14,"key":"Question Card"},{"floor":26,"key":"Tiny Chest"},{"floor":27,"key":"Potion Belt"}],"event_choices":[{"event_name":"Big Fish","player_choice":"Donut","floor":2,"damage_taken":0},{"event_name":"Scrap Ooze","player_choice":"success","floor":3,"damage_taken":3},{"event_name":"Living Wall","player_choice":"Grow","floor":5,"damage_taken":0},{"event_name":"Liars Game","player_choice":"disagreed","floor":11,"damage_taken":0},{"event_name":"The Cleric","player_choice":"Card Removal","floor":12,"damage_taken":0},{"event_name":"Vampires","player_choice":"Became a vampire","floor":19,"damage_taken":0},{"event_name":"Nest","player_choice":"Joined the Cult","floor":21,"damage_taken":0},{"event_name":"Beggar","player_choice":"Gave Gold","floor":24,"damage_taken":0}],"is_beta":false,"boss_relics":[{"not_picked":["Runic Dome","Calling Bell"],"picked":"Lizard Tail"}],"items_purged_floors":[31],"is_endless":false,"potions_floor_spawned":[1,7,8,10,16,20,29],"killed_by":"Automaton","ascension_level":2}