{"gold_per_floor":[112,13,13,13,13,13,13,27,27,38,48,48,68,88,88,186,186,198,75,92,106,106,162,162,162],"floor_reached":25,"playtime":1870,"items_purged":["Strike_B","Pain"],"score":245,"play_id":"ff14569b-31cf-4dbe-ba91-2c8418b5b4e2","local_time":"20180923092159","is_ascension_mode":true,"campfire_choices":[{"data":"Self Repair","floor":6,"key":"SMITH"},{"data":"Defragment","floor":12,"key":"SMITH"},{"data":"Static Discharge","floor":15,"key":"SMITH"},{"data":"Hologram","floor":24,"key":"SMITH"}],"neow_cost":"NONE","seed_source_timestamp":832151616616335,"circlet_count":0,"master_deck":["Strike_B","Strike_B","Strike_B","Defend_B","Defend_B","Defend_B","Defend_B","Zap","Dualcast","Self Repair+1","Beam Cell","Regret","Glacier","Defragment+1","Go for the Eyes","Static Discharge+1","FTL","Core Surge","Hologram+1","Sweeping Beam","Streamline","Streamline","Beam Cell"],"relics":["White Beast Statue","Potion Belt","Bronze Scales","WarpedTongs","Bottled Flame","Velvet Choker","Nilry\u0027s Codex","Tiny Chest"],"potions_floor_usage":[10,13,16,16,16,16,21,21,21,23,23,23,23,23,23,23],"damage_taken":[{"damage":7,"enemies":"Jaw Worm","floor":1,"turns":5},{"damage":6,"enemies":"2 Louse","floor":8,"turns":2},{"damage":7,"enemies":"Cultist","floor":10,"turns":4},{"damage":13,"enemies":"Looter","floor":11,"turns":4},{"damage":14,"enemies":"Large Slime","floor":13,"turns":7},{"damage":18,"enemies":"Lots of Slimes","floor":14,"turns":4},{"damage":23,"enemies":"Hexaghost","floor":16,"turns":8},{"damage":13,"enemies":"Shell Parasite","floor":18,"turns":3},{"damage":17,"enemies":"Spheric Guardian","floor":20,"turns":3},{"damage":14,"enemies":"Snake Plant","floor":21,"turns":2},{"damage":35,"enemies":"Slavers","floor":23,"turns":3},{"damage":27,"enemies":"Snecko","floor":25,"turns":3}],"seed_played":"7264369522759481652","potions_obtained":[{"floor":1,"key":"EssenceOfSteel"},{"floor":8,"key":"SkillPotion"},{"floor":10,"key":"Explosive Potion"},{"floor":11,"key":"LiquidBronze"},{"floor":13,"key":"Swift Potion"},{"floor":14,"key":"PowerPotion"},{"floor":16,"key":"LiquidBronze"},{"floor":18,"key":"Energy Potion"},{"floor":20,"key":"EntropicBrew"},{"floor":21,"key":"Explosive Potion"},{"floor":23,"key":"FearPotion"}],"is_trial":false,"path_per_floor":["M","$","?","?","?","R","?","M","T","M","M","R","M","M","R","B",null,"M","$","M","M","?","E","R"],"character_chosen":"DEFECT","items_purchased":["Beam Cell","Sweeping Beam"],"campfire_rested":0,"item_purchase_floors":[2,19],"current_hp_per_floor":[68,68,56,56,56,56,56,50,50,53,50,50,46,38,38,25,75,72,72,65,61,45,20,20,0],"gold":162,"neow_bonus":"BOSS_RELIC","is_prod":false,"is_daily":false,"chose_seed":false,"campfire_upgraded":4,"win_rate":0,"timestamp":1537660319,"path_taken":["M","$","?","?","?","R","?","M","T","M","M","R","?","M","R","BOSS","M","$","?","M","?","E","R","?"],"build_version":"2018-09-20","purchased_purges":2,"victory":false,"max_hp_per_floor":[75,75,75,75,75,75,75,75,75,75,75,75,75,75,75,75,75,75,75,75,75,75,75,75,75],"card_choices":[{"not_picked":["Darkness","Barrage"],"picked":"Self Repair","floor":1},{"not_picked":["Cold Snap","Hologram"],"picked":"Glacier","floor":8},{"not_picked":["Sweeping Beam","Loop"],"picked":"Defragment","floor":10},{"not_picked":["Steam Power","Stack"],"picked":"Go for the Eyes","floor":11},{"not_picked":["Sunder","Sweeping Beam"],"picked":"Static Discharge","floor":13},{"not_picked":["Beam Cell","Reinforced Body"],"picked":"FTL","floor":14},{"not_picked":["All For One","Fission"],"picked":"Core Surge","floor":16},{"not_picked":["Barrage+1","Cold Snap"],"picked":"Hologram","floor":18},{"not_picked":["Turbo","Conserve Battery+1"],"picked":"Streamline","floor":20},{"not_picked":["Steam+1","Fusion"],"picked":"Streamline","floor":21},{"not_picked":["Capacitor","Ball Lightning"],"picked":"Beam Cell","floor":23}],"player_experience":203413,"relics_obtained":[{"floor":9,"key":"Bottled Flame"},{"floor":22,"key":"Nilry\u0027s Codex"},{"floor":23,"key":"Tiny Chest"}],"event_choices":[{"event_name":"Scrap Ooze","player_choice":"success","floor":3,"damage_taken":12},{"event_name":"Big Fish","player_choice":"Box","floor":4,"damage_taken":0},{"event_name":"Accursed Blacksmith","player_choice":"Rummage","floor":5,"damage_taken":0},{"event_name":"Liars Game","player_choice":"disagreed","floor":7,"damage_taken":0},{"event_name":"Cursed Tome","player_choice":"Obtained Book","floor":22,"damage_taken":0}],"is_beta":false,"boss_relics":[{"not_picked":["Coffee Dripper","Black Star"],"picked":"Velvet Choker"}],"items_purged_floors":[2,19],"is_endless":false,"potions_floor_spawned":[1,8,10,11,13,14,16,18,20,21,23],"killed_by":"Snecko","ascension_level":3}