{"gold_per_floor":[115,65,84,17,17,46,56,83,158,158,168,118,118,68,68,172,172,172,172,97,97,97,97],"floor_reached":23,"playtime":1476,"items_purged":["Strike_B","Defend_B","Strike_B"],"score":308,"play_id":"2b702e96-9673-4771-b26d-f0c3c126b851","local_time":"20190213174038","is_ascension_mode":true,"campfire_choices":[{"data":"1","floor":10,"key":"LIFT"},{"data":"2","floor":13,"key":"LIFT"},{"floor":15,"key":"REST"}],"neow_cost":"NONE","seed_source_timestamp":48799944146213,"circlet_count":0,"master_deck":["AscendersBane","Strike_B","Defend_B","Defend_B","Zap","Dualcast","Self Repair","Cold Snap","Glacier","Auto Shields","Rip and Tear","Sweeping Beam","Seek","FTL+1","Rip and Tear+1","Hologram","Doom and Gloom+1"],"relics":["Cracked Core","Girya","Smiling Mask","Molten Egg 2","Ectoplasm"],"potions_floor_usage":[8],"damage_taken":[{"damage":18,"enemies":"Jaw Worm","floor":1,"turns":4},{"damage":1,"enemies":"Small Slimes","floor":3,"turns":4},{"damage":20,"enemies":"3 Sentries","floor":6,"turns":13},{"damage":4,"enemies":"Cultist","floor":7,"turns":4},{"damage":11,"enemies":"Lagavulin","floor":8,"turns":7},{"damage":16,"enemies":"Gremlin Gang","floor":11,"turns":3},{"damage":20,"enemies":"The Guardian","floor":16,"turns":15},{"damage":2,"enemies":"3 Byrds","floor":18,"turns":6},{"damage":18,"enemies":"Shell Parasite","floor":19,"turns":5},{"damage":1,"enemies":"Sentry and Sphere","floor":21,"turns":5},{"damage":62,"enemies":"Slavers","floor":23,"turns":4}],"seed_played":"6080876104836725994","potions_obtained":[{"floor":6,"key":"Regen Potion"},{"floor":21,"key":"FairyPotion"}],"is_trial":false,"path_per_floor":["M","?","M","$","?","E","M","E","T","R","M","$","R","$","R","B",null,"M","M","$","M","?","E"],"character_chosen":"DEFECT","items_purchased":["Glacier","Hologram"],"campfire_rested":1,"item_purchase_floors":[4,20],"current_hp_per_floor":[50,50,56,56,56,43,46,57,57,57,41,41,41,41,63,50,69,74,63,63,62,48,0],"gold":97,"neow_bonus":"REMOVE_CARD","is_prod":false,"is_daily":false,"chose_seed":false,"campfire_upgraded":0,"win_rate":0,"timestamp":1550101238,"path_taken":["M","?","M","$","?","E","?","E","T","R","M","$","R","$","R","BOSS","M","?","$","?","?","E"],"build_version":"2019-01-23","purchased_purges":3,"victory":false,"max_hp_per_floor":[75,75,75,75,75,75,75,75,75,75,75,75,75,75,75,75,75,75,75,75,75,80,80],"card_choices":[{"not_picked":["Redo","Streamline"],"picked":"Self Repair","floor":1},{"not_picked":["Stack","Leap"],"picked":"Cold Snap","floor":3},{"not_picked":["Rebound","Leap","Stack"],"picked":"SKIP","floor":6},{"not_picked":["Meteor Strike","Barrage"],"picked":"Rip and Tear","floor":7},{"not_picked":["Leap","All For One"],"picked":"Sweeping Beam","floor":8},{"not_picked":["Darkness","Recycle","Rip and Tear+1"],"picked":"SKIP","floor":11},{"not_picked":["Fission","Buffer"],"picked":"Seek","floor":16},{"not_picked":["Stack+1","Heatsinks"],"picked":"FTL+1","floor":18},{"not_picked":["Stack","Genetic Algorithm+1"],"picked":"Rip and Tear+1","floor":19},{"not_picked":["Stack","Leap"],"picked":"Doom and Gloom+1","floor":21}],"player_experience":303732,"relics_obtained":[{"floor":6,"key":"Girya"},{"floor":8,"key":"Smiling Mask"},{"floor":9,"key":"Molten Egg 2"}],"event_choices":[{"cards_removed":["Defend_B"],"damage_healed":0,"gold_gain":0,"player_choice":"Card Removal","damage_taken":0,"max_hp_gain":0,"max_hp_loss":0,"event_name":"The Cleric","floor":2,"gold_loss":50},{"damage_healed":0,"gold_gain":0,"player_choice":"1 cards matched","damage_taken":0,"max_hp_gain":0,"max_hp_loss":0,"event_name":"Match and Keep!","floor":5,"gold_loss":0,"cards_obtained":["Auto Shields"]},{"damage_healed":0,"gold_gain":0,"player_choice":"Shed Blood","damage_taken":19,"max_hp_gain":5,"max_hp_loss":0,"event_name":"Forgotten Altar","floor":22,"gold_loss":0}],"is_beta":false,"boss_relics":[{"not_picked":["Eternal Feather","Calling Bell"],"picked":"Ectoplasm"}],"items_purged_floors":[12,14,20],"is_endless":false,"potions_floor_spawned":[6,21],"killed_by":"Slavers","ascension_level":11}