{"gold_per_floor":[110,123,72,72,1,1,44,64,88,107,141,26,41,41,41,171,171,196,466,96,114,133,164,164,178,178,218,218,20,20],"floor_reached":30,"playtime":1385,"items_purged":["Injury"],"score":278,"play_id":"1b04404b-9d7f-4434-80f3-ea8de73eb093","local_time":"20190120095959","is_ascension_mode":false,"campfire_choices":[{"data":"Noxious Fumes","floor":6,"key":"SMITH"},{"data":"Footwork","floor":15,"key":"SMITH"},{"floor":24,"key":"REST"}],"neow_cost":"NONE","seed_source_timestamp":97534871837876,"circlet_count":0,"master_deck":["Defend_G","Defend_G+1","Defend_G","Defend_G","Defend_G","Strike_G","Strike_G","Strike_G","Strike_G","Strike_G","Survivor","Neutralize","Noxious Fumes+1","Sucker Punch","Caltrops","Sucker Punch+1","Bane+1","Footwork+1","Noxious Fumes","Bane","Corpse Explosion+1","Leg Sweep+1","Noxious Fumes","Leg Sweep","Dash+1","Footwork+1","Escape Plan+1"],"relics":["Ring of the Snake","Golden Idol","Anchor","Pen Nib","Oddly Smooth Stone","Ancient Tea Set","Eternal Feather","War Paint","Whetstone","Shuriken","Bottled Tornado","Darkstone Periapt","Toy Ornithopter"],"potions_floor_usage":[11,22,30],"damage_taken":[{"damage":0,"enemies":"2 Louse","floor":1,"turns":3},{"damage":0,"enemies":"Cultist","floor":2,"turns":5},{"damage":20,"enemies":"3 Sentries","floor":7,"turns":8},{"damage":0,"enemies":"Small Slimes","floor":8,"turns":4},{"damage":0,"enemies":"Blue Slaver","floor":10,"turns":4},{"damage":20,"enemies":"Lagavulin","floor":11,"turns":7},{"damage":3,"enemies":"Lots of Slimes","floor":13,"turns":3},{"damage":11,"enemies":"Hexaghost","floor":16,"turns":8},{"damage":1,"enemies":"Chosen","floor":18,"turns":5},{"damage":0,"enemies":"3 Byrds","floor":21,"turns":3},{"damage":11,"enemies":"Centurion and Healer","floor":22,"turns":4},{"damage":38,"enemies":"Slavers","floor":23,"turns":6},{"damage":1,"enemies":"Cultist and Chosen","floor":25,"turns":6},{"damage":20,"enemies":"Book of Stabbing","floor":27,"turns":7},{"damage":34,"enemies":"3 Cultists","floor":30,"turns":4}],"seed_played":"-6057502450179885737","potions_obtained":[{"floor":1,"key":"Weak Potion"},{"floor":2,"key":"SpeedPotion"},{"floor":8,"key":"SteroidPotion"},{"floor":16,"key":"Regen Potion"},{"floor":27,"key":"SkillPotion"}],"is_trial":false,"path_per_floor":["M","M","$","?","?","R","E","M","T","M","E","$","M","?","R","B",null,"M","?","$","M","M","E","R","M","T","E","?","$","M"],"character_chosen":"THE_SILENT","items_purchased":["Sucker Punch","Noxious Fumes","Noxious Fumes","War Paint","Whetstone","Toy Ornithopter"],"campfire_rested":1,"item_purchase_floors":[3,12,20,20,20,29],"current_hp_per_floor":[77,77,77,77,77,77,57,57,57,57,37,37,34,34,34,23,77,76,48,48,48,46,8,46,45,45,25,25,25,0],"gold":20,"neow_bonus":"TEN_PERCENT_HP_BONUS","is_prod":false,"is_daily":false,"chose_seed":false,"campfire_upgraded":2,"win_rate":0,"timestamp":1547940599,"path_taken":["M","M","$","?","?","R","E","?","T","M","E","$","M","?","R","BOSS","M","?","$","?","M","E","R","M","T","E","?","$","M"],"build_version":"2019-01-17v2","purchased_purges":1,"victory":false,"max_hp_per_floor":[77,77,77,77,77,77,77,77,77,77,77,77,77,77,77,77,77,77,77,77,77,77,77,77,77,77,77,77,77,77],"card_choices":[{"not_picked":["Tactician","Caltrops"],"picked":"Noxious Fumes","floor":1},{"not_picked":["Prepared","Deflect","Calculated Gamble"],"picked":"SKIP","floor":2},{"not_picked":["Acrobatics","Dodge and Roll"],"picked":"Caltrops","floor":7},{"not_picked":["Cloak And Dagger","Blade Dance"],"picked":"Sucker Punch","floor":8},{"not_picked":["Eviscerate","Poisoned Stab"],"picked":"Bane","floor":10},{"not_picked":["Underhanded Strike","Leg Sweep"],"picked":"Footwork","floor":11},{"not_picked":["Choke","Skewer"],"picked":"Bane","floor":13},{"not_picked":["Wraith Form v2","Phantasmal Killer"],"picked":"Corpse Explosion","floor":16},{"not_picked":["Cloak And Dagger","PiercingWail"],"picked":"Leg Sweep+1","floor":18},{"not_picked":["Quick Slash","All Out Attack"],"picked":"Leg Sweep","floor":21},{"not_picked":["Deflect","Blur"],"picked":"Dash+1","floor":22},{"not_picked":["Finisher","Heel Hook"],"picked":"Footwork","floor":23},{"not_picked":["Sucker Punch","Bouncing Flask","Blade Dance"],"picked":"SKIP","floor":25},{"not_picked":["Prepared","Dagger Throw"],"picked":"Escape Plan+1","floor":27}],"player_experience":436224,"relics_obtained":[{"floor":7,"key":"Pen Nib"},{"floor":9,"key":"Oddly Smooth Stone"},{"floor":11,"key":"Ancient Tea Set"},{"floor":23,"key":"Shuriken"},{"floor":26,"key":"Bottled Tornado"},{"floor":27,"key":"Darkstone Periapt"}],"event_choices":[{"damage_healed":0,"gold_gain":0,"player_choice":"Take Wound","damage_taken":0,"relics_obtained":["Golden Idol"],"max_hp_gain":0,"max_hp_loss":0,"event_name":"Golden Idol","floor":4,"gold_loss":0,"cards_obtained":["Injury"]},{"damage_healed":0,"gold_gain":0,"player_choice":"Paid Gold","damage_taken":0,"relics_obtained":["Anchor"],"max_hp_gain":0,"max_hp_loss":0,"event_name":"WeMeetAgain","floor":5,"gold_loss":71},{"damage_healed":0,"gold_gain":0,"player_choice":"Ignored","damage_taken":0,"max_hp_gain":0,"max_hp_loss":0,"event_name":"Liars Game","floor":14,"gold_loss":0},{"damage_healed":0,"gold_gain":270,"player_choice":"GOLD GOLD GOLD ","damage_taken":28,"max_hp_gain":0,"max_hp_loss":0,"event_name":"Knowing Skull","floor":19,"potions_obtained":[],"gold_loss":0,"cards_obtained":[]},{"damage_healed":0,"gold_gain":0,"player_choice":"Forge","damage_taken":0,"max_hp_gain":0,"max_hp_loss":0,"event_name":"Accursed Blacksmith","floor":28,"gold_loss":0,"cards_upgraded":["Footwork"]}],"is_beta":false,"boss_relics":[{"not_picked":["Astrolabe","Philosopher\u0027s Stone"],"picked":"Eternal Feather"}],"items_purged_floors":[12],"is_endless":false,"potions_floor_spawned":[1,2,8,16,27],"killed_by":"3 Cultists","ascension_level":0}