{"gold_per_floor":[116,146,146,162,176,176,126,145,168,168,17,42,4,24,24,122,122,132,32,32,48,48],"floor_reached":22,"playtime":1235,"items_purged":["Strike_G","Defend_G"],"score":212,"play_id":"5ddcfb94-be9f-4787-9d40-f35fdc056352","local_time":"20180922193030","is_ascension_mode":true,"campfire_choices":[{"data":"Infinite Blades","floor":6,"key":"SMITH"},{"data":"Tactician","floor":10,"key":"SMITH"},{"floor":15,"key":"REST"}],"neow_cost":"NONE","seed_source_timestamp":782888992757503,"circlet_count":0,"master_deck":["Defend_G","Defend_G","Defend_G","Defend_G","Strike_G","Strike_G","Strike_G+1","Survivor","Neutralize","Escape Plan+1","Flying Knee","Infinite Blades+1","Tactician+1","Infinite Blades","Tools of the Trade","Terror","Tactician","A Thousand Cuts","Noxious Fumes","Deflect+1"],"relics":["Ring of the Serpent","NeowsBlessing","Tiny Chest","Pen Nib","Thread and Needle"],"potions_floor_usage":[12,12,22],"damage_taken":[{"damage":0,"enemies":"Jaw Worm","floor":1,"turns":1},{"damage":0,"enemies":"2 Louse","floor":4,"turns":1},{"damage":0,"enemies":"Small Slimes","floor":5,"turns":1},{"damage":1,"enemies":"Looter","floor":8,"turns":4},{"damage":21,"enemies":"Lagavulin","floor":12,"turns":7},{"damage":9,"enemies":"Blue Slaver","floor":14,"turns":3},{"damage":13,"enemies":"Slime Boss","floor":16,"turns":10},{"damage":21,"enemies":"Chosen","floor":18,"turns":5},{"damage":15,"enemies":"Spheric Guardian","floor":21,"turns":5},{"damage":39,"enemies":"Snake Plant","floor":22,"turns":4}],"seed_played":"6429024215342826689","potions_obtained":[{"floor":5,"key":"SteroidPotion"},{"floor":8,"key":"LiquidBronze"},{"floor":21,"key":"Poison Potion"}],"is_trial":false,"path_per_floor":["M","?","?","M","M","R","?","M","T","R","$","E","$","M","R","B",null,"M","$","?","M"],"character_chosen":"THE_SILENT","items_purchased":["Infinite Blades","Terror"],"campfire_rested":1,"item_purchase_floors":[11,13],"current_hp_per_floor":[70,63,49,49,49,49,49,48,48,48,48,27,27,18,39,26,70,49,49,49,34,0],"gold":48,"neow_bonus":"THREE_ENEMY_KILL","is_prod":false,"is_daily":false,"chose_seed":false,"campfire_upgraded":2,"win_rate":0,"timestamp":1537610430,"path_taken":["M","?","?","?","?","R","?","M","T","R","?","E","$","M","R","BOSS","M","$","?","M","M"],"build_version":"2018-09-20","purchased_purges":2,"victory":false,"max_hp_per_floor":[70,70,70,70,70,70,70,70,70,70,70,70,70,70,70,70,70,70,70,70,70,70],"card_choices":[{"not_picked":["Acrobatics","Reflex"],"picked":"Escape Plan","floor":1},{"not_picked":["Deflect","Heel Hook"],"picked":"Flying Knee","floor":4},{"not_picked":["Bane","Escape Plan"],"picked":"Infinite Blades","floor":5},{"not_picked":["Blade Dance","PiercingWail"],"picked":"Tactician","floor":8},{"not_picked":["Distraction","Quick Slash"],"picked":"Tools of the Trade","floor":12},{"not_picked":["Endless Agony","Expertise"],"picked":"Tactician","floor":14},{"not_picked":["Adrenaline","Wraith Form v2"],"picked":"A Thousand Cuts","floor":16},{"not_picked":["PiercingWail","Masterful Stab"],"picked":"Noxious Fumes","floor":18},{"not_picked":["Distraction","Setup"],"picked":"Deflect+1","floor":21}],"player_experience":195648,"relics_obtained":[{"floor":9,"key":"Pen Nib"},{"floor":12,"key":"Thread and Needle"}],"event_choices":[{"event_name":"Scrap Ooze","player_choice":"success","floor":2,"damage_taken":7},{"event_name":"Shining Light","player_choice":"Entered Light","floor":3,"damage_taken":0},{"event_name":"The Cleric","player_choice":"Card Removal","floor":7,"damage_taken":0},{"event_name":"WeMeetAgain","player_choice":"Attack","floor":20,"damage_taken":0}],"is_beta":false,"boss_relics":[{"not_picked":["Runic Pyramid","Ectoplasm"],"picked":"Ring of the Serpent"}],"items_purged_floors":[11,19],"is_endless":false,"potions_floor_spawned":[5,8,21],"killed_by":"Snake Plant","ascension_level":3}