{"gold_per_floor":[118,118,129,279,50,50,5,5,5,5,19,19,46,65,65,65],"floor_reached":16,"playtime":250,"items_purged":["Doubt"],"score":191,"play_id":"c19aa080-caef-4fab-8cda-a0b3e24a4161","local_time":"20190107043517","is_ascension_mode":true,"campfire_choices":[{"data":"Caltrops","floor":6,"key":"SMITH"},{"data":"Deadly Poison","floor":8,"key":"SMITH"},{"data":"Deadly Poison","floor":10,"key":"SMITH"},{"data":"Bane","floor":15,"key":"SMITH"}],"neow_cost":"NONE","seed_source_timestamp":1258735733767945,"circlet_count":0,"master_deck":["AscendersBane","Defend_G","Defend_G","Defend_G","Defend_G","Defend_G","Strike_G","Strike_G","Strike_G","Strike_G","Strike_G","Survivor","Neutralize","Infinite Blades","Deadly Poison+1","Deadly Poison+1","Caltrops+1","Poisoned Stab","Accuracy","Infinite Blades","Accuracy","Bane+1"],"relics":["Ring of the Snake","Pen Nib","Darkstone Periapt","Bottled Flame"],"potions_floor_usage":[14],"damage_taken":[{"damage":0,"enemies":"2 Louse","floor":1,"turns":3},{"damage":4,"enemies":"Jaw Worm","floor":3,"turns":5},{"damage":1,"enemies":"Cultist","floor":11,"turns":3},{"damage":36,"enemies":"Gremlin Nob","floor":13,"turns":3},{"damage":22,"enemies":"Exordium Thugs","floor":14,"turns":5},{"damage":38,"enemies":"Slime Boss","floor":16,"turns":3}],"seed_played":"-7620343071159271783","potions_obtained":[{"floor":1,"key":"Energy Potion"},{"floor":13,"key":"EssenceOfSteel"},{"floor":14,"key":"EssenceOfSteel"}],"is_trial":false,"path_per_floor":["M","?","M","?","$","R","$","R","T","R","M","T","E","M","R","B"],"character_chosen":"THE_SILENT","items_purchased":["Deadly Poison","Caltrops","Poisoned Stab","Accuracy"],"campfire_rested":0,"item_purchase_floors":[5,5,5,7],"current_hp_per_floor":[65,70,66,66,66,66,66,66,66,66,65,65,29,7,7,0],"gold":65,"neow_bonus":"TEN_PERCENT_HP_BONUS","is_prod":false,"is_daily":false,"chose_seed":false,"campfire_upgraded":4,"win_rate":0,"timestamp":1546803317,"path_taken":["M","?","M","?","?","R","$","R","T","R","?","?","E","M","R","BOSS"],"build_version":"2019-01-03v4","purchased_purges":1,"victory":false,"max_hp_per_floor":[72,77,77,77,77,77,77,77,77,77,77,77,77,77,77,77],"card_choices":[{"not_picked":["Calculated Gamble","Tactician"],"picked":"Infinite Blades","floor":1},{"not_picked":["PiercingWail","Poisoned Stab"],"picked":"Deadly Poison","floor":3},{"not_picked":["Dagger Spray","Deflect"],"picked":"Infinite Blades","floor":11},{"not_picked":["Bane","All Out Attack"],"picked":"Accuracy","floor":13},{"not_picked":["PiercingWail","Setup"],"picked":"Bane","floor":14}],"player_experience":841048,"relics_obtained":[{"floor":9,"key":"Pen Nib"},{"floor":12,"key":"Darkstone Periapt"},{"floor":13,"key":"Bottled Flame"}],"event_choices":[{"damage_healed":0,"gold_gain":0,"player_choice":"Donut","damage_taken":0,"max_hp_gain":5,"max_hp_loss":0,"event_name":"Big Fish","floor":2,"gold_loss":0},{"damage_healed":0,"gold_gain":150,"player_choice":"AGREE","damage_taken":0,"max_hp_gain":0,"max_hp_loss":0,"event_name":"Liars Game","floor":4,"gold_loss":0,"cards_obtained":["Doubt"]}],"is_beta":false,"boss_relics":[],"items_purged_floors":[5],"is_endless":false,"potions_floor_spawned":[1,13,14],"killed_by":"Slime Boss","ascension_level":19}