{"gold_per_floor":[115,115,40,55,69,102,102,102,174,174,189,189,168,168],"floor_reached":14,"playtime":603,"items_purged":[],"score":88,"play_id":"31fb73d6-5274-40a1-ae85-93672f6c555e","local_time":"20180822203420","is_ascension_mode":false,"campfire_choices":[{"floor":7,"key":"REST"},{"data":"Noxious Fumes","floor":10,"key":"SMITH"}],"neow_cost":"","seed_source_timestamp":176579365887628,"circlet_count":0,"master_deck":["Defend_G","Defend_G","Defend_G","Defend_G+1","Strike_G","Strike_G","Strike_G","Strike_G","Strike_G","Survivor+1","Neutralize","Deadly Poison","Caltrops","Deadly Poison","Noxious Fumes+1","Choke","Regret","Flying Knee"],"relics":["Ring of the Snake","Pen Nib","Bronze Scales","Question Card"],"potions_floor_usage":[],"damage_taken":[{"damage":0,"enemies":"Cultist","floor":1,"turns":4},{"damage":0,"enemies":"2 Louse","floor":4,"turns":3},{"damage":4,"enemies":"Jaw Worm","floor":5,"turns":4},{"damage":51,"enemies":"Gremlin Nob","floor":6,"turns":6},{"damage":6,"enemies":"Exordium Wildlife","floor":11,"turns":3},{"damage":15,"enemies":"Gremlin Gang","floor":14,"turns":3}],"seed_played":"6448272880275665154","potions_obtained":[{"floor":11,"key":"Poison Potion"}],"is_trial":false,"path_per_floor":["M","?","$","M","M","E","R","?","T","R","M","?","?"],"character_chosen":"THE_SILENT","items_purchased":["Caltrops"],"campfire_rested":1,"item_purchase_floors":[3],"current_hp_per_floor":[70,56,56,56,52,1,22,22,22,22,16,9,9,0],"gold":168,"neow_bonus":"","is_prod":false,"is_daily":false,"chose_seed":false,"campfire_upgraded":1,"win_rate":0.0,"timestamp":1534935860,"path_taken":["M","?","?","M","M","E","R","?","T","R","?","?","?","M"],"build_version":"2018-08-16","purchased_purges":0,"victory":false,"max_hp_per_floor":[70,70,70,70,70,70,70,70,70,70,70,70,70,70],"card_choices":[{"not_picked":["Eviscerate","PiercingWail"],"picked":"Deadly Poison","floor":1},{"not_picked":["Dash","Terror"],"picked":"Deadly Poison","floor":4},{"not_picked":["Prepared","Escape Plan"],"picked":"Noxious Fumes","floor":5},{"not_picked":["Eviscerate","Deflect"],"picked":"Choke","floor":6},{"not_picked":["Prepared","Heel Hook","Well Laid Plans"],"picked":"Flying Knee","floor":11}],"player_experience":6040,"relics_obtained":[{"floor":6,"key":"Pen Nib"},{"floor":9,"key":"Question Card"}],"event_choices":[{"event_name":"Shining Light","player_choice":"Entered Light","floor":2,"damage_taken":0},{"event_name":"Big Fish","player_choice":"Box","floor":8,"damage_taken":0},{"event_name":"Golden Wing","player_choice":"Card Removal","floor":12,"damage_taken":0},{"event_name":"World of Goop","player_choice":"Left","floor":13,"damage_taken":0}],"is_beta":false,"boss_relics":[],"items_purged_floors":[],"is_endless":false,"potions_floor_spawned":[11],"killed_by":"Gremlin Gang","ascension_level":0}