{"gold_per_floor":[116,136,136,136,151,151,166,166,166,166,191,211,227,227,227,357,357,370,389,389,162,162,202,202,227,250,250,281,301,301,320,320,320],"floor_reached":33,"playtime":1811,"items_purged":["Impatience"],"score":295,"play_id":"910c91d5-6c0b-44fd-a77c-0f0ad6bae421","local_time":"20180828193331","is_ascension_mode":true,"campfire_choices":[{"data":"Backstab","floor":6,"key":"SMITH"},{"data":"Terror","floor":10,"key":"SMITH"},{"data":"Infinite Blades","floor":15,"key":"SMITH"},{"data":"Slice","floor":24,"key":"SMITH"},{"data":"Slice","floor":27,"key":"SMITH"},{"data":"Blade Dance","floor":30,"key":"SMITH"},{"data":"Endless Agony","floor":32,"key":"SMITH"}],"neow_cost":"NONE","seed_source_timestamp":42206234144908,"circlet_count":0,"master_deck":["Defend_G","Defend_G","Defend_G","Defend_G","Defend_G","Survivor","Neutralize+1","Cloak And Dagger+1","Backstab+1","Terror+1","Neutralize","Infinite Blades+1","Slice+1","Slice+1","Bite+1","Bite","Bite+1","Bite","Bite","Backstab","Blade Dance+1","Endless Agony+1"],"relics":["Ring of the Snake","Regal Pillow","Tough Bandages","Odd Mushroom","Golden Idol","WristBlade","Bronze Scales","Mercury Hourglass","Whetstone","Red Mask"],"potions_floor_usage":[16,16,33],"damage_taken":[{"damage":0,"enemies":"Cultist","floor":1,"turns":6},{"damage":0,"enemies":"Small Slimes","floor":2,"turns":4},{"damage":0,"enemies":"2 Louse","floor":5,"turns":2},{"damage":0,"enemies":"2 Fungi Beasts","floor":7,"turns":3},{"damage":11,"enemies":"The Mushroom Lair","floor":11,"turns":4},{"damage":0,"enemies":"Exordium Wildlife","floor":12,"turns":3},{"damage":1,"enemies":"Looter","floor":13,"turns":2},{"damage":38,"enemies":"The Guardian","floor":16,"turns":10},{"damage":3,"enemies":"Shell Parasite","floor":18,"turns":4},{"damage":0,"enemies":"Chosen","floor":19,"turns":4},{"damage":13,"enemies":"Book of Stabbing","floor":23,"turns":4},{"damage":0,"enemies":"Shelled Parasite and Fungi","floor":25,"turns":3},{"damage":5,"enemies":"Masked Bandits","floor":28,"turns":3},{"damage":3,"enemies":"Cultist and Chosen","floor":29,"turns":4},{"damage":0,"enemies":"Chosen and Byrds","floor":31,"turns":3},{"damage":56,"enemies":"Automaton","floor":33,"turns":6}],"seed_played":"-2970898549000642340","potions_obtained":[{"floor":2,"key":"PowerPotion"},{"floor":5,"key":"SpeedPotion"},{"floor":7,"key":"SpeedPotion"},{"floor":12,"key":"GhostInAJar"},{"floor":19,"key":"Swift Potion"}],"is_trial":false,"path_per_floor":["M","M","?","?","M","R","M","?","T","R","?","M","M","?","R","B",null,"M","M","?","$","?","E","R","M","T","R","?","M","R","M","R"],"character_chosen":"THE_SILENT","items_purchased":["Bronze Scales"],"campfire_rested":0,"item_purchase_floors":[21],"current_hp_per_floor":[70,70,70,70,70,70,70,70,70,70,59,59,58,58,58,20,65,62,62,62,62,45,36,36,40,40,40,40,45,45,45,45,0],"gold":320,"neow_bonus":"RANDOM_COMMON_RELIC","is_prod":false,"is_daily":false,"chose_seed":false,"campfire_upgraded":7,"win_rate":0,"timestamp":1535450611,"path_taken":["M","M","?","?","M","R","M","?","T","R","?","?","?","?","R","BOSS","M","M","?","$","?","E","R","M","T","R","?","M","R","M","R","BOSS"],"build_version":"2018-08-23v2","purchased_purges":1,"victory":false,"max_hp_per_floor":[70,70,70,70,70,70,70,70,70,70,70,70,70,65,65,65,65,65,65,65,65,45,45,45,45,45,45,45,45,45,45,45,45],"card_choices":[{"not_picked":["Acrobatics","Poisoned Stab"],"picked":"Cloak And Dagger","floor":1},{"not_picked":["Escape Plan","Eviscerate"],"picked":"Backstab","floor":2},{"not_picked":["Prepared","Sucker Punch","Dagger Spray"],"picked":"SKIP","floor":5},{"not_picked":["Poisoned Stab","Flying Knee"],"picked":"Terror","floor":7},{"not_picked":["Bane","After Image"],"picked":"Infinite Blades","floor":11},{"not_picked":["Tactician","Dash","Sucker Punch"],"picked":"SKIP","floor":12},{"not_picked":["Deadly Poison","Dash","Escape Plan"],"picked":"SKIP","floor":13},{"not_picked":["Underhanded Strike","Acrobatics"],"picked":"Slice","floor":18},{"not_picked":["After Image","Underhanded Strike"],"picked":"Slice","floor":19},{"not_picked":["Prepared","Quick Slash","Dodge and Roll"],"picked":"SKIP","floor":23},{"not_picked":["Outmaneuver","Prepared","Underhanded Strike"],"picked":"SKIP","floor":25},{"not_picked":["Predator","Noxious Fumes"],"picked":"Backstab","floor":28},{"not_picked":["Prepared","PiercingWail"],"picked":"Blade Dance","floor":29},{"not_picked":["Outmaneuver","Prepared"],"picked":"Endless Agony","floor":31}],"player_experience":67156,"relics_obtained":[{"floor":9,"key":"Tough Bandages"},{"floor":11,"key":"Odd Mushroom"},{"floor":23,"key":"Mercury Hourglass"},{"floor":26,"key":"Whetstone"},{"floor":28,"key":"Red Mask"}],"event_choices":[{"event_name":"Wheel of Change","player_choice":"Full Heal","floor":3,"damage_taken":0},{"event_name":"Living Wall","player_choice":"Grow","floor":4,"damage_taken":0},{"event_name":"Match and Keep!","player_choice":"2 cards matched","floor":8,"damage_taken":0},{"event_name":"Mushrooms","player_choice":"Fought Mushrooms","floor":11,"damage_taken":0},{"event_name":"Golden Idol","player_choice":"Lose Max HP","floor":14,"damage_taken":0},{"event_name":"Upgrade Shrine","player_choice":"Upgraded","floor":20,"damage_taken":0},{"event_name":"Vampires","player_choice":"Became a vampire","floor":22,"damage_taken":0},{"event_name":"Masked Bandits","player_choice":"Fought Bandits","floor":28,"damage_taken":0}],"is_beta":false,"boss_relics":[{"not_picked":["Sozu","Snecko Eye"],"picked":"WristBlade"}],"items_purged_floors":[21],"is_endless":false,"potions_floor_spawned":[2,5,7,12,19],"killed_by":"Automaton","ascension_level":1}