{"gold_per_floor":[13,26,42,55,71,71,88,88,115,115,215,215,242,242,242,344,344,357,35,35,35,48,48,48],"floor_reached":24,"playtime":1050,"items_purged":[],"score":225,"play_id":"a72b139a-b517-4701-b3cd-08f6368c5b08","local_time":"20180927195800","is_ascension_mode":true,"campfire_choices":[{"data":"Armaments","floor":6,"key":"SMITH"},{"data":"Feed","floor":8,"key":"SMITH"},{"data":"Perfected Strike","floor":10,"key":"SMITH"},{"data":"Blood for Blood","floor":15,"key":"SMITH"},{"floor":23,"key":"REST"}],"neow_cost":"NO_GOLD","seed_source_timestamp":1216778133953556,"circlet_count":0,"master_deck":["Strike_R+1","Strike_R+1","Strike_R+1","Strike_R+1","Strike_R+1","Defend_R+1","Defend_R+1","Defend_R+1","Defend_R+1","Bash+1","Bloodletting","Armaments+1","Dropkick","Perfected Strike+1","Clash","Feed+1","Blood for Blood+1","Uppercut","Demon Form","Rupture","Hemokinesis","Cleave"],"relics":["Burning Blood","Ice Cream","War Paint","Juzu Bracelet","Mark of Pain","Mummified Hand","Enchiridion"],"potions_floor_usage":[5,7,13],"damage_taken":[{"damage":1,"enemies":"Cultist","floor":1,"turns":3},{"damage":1,"enemies":"Small Slimes","floor":2,"turns":3},{"damage":7,"enemies":"2 Louse","floor":3,"turns":3},{"damage":11,"enemies":"2 Fungi Beasts","floor":4,"turns":4},{"damage":7,"enemies":"Lots of Slimes","floor":5,"turns":2},{"damage":15,"enemies":"Gremlin Gang","floor":7,"turns":5},{"damage":20,"enemies":"Lagavulin","floor":13,"turns":6},{"damage":32,"enemies":"The Guardian","floor":16,"turns":8},{"damage":25,"enemies":"Spheric Guardian","floor":18,"turns":4},{"damage":25,"enemies":"Shell Parasite","floor":22,"turns":4},{"damage":56,"enemies":"Gremlin Leader","floor":24,"turns":5}],"seed_played":"1899817333308126110","potions_obtained":[{"floor":1,"key":"GamblersBrew"},{"floor":2,"key":"Fire Potion"},{"floor":4,"key":"Explosive Potion"},{"floor":22,"key":"Fire Potion"}],"is_trial":false,"path_per_floor":["M","M","M","M","M","R","M","R","T","R","?","?","E","?","R","B",null,"M","$","?","?","M","R"],"character_chosen":"IRONCLAD","items_purchased":["Mummified Hand","Hemokinesis"],"campfire_rested":1,"item_purchase_floors":[19,19],"current_hp_per_floor":[80,80,79,74,73,73,64,64,64,64,64,64,50,50,50,24,80,61,61,45,45,30,55,0],"gold":48,"neow_bonus":"ONE_RARE_RELIC","is_prod":false,"is_daily":false,"chose_seed":false,"campfire_upgraded":4,"win_rate":0,"timestamp":1538044080,"path_taken":["M","M","M","M","M","R","M","R","T","R","?","?","E","?","R","BOSS","M","$","?","?","M","R","E"],"build_version":"2018-09-20","purchased_purges":0,"victory":false,"max_hp_per_floor":[80,80,80,80,80,80,80,80,80,80,80,80,80,80,80,80,80,80,80,80,80,84,84,84],"card_choices":[{"not_picked":["Burning Pact","Battle Trance"],"picked":"Bloodletting","floor":1},{"not_picked":["Shockwave","Sentinel"],"picked":"Armaments","floor":2},{"not_picked":["Warcry","Second Wind"],"picked":"Dropkick","floor":3},{"not_picked":["True Grit","Havoc"],"picked":"Perfected Strike","floor":4},{"not_picked":["Heavy Blade","Headbutt"],"picked":"Clash","floor":5},{"not_picked":["Clash","Pommel Strike"],"picked":"Feed","floor":7},{"not_picked":["Juggernaut","Ghostly Armor"],"picked":"Blood for Blood","floor":13},{"not_picked":["Dark Embrace","Barricade"],"picked":"Demon Form","floor":16},{"not_picked":["Whirlwind","Armaments"],"picked":"Rupture","floor":18},{"not_picked":["Dropkick+1","Thunderclap+1"],"picked":"Cleave","floor":22}],"player_experience":224312,"relics_obtained":[{"floor":9,"key":"War Paint"},{"floor":13,"key":"Juzu Bracelet"},{"floor":20,"key":"Enchiridion"}],"event_choices":[{"event_name":"Golden Shrine","player_choice":"Pray","floor":11,"damage_taken":0},{"event_name":"Living Wall","player_choice":"Grow","floor":12,"damage_taken":0},{"event_name":"Match and Keep!","player_choice":"1 cards matched","floor":14,"damage_taken":0},{"event_name":"Cursed Tome","player_choice":"Obtained Book","floor":20,"damage_taken":0},{"event_name":"Back to Basics","player_choice":"Simplicity","floor":21,"damage_taken":0}],"is_beta":false,"boss_relics":[{"not_picked":["Runic Dome","Busted Crown"],"picked":"Mark of Pain"}],"items_purged_floors":[],"is_endless":false,"potions_floor_spawned":[1,2,4,22],"killed_by":"Gremlin Leader","ascension_level":3}