{"gold_per_floor":[111,128,128,128,53,53,73,73,73,94,118,50,10,28,28,156,156,175,300,19,19,33,33,58,58,58,72,87,108,108,142,142,142],"floor_reached":33,"playtime":1857,"items_purged":["Injury"],"score":323,"play_id":"3693f3e4-4433-47c9-9547-d78dbed2408f","local_time":"20180920200746","is_ascension_mode":true,"campfire_choices":[{"data":"Shockwave","floor":6,"key":"SMITH"},{"data":"Flex","floor":8,"key":"SMITH"},{"data":"Carnage","floor":15,"key":"SMITH"},{"data":"Inflame","floor":23,"key":"SMITH"},{"floor":25,"key":"REST"},{"floor":30,"key":"REST"},{"data":"Metallicize","floor":32,"key":"SMITH"}],"neow_cost":"NONE","seed_source_timestamp":611669835006178,"circlet_count":0,"master_deck":["Strike_R","Strike_R","Strike_R","Strike_R","Strike_R","Defend_R","Defend_R","Defend_R","Defend_R","Bash","Shockwave+1","Flex+1","Burning Pact","Carnage+1","Impervious","Rampage","Dark Embrace","Havoc","Inflame+1","RitualDagger","Metallicize+1","Armaments+1","Regret","Whirlwind","Carnage"],"relics":["Burning Blood","Happy Flower","Dream Catcher","Golden Idol","Mercury Hourglass","Cursed Key","Mango","Ornamental Fan","Darkstone Periapt","Blood Vial","Orichalcum"],"potions_floor_usage":[16,18,22,28,31],"damage_taken":[{"damage":11,"enemies":"Jaw Worm","floor":1,"turns":4},{"damage":0,"enemies":"Cultist","floor":2,"turns":3},{"damage":4,"enemies":"2 Louse","floor":7,"turns":3},{"damage":0,"enemies":"Exordium Wildlife","floor":10,"turns":2},{"damage":1,"enemies":"Exordium Thugs","floor":11,"turns":3},{"damage":16,"enemies":"Blue Slaver","floor":14,"turns":3},{"damage":16,"enemies":"Slime Boss","floor":16,"turns":8},{"damage":16,"enemies":"3 Byrds","floor":18,"turns":3},{"damage":20,"enemies":"Colosseum Slavers","floor":19,"turns":4},{"damage":27,"enemies":"Colosseum Nobs","floor":19,"turns":5},{"damage":22,"enemies":"Shell Parasite","floor":22,"turns":4},{"damage":19,"enemies":"Snake Plant","floor":24,"turns":3},{"damage":27,"enemies":"Cultist and Chosen","floor":27,"turns":6},{"damage":31,"enemies":"3 Cultists","floor":28,"turns":5},{"damage":15,"enemies":"Centurion and Healer","floor":29,"turns":5},{"damage":28,"enemies":"Gremlin Leader","floor":31,"turns":7},{"damage":49,"enemies":"Champ","floor":33,"turns":9}],"seed_played":"-3892581496641707548","potions_obtained":[{"floor":1,"key":"FearPotion"},{"floor":13,"key":"SkillPotion"},{"floor":13,"key":"BloodPotion"},{"floor":13,"key":"FairyPotion"},{"floor":16,"key":"Explosive Potion"},{"floor":18,"key":"GamblersBrew"},{"floor":22,"key":"FairyPotion"},{"floor":29,"key":"Explosive Potion"}],"is_trial":false,"path_per_floor":["M","M","?","?","$","R","M","R","T","M","M","$","?","M","R","B",null,"M","?","$","?","M","R","M","R","T","M","M","M","R","E","R"],"character_chosen":"IRONCLAD","items_purchased":["Rampage","Darkstone Periapt","Inflame"],"campfire_rested":2,"item_purchase_floors":[12,20,20],"current_hp_per_floor":[75,80,80,80,80,80,80,80,80,80,80,80,80,70,70,60,80,70,49,49,43,27,27,14,42,48,29,16,9,39,19,19,0],"gold":142,"neow_bonus":"RANDOM_COMMON_RELIC","is_prod":false,"is_daily":false,"chose_seed":false,"campfire_upgraded":5,"win_rate":0,"timestamp":1537439866,"path_taken":["M","M","?","?","?","R","M","R","T","M","?","$","?","M","R","BOSS","M","?","$","?","M","R","M","R","T","M","M","M","R","E","R","BOSS"],"build_version":"2018-09-06","purchased_purges":1,"victory":false,"max_hp_per_floor":[80,80,80,80,80,80,80,80,80,80,80,80,80,80,80,80,80,80,94,94,94,94,94,94,94,100,100,100,100,100,100,100,100],"card_choices":[{"not_picked":["Armaments","Heavy Blade"],"picked":"Shockwave","floor":1},{"not_picked":["Sever Soul","Heavy Blade"],"picked":"Flex","floor":2},{"not_picked":["Second Wind","Body Slam"],"picked":"Burning Pact","floor":7},{"not_picked":["Clothesline","Twin Strike"],"picked":"Carnage","floor":10},{"not_picked":["Armaments","Shockwave"],"picked":"Impervious","floor":11},{"not_picked":["Havoc","Entrench","Thunderclap"],"picked":"SKIP","floor":14},{"not_picked":["Offering","Brutality"],"picked":"Dark Embrace","floor":16},{"not_picked":["Wild Strike","Shrug It Off"],"picked":"Havoc","floor":18},{"not_picked":["Pommel Strike","Bloodletting+1","Thunderclap+1"],"picked":"SKIP","floor":22},{"not_picked":["Twin Strike","Thunderclap"],"picked":"Metallicize","floor":24},{"not_picked":["Rupture","Brutality"],"picked":"Armaments+1","floor":25},{"not_picked":["Clothesline+1","Thunderclap","Armaments"],"picked":"SKIP","floor":27},{"not_picked":["Anger","Body Slam","Clothesline"],"picked":"SKIP","floor":28},{"not_picked":["Havoc","Sentinel"],"picked":"Whirlwind","floor":29},{"not_picked":["Heavy Blade","Wild Strike+1"],"picked":"Carnage","floor":31}],"player_experience":191314,"relics_obtained":[{"floor":9,"key":"Mercury Hourglass"},{"floor":19,"key":"Mango"},{"floor":19,"key":"Ornamental Fan"},{"floor":26,"key":"Blood Vial"},{"floor":31,"key":"Orichalcum"}],"event_choices":[{"event_name":"WeMeetAgain","player_choice":"Potion","floor":3,"damage_taken":0},{"event_name":"Golden Idol","player_choice":"Take Wound","floor":4,"damage_taken":0},{"event_name":"The Woman in Blue","player_choice":"Bought 3 Potions","floor":13,"damage_taken":0},{"event_name":"Colosseum","player_choice":"Fight","floor":19,"damage_taken":0},{"event_name":"Colosseum","player_choice":"Fought Nobs","floor":19,"damage_taken":0},{"event_name":"Nest","player_choice":"Joined the Cult","floor":21,"damage_taken":0}],"is_beta":false,"boss_relics":[{"not_picked":["Runic Dome","Tiny House"],"picked":"Cursed Key"}],"items_purged_floors":[5],"is_endless":false,"potions_floor_spawned":[1,14,16,18,22,24,27,29],"killed_by":"Champ","ascension_level":3}