{"gold_per_floor":[112,112,62,22,34,69,15,28,104,118,118,133,154,154,154,284,284,303,303,25,25,25,25,40,55,108,108,108,124,139,158,158,255,255,271,16,16,65,11,11,0,0,0,0,0,0,0,15,15,15],"floor_reached":51,"playtime":2352,"items_purged":["Strike_B","Injury"],"score":811,"play_id":"2672a920-e955-4ae1-9cc5-42694074467a","local_time":"20180926202751","is_ascension_mode":true,"campfire_choices":[{"data":"Zap","floor":15,"key":"SMITH"},{"data":"Streamline","floor":23,"key":"SMITH"},{"data":"Hologram","floor":27,"key":"SMITH"},{"data":"Dualcast","floor":32,"key":"SMITH"},{"data":"Echo Form","floor":40,"key":"SMITH"},{"data":"Glacier","floor":42,"key":"SMITH"},{"data":"Gash","floor":49,"key":"SMITH"}],"neow_cost":"NONE","seed_source_timestamp":1130841006063933,"circlet_count":0,"master_deck":["Strike_B+1","Strike_B+1","Defend_B+1","Defend_B+1","Defend_B+1","Zap+1","Dualcast+1","Cold Snap","Chaos","Core Surge","Hologram+1","Leap","Gash+1","Steam+1","Gash","Core Surge+1","Sweeping Beam+1","Streamline+1","RitualDagger","Barrage","Chaos+1","Echo Form+1","Streamline","Madness","Madness","Glacier+1","Gash","Dramatic Entrance","Gash+1","Hologram+1"],"relics":["Cracked Core","NeowsBlessing","DataDisk","Pear","Bloody Idol","Runic Pyramid","Juzu Bracelet","Whetstone","Thread and Needle","Lizard Tail","Bag of Preparation","WingedGreaves","Red Mask","Happy Flower","Gambling Chip"],"potions_floor_usage":[34],"damage_taken":[{"damage":0,"enemies":"Jaw Worm","floor":1,"turns":1},{"damage":0,"enemies":"Small Slimes","floor":5,"turns":1},{"damage":0,"enemies":"Gremlin Nob","floor":6,"turns":1},{"damage":8,"enemies":"2 Louse","floor":8,"turns":3},{"damage":6,"enemies":"Looter","floor":10,"turns":3},{"damage":16,"enemies":"Exordium Thugs","floor":12,"turns":4},{"damage":0,"enemies":"Large Slime","floor":13,"turns":5},{"damage":41,"enemies":"Hexaghost","floor":16,"turns":12},{"damage":14,"enemies":"2 Thieves","floor":18,"turns":4},{"damage":23,"enemies":"3 Byrds","floor":24,"turns":5},{"damage":21,"enemies":"Cultist and Chosen","floor":25,"turns":5},{"damage":11,"enemies":"Centurion and Healer","floor":29,"turns":6},{"damage":7,"enemies":"Sentry and Sphere","floor":30,"turns":3},{"damage":14,"enemies":"Snecko","floor":31,"turns":4},{"damage":20,"enemies":"Automaton","floor":33,"turns":10},{"damage":25,"enemies":"3 Shapes","floor":35,"turns":3},{"damage":46,"enemies":"Mysterious Sphere","floor":38,"turns":5},{"damage":0,"enemies":"Mind Bloom Boss Battle","floor":46,"turns":7},{"damage":0,"enemies":"Orb Walker","floor":48,"turns":3},{"damage":14,"enemies":"Time Eater","floor":50,"turns":11}],"seed_played":"-228236966915690251","potions_obtained":[{"floor":4,"key":"Strength Potion"},{"floor":4,"key":"Swift Potion"},{"floor":4,"key":"SteroidPotion"},{"floor":6,"key":"FairyPotion"},{"floor":33,"key":"Fruit Juice"},{"floor":35,"key":"GamblersBrew"},{"floor":46,"key":"Energy Potion"}],"is_trial":false,"path_per_floor":["M","?","?","?","M","E","$","M","T","M","?","M","M","?","R","B",null,"M","?","$","?","?","R","M","M","T","R","?","M","M","M","R","B",null,"M","$","?","?","$","R","?","R","T","?","?","?","?","M","R","B"],"character_chosen":"DEFECT","items_purchased":["Hologram","Streamline","Juzu Bracelet","Bag of Preparation","Gash"],"campfire_rested":0,"item_purchase_floors":[7,20,20,36,39],"current_hp_per_floor":[75,80,80,80,80,80,80,72,82,76,76,60,60,42,42,1,90,76,76,76,70,70,70,52,36,41,41,41,35,33,24,24,9,95,75,75,63,22,22,22,22,22,22,22,22,22,83,83,83,69],"gold":15,"neow_bonus":"THREE_ENEMY_KILL","is_prod":false,"is_daily":false,"chose_seed":false,"campfire_upgraded":7,"win_rate":0,"timestamp":1537959471,"path_taken":["M","?","?","?","M","E","?","?","T","M","?","M","M","?","R","BOSS","M","?","$","?","?","R","M","M","T","R","?","M","M","M","R","BOSS","M","$","?","?","$","R","?","R","T","?","?","?","?","M","R","BOSS"],"build_version":"2018-09-20","purchased_purges":2,"victory":true,"max_hp_per_floor":[75,80,80,80,80,80,80,80,90,90,90,90,90,90,90,90,90,90,90,90,90,90,90,90,90,90,90,90,90,90,90,90,90,95,95,95,95,95,95,95,95,95,95,95,95,95,83,83,83,83],"card_choices":[{"not_picked":["Turbo","Steam"],"picked":"Cold Snap","floor":1},{"not_picked":["Scrape","Rip and Tear"],"picked":"Chaos","floor":5},{"not_picked":["Barrage","Beam Cell"],"picked":"Core Surge","floor":6},{"not_picked":["Fusion","Reprogram"],"picked":"Leap","floor":8},{"not_picked":["Turbo","Coolheaded"],"picked":"Gash","floor":10},{"not_picked":["Redo","Beam Cell"],"picked":"Steam","floor":12},{"not_picked":["Conserve Battery","Rebound"],"picked":"Gash","floor":13},{"not_picked":["Biased Cognition","Creative AI"],"picked":"Core Surge","floor":16},{"not_picked":["Redo","Rebound"],"picked":"Sweeping Beam","floor":18},{"not_picked":["Sweeping Beam+1","Compile Driver"],"picked":"Barrage","floor":24},{"not_picked":["Compile Driver","Rip and Tear+1","Sunder"],"picked":"SKIP","floor":25},{"not_picked":["Redo","Reboot","Turbo+1"],"picked":"SKIP","floor":29},{"not_picked":["Barrage","Turbo"],"picked":"Chaos+1","floor":30},{"not_picked":["Force Field","Hello World","Rebound"],"picked":"SKIP","floor":31},{"not_picked":["Fission","Multi-Cast"],"picked":"Echo Form","floor":33},{"not_picked":["Steam+1","Barrage+1"],"picked":"Streamline","floor":35},{"not_picked":["Steam","Beam Cell+1"],"picked":"Glacier","floor":38},{"not_picked":["Metamorphosis","PanicButton"],"picked":"Dramatic Entrance","floor":45},{"not_picked":["Tempest","Sweeping Beam+1"],"picked":"Gash+1","floor":46},{"not_picked":["Go for the Eyes+1","Redo+1"],"picked":"Hologram+1","floor":48}],"player_experience":216361,"relics_obtained":[{"floor":6,"key":"DataDisk"},{"floor":9,"key":"Pear"},{"floor":26,"key":"Whetstone"},{"floor":38,"key":"WingedGreaves"},{"floor":43,"key":"Happy Flower"},{"floor":46,"key":"Gambling Chip"}],"event_choices":[{"event_name":"Big Fish","player_choice":"Donut","floor":2,"damage_taken":0},{"event_name":"The Cleric","player_choice":"Card Removal","floor":3,"damage_taken":0},{"event_name":"The Woman in Blue","player_choice":"Bought 3 Potions","floor":4,"damage_taken":0},{"event_name":"Golden Idol","player_choice":"Take Wound","floor":11,"damage_taken":0},{"event_name":"Shining Light","player_choice":"Entered Light","floor":14,"damage_taken":0},{"event_name":"Forgotten Altar","player_choice":"Gave Idol","floor":19,"damage_taken":0},{"event_name":"Nest","player_choice":"Joined the Cult","floor":21,"damage_taken":0},{"event_name":"Back to Basics","player_choice":"Simplicity","floor":22,"damage_taken":0},{"event_name":"The Mausoleum","player_choice":"Yes","floor":28,"damage_taken":0},{"event_name":"Winding Halls","player_choice":"Embrace Madness","floor":37,"damage_taken":0},{"event_name":"Mysterious Sphere","player_choice":"Fight","floor":38,"damage_taken":0},{"event_name":"Tomb of Lord Red Mask","player_choice":"Paid","floor":41,"damage_taken":0},{"event_name":"Falling","player_choice":"Removed Attack","floor":44,"damage_taken":0},{"event_name":"SensoryStone","player_choice":"Memory 1","floor":45,"damage_taken":0},{"event_name":"MindBloom","player_choice":"Fight","floor":46,"damage_taken":0},{"event_name":"The Moai Head","player_choice":"Heal","floor":47,"damage_taken":0}],"is_beta":false,"boss_relics":[{"not_picked":["Black Star","Tiny House"],"picked":"Runic Pyramid"},{"not_picked":["Coffee Dripper","Velvet Choker"],"picked":"Lizard Tail"}],"items_purged_floors":[20,36],"is_endless":false,"potions_floor_spawned":[6,10,12,16,18,25,31,33,35,46],"ascension_level":3}