{"gold_per_floor":[118,43,54,54,129,129,163,163,215,215,228,245,245,262,262,335,385,363,363,36,46,46,46,46,46],"floor_reached":25,"playtime":547,"items_purged":["Strike_G"],"score":368,"play_id":"310aaf40-9d3a-4d12-910d-c5cc968305d8","local_time":"20181008043428","is_ascension_mode":true,"campfire_choices":[{"data":"Cloak And Dagger","floor":6,"key":"SMITH"},{"floor":8,"key":"REST"},{"data":"All Out Attack","floor":10,"key":"SMITH"},{"data":"Neutralize","floor":13,"key":"SMITH"},{"floor":15,"key":"REST"},{"data":"Footwork","floor":23,"key":"SMITH"}],"neow_cost":"NONE","seed_source_timestamp":1066136817757356,"circlet_count":0,"master_deck":["Defend_G","Defend_G","Defend_G","Defend_G","Defend_G","Strike_G","Strike_G+1","Strike_G+1","Survivor","Neutralize+1","AscendersBane","All Out Attack+1","Cloak And Dagger+1","PiercingWail","Blade Dance","Blade Dance","Malaise+1","Cloak And Dagger","Backstab","Footwork+1","Terror+1"],"relics":["Sozu","Whetstone","PreservedInsect","Tiny House","Blue Candle","Vajra"],"potions_floor_usage":[],"damage_taken":[{"damage":0,"enemies":"2 Louse","floor":1,"turns":3},{"damage":2,"enemies":"Jaw Worm","floor":3,"turns":4},{"damage":41,"enemies":"Lagavulin","floor":7,"turns":11},{"damage":0,"enemies":"Cultist","floor":11,"turns":4},{"damage":4,"enemies":"Exordium Wildlife","floor":12,"turns":3},{"damage":8,"enemies":"Blue Slaver","floor":14,"turns":4},{"damage":27,"enemies":"The Guardian","floor":16,"turns":18},{"damage":24,"enemies":"2 Thieves","floor":18,"turns":4},{"damage":9,"enemies":"Spheric Guardian","floor":21,"turns":5},{"damage":27,"enemies":"Slavers","floor":25,"turns":2}],"seed_played":"-6847194335546002370","potions_obtained":[],"is_trial":false,"path_per_floor":["M","?","M","?","?","R","E","R","T","R","M","M","R","M","R","B",null,"M","T","$","M","?","R","$"],"character_chosen":"THE_SILENT","items_purchased":["Vajra","Footwork"],"campfire_rested":2,"item_purchase_floors":[20,20],"current_hp_per_floor":[59,59,57,57,46,46,5,24,24,24,24,20,20,12,31,4,56,32,32,32,23,23,23,23,0],"gold":46,"neow_bonus":"BOSS_RELIC","is_prod":false,"is_daily":false,"chose_seed":false,"campfire_upgraded":4,"win_rate":0,"timestamp":1538940868,"path_taken":["M","?","M","?","?","R","E","R","T","R","?","M","R","?","R","BOSS","M","?","$","M","?","R","?","E"],"build_version":"2018-10-04v2","purchased_purges":1,"victory":false,"max_hp_per_floor":[66,66,66,66,66,66,66,66,66,66,66,66,66,66,66,66,71,71,71,71,71,71,71,71,71],"card_choices":[{"not_picked":["Poisoned Stab","Slice"],"picked":"All Out Attack","floor":1},{"not_picked":["Dagger Spray","Underhanded Strike"],"picked":"Cloak And Dagger","floor":3},{"not_picked":["Dagger Spray","Dodge and Roll"],"picked":"PiercingWail","floor":7},{"not_picked":["Finisher","Phantasmal Killer"],"picked":"Blade Dance","floor":11},{"not_picked":["Sucker Punch","Slice","Dagger Spray"],"picked":"SKIP","floor":12},{"not_picked":["Underhanded Strike","Acrobatics"],"picked":"Blade Dance","floor":14},{"not_picked":["Tools of the Trade","Die Die Die"],"picked":"Malaise","floor":16},{"not_picked":["Infinite Blades","Blade Dance"],"picked":"Cloak And Dagger","floor":17},{"not_picked":["Sucker Punch","Poisoned Stab"],"picked":"Backstab","floor":18},{"not_picked":["Dodge and Roll","Flying Knee"],"picked":"Terror","floor":21}],"player_experience":750034,"relics_obtained":[{"floor":7,"key":"Whetstone"},{"floor":9,"key":"PreservedInsect"},{"floor":19,"key":"Blue Candle"}],"event_choices":[{"event_name":"The Cleric","player_choice":"Card Removal","floor":2,"damage_taken":0},{"event_name":"Golden Idol","player_choice":"Ignored","floor":4,"damage_taken":0},{"event_name":"World of Goop","player_choice":"Gather Gold","floor":5,"damage_taken":0},{"event_name":"Upgrade Shrine","player_choice":"Upgraded","floor":22,"damage_taken":0}],"is_beta":false,"boss_relics":[{"not_picked":["Coffee Dripper","Velvet Choker"],"picked":"Tiny House"}],"items_purged_floors":[20],"is_endless":false,"potions_floor_spawned":[3,12,16,21],"killed_by":"Slavers","ascension_level":17}