{"gold_per_floor":[211,61,61,73,148,148,174,174,174,174,174,202,217,237,237,341,341,311,324,108,120,120,120,42,42,42,42,62,75,110,122,122,122],"floor_reached":33,"playtime":2496,"items_purged":["Strike_G"],"score":465,"play_id":"b265fbd0-2e10-45b0-a84f-0fcb58e6a15a","local_time":"20190215032954","is_ascension_mode":true,"campfire_choices":[{"floor":6,"key":"REST"},{"floor":8,"key":"REST"},{"data":"Deadly Poison","floor":10,"key":"SMITH"},{"data":"Glass Knife","floor":15,"key":"SMITH"},{"floor":23,"key":"REST"},{"floor":25,"key":"REST"},{"data":"Malaise","floor":27,"key":"SMITH"},{"floor":32,"key":"REST"}],"neow_cost":"NONE","seed_source_timestamp":169539346534866,"circlet_count":0,"master_deck":["AscendersBane","Defend_G","Defend_G","Defend_G","Defend_G","Defend_G","Strike_G","Strike_G","Strike_G","Survivor","Neutralize","Deadly Poison+1","Glass Knife+1","Endless Agony","Terror","Malaise+1","Well Laid Plans","Cloak And Dagger","Infinite Blades","Blade Dance","Catalyst+1","Footwork","Flying Knee","Corpse Explosion","Caltrops"],"relics":["Ring of the Snake","Centennial Puzzle","Mercury Hourglass","Dodecahedron","Snecko Eye","Pantograph","Boot"],"potions_floor_usage":[13,16,18,28],"damage_taken":[{"damage":0,"enemies":"2 Louse","floor":1,"turns":4},{"damage":2,"enemies":"Jaw Worm","floor":4,"turns":5},{"damage":44,"enemies":"Gremlin Nob","floor":7,"turns":5},{"damage":14,"enemies":"Lagavulin","floor":12,"turns":6},{"damage":0,"enemies":"Small Slimes","floor":13,"turns":1},{"damage":0,"enemies":"Exordium Thugs","floor":14,"turns":3},{"damage":19,"enemies":"The Guardian","floor":16,"turns":10},{"damage":9,"enemies":"2 Thieves","floor":18,"turns":2},{"damage":20,"enemies":"Chosen","floor":19,"turns":5},{"damage":14,"enemies":"Centurion and Healer","floor":21,"turns":8},{"damage":1,"enemies":"Shelled Parasite and Fungi","floor":28,"turns":5},{"damage":39,"enemies":"3 Cultists","floor":29,"turns":7},{"damage":21,"enemies":"Gremlin Leader","floor":30,"turns":6},{"damage":5,"enemies":"Snake Plant","floor":31,"turns":3},{"damage":52,"enemies":"Champ","floor":33,"turns":7}],"seed_played":"1140439403406005702","potions_obtained":[{"floor":4,"key":"LiquidBronze"},{"floor":12,"key":"Explosive Potion"},{"floor":13,"key":"SmokeBomb"},{"floor":16,"key":"FairyPotion"},{"floor":19,"key":"SpeedPotion"},{"floor":22,"key":"GhostInAJar"}],"is_trial":false,"path_per_floor":["M","$","?","M","?","R","E","R","T","R","?","E","M","M","R","B",null,"M","M","$","M","?","R","$","R","T","R","M","M","E","M","R","B"],"character_chosen":"THE_SILENT","items_purchased":["Glass Knife","Cloak And Dagger","Infinite Blades","Blade Dance","Footwork"],"campfire_rested":5,"item_purchase_floors":[2,20,20,20,24],"current_hp_per_floor":[63,63,56,54,43,64,20,41,41,41,64,50,50,50,50,31,60,51,31,31,17,17,38,38,59,59,59,58,19,7,2,23,0],"gold":122,"neow_bonus":"HUNDRED_GOLD","is_prod":false,"is_daily":false,"chose_seed":false,"campfire_upgraded":3,"win_rate":0,"timestamp":1550222994,"path_taken":["M","$","?","M","?","R","E","R","T","R","?","E","M","M","R","BOSS","M","M","$","M","?","R","?","R","T","R","M","?","E","M","R","BOSS"],"build_version":"2019-01-23","purchased_purges":1,"victory":false,"max_hp_per_floor":[70,70,70,70,70,70,70,70,70,70,70,70,70,70,70,70,70,70,70,70,70,70,70,70,70,70,70,70,70,70,70,70,70],"card_choices":[{"not_picked":["Deflect","Flying Knee"],"picked":"Deadly Poison","floor":1},{"not_picked":["Flying Knee","Acrobatics"],"picked":"Endless Agony","floor":4},{"not_picked":["Accuracy","Choke","Masterful Stab"],"picked":"SKIP","floor":7},{"not_picked":["Deflect","Wraith Form v2","Masterful Stab"],"picked":"SKIP","floor":12},{"not_picked":["Slice","Caltrops"],"picked":"Terror","floor":13},{"not_picked":["Riddle With Holes","Underhanded Strike","Outmaneuver"],"picked":"SKIP","floor":14},{"not_picked":["Doppelganger","Night Terror"],"picked":"Malaise","floor":16},{"not_picked":["Poisoned Stab","Sucker Punch"],"picked":"Well Laid Plans","floor":19},{"not_picked":["Riddle With Holes","Underhanded Strike"],"picked":"Catalyst+1","floor":21},{"not_picked":["Dagger Throw","Blade Dance+1"],"picked":"Flying Knee","floor":28},{"not_picked":["Skewer+1","Reflex"],"picked":"Corpse Explosion","floor":29},{"not_picked":["Deflect","Distraction"],"picked":"Caltrops","floor":30},{"not_picked":["Well Laid Plans+1","Poisoned Stab","Deadly Poison"],"picked":"SKIP","floor":31}],"player_experience":331250,"relics_obtained":[{"floor":7,"key":"Centennial Puzzle"},{"floor":9,"key":"Mercury Hourglass"},{"floor":12,"key":"Dodecahedron"},{"floor":26,"key":"Pantograph"},{"floor":30,"key":"Boot"}],"event_choices":[{"cards_removed":["Strike_G"],"damage_healed":0,"gold_gain":0,"player_choice":"Card Removal","damage_taken":7,"max_hp_gain":0,"max_hp_loss":0,"event_name":"Golden Wing","floor":3,"gold_loss":0},{"damage_healed":0,"gold_gain":75,"player_choice":"Gather Gold","damage_taken":11,"max_hp_gain":0,"max_hp_loss":0,"event_name":"World of Goop","floor":5,"gold_loss":0},{"damage_healed":23,"gold_gain":0,"player_choice":"Banana","damage_taken":0,"max_hp_gain":0,"max_hp_loss":0,"event_name":"Big Fish","floor":11,"gold_loss":0},{"damage_healed":0,"gold_gain":0,"player_choice":"Got Potions","damage_taken":0,"max_hp_gain":0,"max_hp_loss":0,"event_name":"Lab","floor":22,"gold_loss":0}],"is_beta":false,"boss_relics":[{"not_picked":["Cursed Key","Lizard Tail"],"picked":"Snecko Eye"}],"items_purged_floors":[20],"is_endless":false,"potions_floor_spawned":[4,12,13,16,18,19],"killed_by":"Champ","ascension_level":11}