{"gold_per_floor":[361,108,58,7,18,46,64,64,64,77,111,125,200,200,200,272,272,287,304,229,229,33,33,62,62,62,62,62,62,79,95,95,170,170,183,203,203,203,222,222,122,136,161,178,212,228,22,32,32,32],"floor_reached":51,"playtime":4168,"items_purged":["Strike_B","Defend_B"],"score":1084,"play_id":"2a1b8b1e-fea4-4ecb-84b4-e61d658d3948","local_time":"20190216022438","is_ascension_mode":true,"campfire_choices":[{"floor":8,"key":"REST"},{"floor":15,"key":"REST"},{"data":"Creative AI","floor":23,"key":"SMITH"},{"data":"Defragment","floor":25,"key":"SMITH"},{"data":"Zap","floor":32,"key":"SMITH"},{"data":"Glacier","floor":40,"key":"SMITH"},{"data":"Glacier","floor":49,"key":"SMITH"}],"neow_cost":"PERCENT_DAMAGE","seed_source_timestamp":47856681824496,"circlet_count":0,"master_deck":["AscendersBane","Defend_B","Defend_B+1","Defend_B+1","Zap+1","Dualcast","Ball Lightning","Sweeping Beam","BootSequence","Cold Snap","Conserve Battery","Biased Cognition","Creative AI+1","Ball Lightning","Defragment+1","Ball Lightning","Core Surge","BootSequence","Thunder Strike","Glacier+1","Go for the Eyes+1","Glacier+1","Coolheaded","Madness","Madness"],"relics":["Cracked Core","Matryoshka","Meat on the Bone","Lantern","Cables","Bird Faced Urn","Coffee Dripper","Runic Capacitor","War Paint","Ancient Tea Set","Mercury Hourglass","Enchiridion","Orrery","Orichalcum","Vajra","ClockworkSouvenir"],"potions_floor_usage":[16,16,19,31,33,42,44,46,50],"damage_taken":[{"damage":6,"enemies":"Cultist","floor":1,"turns":3},{"damage":3,"enemies":"2 Louse","floor":5,"turns":2},{"damage":32,"enemies":"Lagavulin","floor":6,"turns":6},{"damage":0,"enemies":"Small Slimes","floor":7,"turns":3},{"damage":1,"enemies":"Looter","floor":10,"turns":2},{"damage":31,"enemies":"Gremlin Nob","floor":11,"turns":4},{"damage":0,"enemies":"Blue Slaver","floor":12,"turns":3},{"damage":18,"enemies":"The Guardian","floor":16,"turns":13},{"damage":3,"enemies":"Shell Parasite","floor":18,"turns":5},{"damage":12,"enemies":"2 Thieves","floor":19,"turns":4},{"damage":8,"enemies":"Gremlin Leader","floor":24,"turns":5},{"damage":12,"enemies":"Centurion and Healer","floor":30,"turns":3},{"damage":12,"enemies":"Shelled Parasite and Fungi","floor":31,"turns":4},{"damage":48,"enemies":"Collector","floor":33,"turns":6},{"damage":0,"enemies":"Orb Walker","floor":35,"turns":4},{"damage":2,"enemies":"3 Shapes","floor":36,"turns":3},{"damage":0,"enemies":"Transient","floor":39,"turns":5},{"damage":4,"enemies":"Writhing Mass","floor":42,"turns":6},{"damage":1,"enemies":"4 Shapes","floor":44,"turns":5},{"damage":17,"enemies":"Nemesis","floor":45,"turns":7},{"damage":21,"enemies":"Jaw Worm Horde","floor":46,"turns":5},{"damage":19,"enemies":"Maw","floor":48,"turns":5},{"damage":49,"enemies":"Awakened One","floor":50,"turns":11}],"seed_played":"2636593252351156664","potions_obtained":[{"floor":6,"key":"Dexterity Potion"},{"floor":11,"key":"Regen Potion"},{"floor":18,"key":"SkillPotion"},{"floor":24,"key":"FearPotion"},{"floor":31,"key":"SneckoOil"},{"floor":33,"key":"AttackPotion"},{"floor":39,"key":"LiquidBronze"},{"floor":45,"key":"AttackPotion"},{"floor":46,"key":"LiquidBronze"}],"is_trial":false,"path_per_floor":["M","$","?","$","M","E","M","R","T","M","E","M","?","?","R","B",null,"M","M","$","?","$","R","E","R","T","?","?","$","M","M","R","B",null,"M","M","?","?","M","R","$","M","T","M","E","M","$","M","R","B",null],"character_chosen":"DEFECT","items_purchased":["Matryoshka","Sweeping Beam","Runic Capacitor","ClockworkSouvenir"],"campfire_rested":2,"item_purchase_floors":[2,4,22,47],"current_hp_per_floor":[44,44,44,44,41,9,21,43,43,42,23,35,24,24,46,45,68,67,61,61,47,47,47,49,49,49,33,33,33,41,49,49,25,66,74,78,78,68,74,74,74,80,80,79,74,57,57,50,50,33],"gold":32,"neow_bonus":"TWO_FIFTY_GOLD","is_prod":false,"is_daily":false,"chose_seed":false,"campfire_upgraded":5,"win_rate":0,"timestamp":1550305478,"path_taken":["M","$","?","$","M","E","M","R","T","M","E","M","?","?","R","BOSS","M","?","$","?","$","R","E","R","T","?","?","?","?","M","R","BOSS","M","M","?","?","M","R","?","?","T","M","E","M","$","M","R","BOSS"],"build_version":"2019-01-23","purchased_purges":2,"victory":true,"max_hp_per_floor":[75,75,75,75,75,75,75,75,75,75,75,75,75,75,75,75,75,75,75,75,80,80,80,80,80,80,80,80,80,80,80,80,80,80,80,80,80,80,80,80,80,80,80,80,80,80,80,80,80,80],"card_choices":[{"not_picked":["Beam Cell","Gash"],"picked":"Ball Lightning","floor":1},{"not_picked":["Steam","Compile Driver","Barrage"],"picked":"SKIP","floor":5},{"not_picked":["Tempest","Force Field"],"picked":"BootSequence","floor":6},{"not_picked":["Steam","Go for the Eyes","Compile Driver"],"picked":"SKIP","floor":7},{"not_picked":["Blizzard","FTL"],"picked":"Cold Snap","floor":10},{"not_picked":["Steam","Reinforced Body"],"picked":"Conserve Battery","floor":11},{"not_picked":["Sweeping Beam","Turbo"],"picked":"Biased Cognition","floor":12},{"not_picked":["Thunder Strike","Fission"],"picked":"Creative AI","floor":16},{"not_picked":["Steam Power","Stack"],"picked":"Ball Lightning","floor":18},{"not_picked":["Rip and Tear","Barrage","Gash"],"picked":"SKIP","floor":19},{"not_picked":["Reprogram","Gash"],"picked":"Defragment","floor":24},{"not_picked":["Sweeping Beam","Reprogram"],"picked":"BootSequence","floor":30},{"not_picked":["Rebound","Sweeping Beam","Genetic Algorithm"],"picked":"SKIP","floor":31},{"not_picked":["All For One","Hyperbeam"],"picked":"Thunder Strike","floor":33},{"not_picked":["Chill","Hello World"],"picked":"Glacier","floor":34},{"not_picked":["Beam Cell","Cold Snap"],"picked":"Go for the Eyes+1","floor":34},{"not_picked":["Leap","Sweeping Beam"],"picked":"Glacier","floor":34},{"not_picked":["Steam","Rebound"],"picked":"Coolheaded","floor":34},{"not_picked":["Blizzard","Meteor Strike","Beam Cell+1"],"picked":"SKIP","floor":35},{"not_picked":["Gash","Capacitor+1","Coolheaded"],"picked":"SKIP","floor":36},{"not_picked":["Beam Cell","Compile Driver+1","Sweeping Beam+1"],"picked":"SKIP","floor":39},{"not_picked":["Ball Lightning","Rebound","Loop+1"],"picked":"SKIP","floor":42},{"not_picked":["Go for the Eyes","Beam Cell","Double Energy"],"picked":"SKIP","floor":44},{"not_picked":["Sweeping Beam","Leap","White Noise"],"picked":"SKIP","floor":45},{"not_picked":["Go for the Eyes+1","Sweeping Beam","Undo+1"],"picked":"SKIP","floor":46},{"not_picked":["Capacitor","Biased Cognition","Beam Cell+1"],"picked":"SKIP","floor":48}],"player_experience":352563,"relics_obtained":[{"floor":6,"key":"Meat on the Bone"},{"floor":9,"key":"Lantern"},{"floor":9,"key":"Cables"},{"floor":11,"key":"Bird Faced Urn"},{"floor":24,"key":"War Paint"},{"floor":26,"key":"Ancient Tea Set"},{"floor":26,"key":"Mercury Hourglass"},{"floor":27,"key":"Enchiridion"},{"floor":43,"key":"Orichalcum"},{"floor":45,"key":"Vajra"}],"event_choices":[{"cards_removed":["Strike_B"],"damage_healed":0,"gold_gain":0,"player_choice":"Card Removal","damage_taken":0,"max_hp_gain":0,"max_hp_loss":0,"event_name":"The Cleric","floor":3,"gold_loss":50},{"damage_healed":0,"gold_gain":75,"player_choice":"Gather Gold","damage_taken":11,"max_hp_gain":0,"max_hp_loss":0,"event_name":"World of Goop","floor":13,"gold_loss":0},{"damage_healed":0,"gold_gain":0,"player_choice":"Bought 0 Potions","damage_taken":0,"max_hp_gain":0,"max_hp_loss":0,"event_name":"The Woman in Blue","floor":14,"gold_loss":0},{"damage_healed":0,"gold_gain":0,"player_choice":"Shed Blood","damage_taken":19,"max_hp_gain":5,"max_hp_loss":0,"event_name":"Forgotten Altar","floor":21,"gold_loss":0},{"damage_healed":0,"gold_gain":0,"player_choice":"Obtained Book","damage_taken":16,"max_hp_gain":0,"max_hp_loss":0,"event_name":"Cursed Tome","floor":27,"gold_loss":0},{"damage_healed":0,"gold_gain":0,"cards_transformed":["Strike_B","Strike_B"],"player_choice":"Became Test Subject","damage_taken":0,"max_hp_gain":0,"max_hp_loss":0,"event_name":"Drug Dealer","floor":28,"gold_loss":0,"cards_obtained":["Ball Lightning","Core Surge"]},{"damage_healed":0,"gold_gain":0,"player_choice":"Ignored","damage_taken":0,"max_hp_gain":0,"max_hp_loss":0,"event_name":"Tomb of Lord Red Mask","floor":37,"gold_loss":0},{"damage_healed":0,"gold_gain":0,"player_choice":"Embrace Madness","damage_taken":10,"max_hp_gain":0,"max_hp_loss":0,"event_name":"Winding Halls","floor":38,"gold_loss":0,"cards_obtained":["Madness","Madness"]}],"is_beta":false,"boss_relics":[{"not_picked":["Ectoplasm","Busted Crown"],"picked":"Coffee Dripper"},{"not_picked":["Pandora\u0027s Box","Black Star"],"picked":"Orrery"}],"items_purged_floors":[20,41],"is_endless":false,"potions_floor_spawned":[6,11,18,24,31,33,39,45,46],"ascension_level":13}