{"gold_per_floor":[111,186,136,136,160,191,191,191,215,239,239,310,310,354,366,378],"floor_reached":16,"playtime":564,"items_purged":[],"score":197,"play_id":"1fb75a8c-f10c-47d6-b9a3-19914034feeb","local_time":"20190216140731","is_ascension_mode":true,"campfire_choices":[{"floor":7,"key":"REST"},{"data":"Flame Barrier","floor":11,"key":"SMITH"},{"floor":13,"key":"REST"},{"data":"Anger","floor":15,"key":"SMITH"}],"neow_cost":"NONE","seed_source_timestamp":135830594733324,"circlet_count":0,"master_deck":["AscendersBane","Strike_R","Strike_R","Strike_R","Strike_R","Defend_R","Defend_R","Defend_R","Defend_R","Bash","Clothesline","Sword Boomerang","Power Through","Flame Barrier+1","Burning Pact","Anger+1"],"relics":["Burning Blood","Anchor","Golden Idol","Happy Flower","Self Forming Clay","Dream Catcher","Tiny Chest","MawBank"],"potions_floor_usage":[12,16],"damage_taken":[{"damage":3,"enemies":"Small Slimes","floor":1,"turns":4},{"damage":2,"enemies":"Jaw Worm","floor":5,"turns":2},{"damage":36,"enemies":"Gremlin Nob","floor":6,"turns":5},{"damage":1,"enemies":"2 Louse","floor":10,"turns":4},{"damage":16,"enemies":"3 Sentries","floor":12,"turns":11},{"damage":9,"enemies":"Lagavulin","floor":14,"turns":8},{"damage":53,"enemies":"Hexaghost","floor":16,"turns":11}],"seed_played":"-5016378539732900255","potions_obtained":[{"floor":1,"key":"Dexterity Potion"},{"floor":6,"key":"Swift Potion"}],"is_trial":false,"path_per_floor":["M","?","?","?","M","E","R","T","T","M","R","E","R","E","R","B"],"character_chosen":"IRONCLAD","items_purchased":[],"campfire_rested":2,"item_purchase_floors":[],"current_hp_per_floor":[71,60,60,42,46,16,38,38,38,43,43,33,55,52,52,0],"gold":378,"neow_bonus":"RANDOM_COMMON_RELIC","is_prod":false,"is_daily":false,"chose_seed":false,"campfire_upgraded":2,"win_rate":0,"timestamp":1550347651,"path_taken":["M","?","?","?","M","E","R","?","T","M","R","E","R","E","R","BOSS"],"build_version":"2019-01-23","purchased_purges":0,"victory":false,"max_hp_per_floor":[75,75,75,75,75,75,75,75,75,75,75,75,75,75,75,75],"card_choices":[{"not_picked":["Feel No Pain","Bloodletting"],"picked":"Clothesline","floor":1},{"not_picked":["Infernal Blade","Flex"],"picked":"Sword Boomerang","floor":5},{"not_picked":["Havoc","Perfected Strike"],"picked":"Power Through","floor":6},{"not_picked":["Cleave","Rage"],"picked":"Flame Barrier","floor":10},{"not_picked":["Blood for Blood","Iron Wave"],"picked":"Burning Pact","floor":12},{"not_picked":["Headbutt","Clothesline"],"picked":"Anger","floor":13},{"not_picked":["Rampage","Hemokinesis","Wild Strike"],"picked":"SKIP","floor":14}],"player_experience":570352,"relics_obtained":[{"floor":6,"key":"Happy Flower"},{"floor":8,"key":"Self Forming Clay"},{"floor":9,"key":"Dream Catcher"},{"floor":12,"key":"Tiny Chest"},{"floor":14,"key":"MawBank"}],"event_choices":[{"damage_healed":0,"gold_gain":75,"player_choice":"Gather Gold","damage_taken":11,"max_hp_gain":0,"max_hp_loss":0,"event_name":"World of Goop","floor":2,"gold_loss":0},{"cards_removed":["Strike_R"],"damage_healed":0,"gold_gain":0,"player_choice":"Card Removal","damage_taken":0,"max_hp_gain":0,"max_hp_loss":0,"event_name":"The Cleric","floor":3,"gold_loss":50},{"damage_healed":0,"gold_gain":0,"player_choice":"Take Damage","damage_taken":18,"relics_obtained":["Golden Idol"],"max_hp_gain":0,"max_hp_loss":0,"event_name":"Golden Idol","floor":4,"gold_loss":0}],"is_beta":false,"boss_relics":[],"items_purged_floors":[],"is_endless":false,"potions_floor_spawned":[1,6,10],"killed_by":"Hexaghost","ascension_level":14}