{"gold_per_floor":[115,115,290,308,308,308,328,391,414,446,456,456,426,459,459,557,557],"floor_reached":17,"playtime":344,"items_purged":[],"score":173,"play_id":"4993c52f-c5e7-4ded-b468-823139699cf6","local_time":"20180829062401","is_ascension_mode":false,"campfire_choices":[{"data":"Uppercut","floor":6,"key":"SMITH"},{"data":"Havoc","floor":12,"key":"SMITH"},{"data":"True Grit","floor":15,"key":"SMITH"}],"neow_cost":"","seed_source_timestamp":1020507806819646,"circlet_count":0,"master_deck":["Strike_R","Strike_R","Strike_R","Strike_R","Strike_R","Defend_R","Defend_R","Defend_R","Defend_R","Bash","Havoc+1","Doubt","Uppercut+1","Whirlwind","Clash","True Grit+1","Feed"],"relics":["Burning Blood","Pen Nib","Tiny Chest","Ancient Tea Set","Darkstone Periapt","Anchor","Sozu"],"potions_floor_usage":[8,10,10],"damage_taken":[{"damage":0,"enemies":"Small Slimes","floor":1,"turns":3},{"damage":11,"enemies":"Jaw Worm","floor":4,"turns":3},{"damage":0,"enemies":"Cultist","floor":7,"turns":3},{"damage":16,"enemies":"Lagavulin","floor":8,"turns":7},{"damage":34,"enemies":"3 Sentries","floor":10,"turns":8},{"damage":5,"enemies":"Blue Slaver","floor":11,"turns":3},{"damage":22,"enemies":"Gremlin Nob","floor":14,"turns":4},{"damage":9,"enemies":"Hexaghost","floor":16,"turns":9}],"seed_played":"8853772021978428572","potions_obtained":[{"floor":5,"key":"LiquidBronze"},{"floor":5,"key":"SteroidPotion"},{"floor":5,"key":"BloodPotion"},{"floor":8,"key":"Ancient Potion"},{"floor":13,"key":"Explosive Potion"},{"floor":13,"key":"Regen Potion"}],"is_trial":false,"path_per_floor":["M","?","?","M","?","R","M","E","T","E","M","R","?","E","R","B"],"character_chosen":"IRONCLAD","items_purchased":[],"campfire_rested":0,"item_purchase_floors":[],"current_hp_per_floor":[80,73,73,68,68,68,74,64,64,44,45,45,45,29,29,26,26],"gold":557,"neow_bonus":"","is_prod":false,"is_daily":false,"chose_seed":false,"campfire_upgraded":3,"win_rate":0,"timestamp":1535491441,"path_taken":["M","?","?","?","?","R","M","E","T","E","M","R","?","E","R","BOSS"],"build_version":"2018-08-23v2","purchased_purges":0,"victory":false,"max_hp_per_floor":[80,80,80,80,80,80,80,80,80,80,80,80,80,80,80,80,80],"card_choices":[{"not_picked":["Anger","Body Slam"],"picked":"Havoc","floor":1},{"not_picked":["Burning Pact","Perfected Strike"],"picked":"Uppercut","floor":4},{"not_picked":["Flex","Sever Soul"],"picked":"Whirlwind","floor":7},{"not_picked":["Bloodletting","Sever Soul"],"picked":"Clash","floor":8},{"not_picked":["Clothesline","Warcry","Hemokinesis"],"picked":"SKIP","floor":10},{"not_picked":["Second Wind","Flex","Berserk"],"picked":"SKIP","floor":11},{"not_picked":["Entrench","Iron Wave"],"picked":"True Grit","floor":14},{"not_picked":["Limit Break","Berserk"],"picked":"Feed","floor":16}],"player_experience":535341,"relics_obtained":[{"floor":8,"key":"Tiny Chest"},{"floor":9,"key":"Ancient Tea Set"},{"floor":10,"key":"Darkstone Periapt"},{"floor":14,"key":"Anchor"}],"event_choices":[{"event_name":"Scrap Ooze","player_choice":"success","floor":2,"damage_taken":7},{"event_name":"Liars Game","player_choice":"agreed","floor":3,"damage_taken":0},{"event_name":"The Lab","player_choice":"Got Potions","floor":5,"damage_taken":0},{"event_name":"The Woman in Blue","player_choice":"Bought 2 Potions","floor":13,"damage_taken":0}],"is_beta":false,"boss_relics":[{"not_picked":["Tiny House","Runic Pyramid"],"picked":"Sozu"}],"items_purged_floors":[],"is_endless":false,"potions_floor_spawned":[7,8,14],"ascension_level":0}