{"gold_per_floor":[112,112,122,47,97,97,122,122,171,171,201,220,245,264,264,342,342,353,353,376,388,418,430,458,470,482,528,558,570,582,594,606,694,706,730,757,769,781,805,817,17,17,71,98,111,111,211,221,221,221,221,221,221,35,67,67],"floor_reached":57,"playtime":2567,"items_purged":[],"score":2707,"play_id":"2b322b63-1092-4119-a0e2-6d42d87af2ab","local_time":"20181219074654","is_ascension_mode":true,"campfire_choices":[{"data":"Defragment","floor":6.0,"key":"SMITH"},{"data":"Zap","floor":8.0,"key":"SMITH"},{"data":"Reinforced Body","floor":10.0,"key":"SMITH"},{"floor":15.0,"key":"RECALL"},{"floor":23.0,"key":"REST"},{"data":"Self Repair","floor":25.0,"key":"SMITH"},{"data":"Go for the Eyes","floor":29.0,"key":"SMITH"},{"floor":32.0,"key":"REST"},{"data":"Biased Cognition","floor":40.0,"key":"SMITH"},{"data":"Reprogram","floor":42.0,"key":"SMITH"},{"data":"Blizzard","floor":46.0,"key":"SMITH"},{"data":"Biased Cognition","floor":49.0,"key":"SMITH"},{"data":"Dualcast","floor":53,"key":"SMITH"}],"neow_cost":"NONE","seed_source_timestamp":478105414437466,"circlet_count":0,"master_deck":["AscendersBane","Zap+1","Dualcast+1","Reinforced Body+1","Defragment+1","Conserve Battery","Reprogram+1","Cold Snap","Hologram+1","Stack+1","Core Surge","Hello World","Ball Lightning","Genetic Algorithm+1","Rainbow+1","Go for the Eyes+1","Recycle+1","Seek+1","Biased Cognition+1","Redo+1","Self Repair+1","Coolheaded+1","Chaos+1","Chaos+1","Biased Cognition+1","Ball Lightning+1","Force Field+1","Coolheaded+1","Discovery+1","Blizzard+1","Chaos+1","Coolheaded+1","Capacitor","Turbo+1","BootSequence+1"],"special_seed":0,"relics":["FrozenCore","NeowsBlessing","WarpedTongs","DataDisk","Potion Belt","Meat on the Bone","Toxic Egg 2","Pandora\u0027s Box","Nilry\u0027s Codex","MawBank","Mummified Hand","WingedGreaves","Vajra","PreservedInsect","Runic Capacitor","Calipers","Blood Vial","Emotion Chip","Oddly Smooth Stone"],"potions_floor_usage":[56],"damage_taken":[{"damage":0.0,"enemies":"Small Slimes","floor":1.0,"turns":1.0},{"damage":0.0,"enemies":"Cultist","floor":3.0,"turns":1.0},{"damage":0.0,"enemies":"Gremlin Nob","floor":7.0,"turns":1.0},{"damage":17.0,"enemies":"Lagavulin","floor":11.0,"turns":6.0},{"damage":0.0,"enemies":"2 Louse","floor":12.0,"turns":3.0},{"damage":9.0,"enemies":"3 Sentries","floor":13.0,"turns":6.0},{"damage":4.0,"enemies":"2 Fungi Beasts","floor":14.0,"turns":3.0},{"damage":22.0,"enemies":"Hexaghost","floor":16.0,"turns":10.0},{"damage":18.0,"enemies":"Shell Parasite","floor":18.0,"turns":5.0},{"damage":8.0,"enemies":"Chosen","floor":22.0,"turns":4.0},{"damage":8.0,"enemies":"Snake Plant","floor":24.0,"turns":4.0},{"damage":11.0,"enemies":"Book of Stabbing","floor":27.0,"turns":5.0},{"damage":7.0,"enemies":"Centurion and Healer","floor":28.0,"turns":10.0},{"damage":12.0,"enemies":"Automaton","floor":33.0,"turns":8.0},{"damage":23.0,"enemies":"3 Darklings","floor":35.0,"turns":5.0},{"damage":5.0,"enemies":"3 Shapes","floor":36.0,"turns":4.0},{"damage":0.0,"enemies":"Transient","floor":39.0,"turns":6.0},{"damage":0.0,"enemies":"Writhing Mass","floor":45.0,"turns":6.0},{"damage":0.0,"enemies":"Mind Bloom Boss Battle","floor":47.0,"turns":5.0},{"damage":22.0,"enemies":"4 Shapes","floor":48.0,"turns":5.0},{"damage":12.0,"enemies":"Time Eater","floor":50.0,"turns":9.0},{"damage":4,"enemies":"Donu and Deca","floor":51,"turns":13},{"damage":11,"enemies":"Shield and Spear","floor":55,"turns":5},{"damage":25,"enemies":"The Heart","floor":56,"turns":11}],"seed_played":"-7924551529869367555","potions_obtained":[{"floor":1.0,"key":"LiquidBronze"},{"floor":11.0,"key":"Explosive Potion"},{"floor":14.0,"key":"Poison Potion"},{"floor":16.0,"key":"SteroidPotion"},{"floor":28.0,"key":"Swift Potion"},{"floor":33.0,"key":"Explosive Potion"},{"floor":36.0,"key":"AttackPotion"},{"floor":47.0,"key":"Explosive Potion"}],"is_trial":false,"path_per_floor":["M","?","M","?","?","R","E","R","T","R","E","M","E","M","R","B",null,"M","?","T","?","M","R","M","R","T","E","M","R","?","$","R","B",null,"M","M","?","?","M","R","$","R","T","T","M","R","?","M","R","B","B",null,"R","$","E","B",null],"character_chosen":"DEFECT","items_purchased":["PreservedInsect","Runic Capacitor","Calipers","Discovery+1","Capacitor","Turbo+1","AttackPotion"],"campfire_rested":2,"item_purchase_floors":[41,41,41,41,54,54,54],"current_hp_per_floor":[64,64,64,64,57,57,57,57,57,57,40,40,43,39,39,29,61,43,22,22,22,26,47,39,39,39,50,53,53,33,33,55,53,70,57,52,52,52,62,62,62,62,62,62,74,74,76,64,64,64,72,75,75,75,65,52],"gold":67,"neow_bonus":"THREE_ENEMY_KILL","is_prod":false,"is_daily":false,"chose_seed":false,"campfire_upgraded":10,"win_rate":0,"timestamp":1545173214,"path_taken":["M","?","?","?","?","R","E","R","T","R","E","M","E","?","R","BOSS","M","?","?","?","?","R","M","R","T","E","M","R","?","$","R","BOSS","M","M","?","?","M","R","$","R","T","?","?","R","?","M","R","BOSS","BOSS","R","$","E","BOSS"],"build_version":"2018-12-13","purchased_purges":0,"victory":true,"max_hp_per_floor":[71,71,71,71,71,71,71,71,71,71,71,71,71,71,71,71,71,71,71,71,71,71,71,71,71,71,71,71,71,76,76,76,76,76,76,76,76,76,76,76,76,76,76,76,76,76,76,76,76,76,76,76,76,76,76,76],"card_choices":[{"not_picked":["Recycle","Static Discharge"],"picked":"Reinforced Body","floor":1.0},{"not_picked":["Blizzard","Chaos"],"picked":"Defragment","floor":3.0},{"not_picked":["Skim","Double Energy"],"picked":"Conserve Battery","floor":7.0},{"not_picked":["Fusion","Darkness"],"picked":"Reprogram","floor":11.0},{"not_picked":["Compile Driver","Turbo"],"picked":"Cold Snap","floor":12.0},{"not_picked":["Rebound","Gash"],"picked":"Hologram","floor":13.0},{"not_picked":["Genetic Algorithm+1","Lockon"],"picked":"Stack+1","floor":14.0},{"not_picked":["Multi-Cast+1","Meteor Strike"],"picked":"Core Surge","floor":16.0},{"not_picked":["Hologram+1","Compile Driver"],"picked":"Redo+1","floor":18.0},{"not_picked":["Skim+1","Hologram+1"],"picked":"Self Repair","floor":22.0},{"not_picked":["Blizzard","Conserve Battery+1"],"picked":"Coolheaded+1","floor":24.0},{"not_picked":["Cold Snap","Defragment"],"picked":"Chaos+1","floor":27.0},{"not_picked":["Undo+1","Double Energy+1"],"picked":"Chaos+1","floor":28.0},{"not_picked":["Creative AI","Buffer"],"picked":"Biased Cognition","floor":33.0},{"not_picked":["Go for the Eyes","Compile Driver"],"picked":"Ball Lightning+1","floor":35.0},{"not_picked":["Leap+1","Static Discharge"],"picked":"Force Field+1","floor":36.0},{"not_picked":["Recycle+1","Ball Lightning+1"],"picked":"Coolheaded+1","floor":39.0},{"not_picked":["Fusion+1","Static Discharge"],"picked":"Blizzard","floor":45.0},{"not_picked":["Turbo+1","Thunder Strike"],"picked":"Chaos+1","floor":47.0},{"not_picked":["Barrage","Steam+1"],"picked":"Coolheaded+1","floor":48.0},{"not_picked":["Melter","Go for the Eyes"],"picked":"BootSequence+1","floor":55}],"player_experience":817647,"relics_obtained":[{"floor":7.0,"key":"DataDisk"},{"floor":9.0,"key":"Potion Belt"},{"floor":11.0,"key":"Meat on the Bone"},{"floor":13.0,"key":"Toxic Egg 2"},{"floor":19.0,"key":"Nilry\u0027s Codex"},{"floor":20.0,"key":"MawBank"},{"floor":21.0,"key":"Mummified Hand"},{"floor":26.0,"key":"WingedGreaves"},{"floor":27.0,"key":"Vajra"},{"floor":44.0,"key":"Blood Vial"},{"floor":47.0,"key":"Emotion Chip"},{"floor":55,"key":"Oddly Smooth Stone"}],"event_choices":[{"damage_healed":0.0,"max_hp_gain":0.0,"max_hp_loss":0.0,"gold_gain":0.0,"event_name":"Accursed Blacksmith","player_choice":"Rummage","floor":2.0,"gold_loss":0.0,"damage_taken":0.0,"relics_obtained":["WarpedTongs"],"cards_obtained":["Pain"]},{"cards_removed":["Pain"],"damage_healed":0.0,"max_hp_gain":0.0,"max_hp_loss":0.0,"gold_gain":0.0,"event_name":"The Cleric","player_choice":"Card Removal","floor":4.0,"gold_loss":75.0,"damage_taken":0.0},{"damage_healed":0.0,"max_hp_gain":0.0,"max_hp_loss":0.0,"gold_gain":50.0,"event_name":"FaceTrader","player_choice":"Touch","floor":5.0,"gold_loss":0.0,"damage_taken":7.0},{"damage_healed":0.0,"max_hp_gain":0.0,"max_hp_loss":0.0,"gold_gain":0.0,"event_name":"Cursed Tome","player_choice":"Obtained Book","floor":19.0,"gold_loss":0.0,"damage_taken":21.0},{"damage_healed":0.0,"max_hp_gain":0.0,"max_hp_loss":0.0,"gold_gain":0.0,"event_name":"Wheel of Change","player_choice":"Relic","floor":21.0,"gold_loss":0.0,"damage_taken":0.0},{"damage_healed":0.0,"max_hp_gain":5.0,"max_hp_loss":0.0,"gold_gain":0.0,"event_name":"Forgotten Altar","player_choice":"Shed Blood","floor":30.0,"gold_loss":0.0,"damage_taken":25.0},{"damage_healed":0.0,"max_hp_gain":0.0,"max_hp_loss":0.0,"gold_gain":0.0,"event_name":"Tomb of Lord Red Mask","player_choice":"Ignored","floor":37.0,"gold_loss":0.0,"damage_taken":0.0},{"damage_healed":0.0,"max_hp_gain":0.0,"max_hp_loss":0.0,"gold_gain":0.0,"event_name":"Mysterious Sphere","player_choice":"Ignored","floor":38.0,"gold_loss":0.0,"damage_taken":0.0},{"damage_healed":0.0,"max_hp_gain":0.0,"max_hp_loss":0.0,"gold_gain":0.0,"event_name":"MindBloom","player_choice":"Fight","floor":47.0,"gold_loss":0.0,"damage_taken":0.0}],"is_beta":false,"boss_relics":[{"not_picked":["Nuclear Battery","Runic Dome"],"picked":"Pandora\u0027s Box"},{"not_picked":["Busted Crown","Runic Pyramid"],"picked":"FrozenCore"}],"items_purged_floors":[],"is_endless":false,"potions_floor_spawned":[1,11,14,16,28,33,36,47],"ascension_level":20}