{"gold_per_floor":[115,215,235,245,108,108,138,161,161,178,178,103,167,22,22,122,122,136,186,336,353,417,417,417],"floor_reached":24,"playtime":961,"items_purged":["Strike_B"],"score":196,"play_id":"e6e7a8d4-8603-4598-bafe-93d954a19b0c","local_time":"20181117142711","is_ascension_mode":false,"campfire_choices":[{"data":"Echo Form","floor":6,"key":"SMITH"},{"floor":15,"key":"REST"},{"floor":23,"key":"REST"}],"neow_cost":"NONE","seed_source_timestamp":10719527872977,"circlet_count":0,"master_deck":["Strike_B","Strike_B","Strike_B","Defend_B","Defend_B","Defend_B","Defend_B","Zap","Dualcast","FTL","Ball Lightning","Coolheaded","Echo Form+1","Core Surge","Double Energy","Beam Cell","Buffer","Barrage","Steam+1","Conserve Battery","Self Repair"],"relics":["Cracked Core","NeowsBlessing","Cables","Odd Mushroom","Mercury Hourglass","SsserpentHead","Runic Capacitor","Velvet Choker","Gambling Chip","Bottled Tornado"],"potions_floor_usage":[20,20],"damage_taken":[{"damage":0,"enemies":"2 Louse","floor":1,"turns":1},{"damage":0,"enemies":"Cultist","floor":3,"turns":1},{"damage":0,"enemies":"Small Slimes","floor":4,"turns":1},{"damage":18,"enemies":"Lagavulin","floor":7,"turns":8},{"damage":19,"enemies":"The Mushroom Lair","floor":8,"turns":4},{"damage":6,"enemies":"Exordium Thugs","floor":10,"turns":3},{"damage":0,"enemies":"2 Fungi Beasts","floor":13,"turns":3},{"damage":35,"enemies":"Hexaghost","floor":16,"turns":7},{"damage":21,"enemies":"3 Byrds","floor":18,"turns":4},{"damage":10,"enemies":"Colosseum Slavers","floor":20,"turns":3},{"damage":38,"enemies":"Colosseum Nobs","floor":20,"turns":5},{"damage":0,"enemies":"Chosen","floor":21,"turns":3},{"damage":9,"enemies":"Snake Plant","floor":22,"turns":5},{"damage":30,"enemies":"Gremlin Leader","floor":24,"turns":7}],"seed_played":"7365889543655716140","potions_obtained":[{"floor":1,"key":"Block Potion"},{"floor":7,"key":"FairyPotion"},{"floor":10,"key":"LiquidBronze"},{"floor":21,"key":"Explosive Potion"}],"is_trial":false,"path_per_floor":["M","?","M","M","$","R","E","?","T","M","?","$","M","$","R","B",null,"M","?","?","M","M","R","E"],"character_chosen":"DEFECT","items_purchased":["Echo Form","Runic Capacitor"],"campfire_rested":2,"item_purchase_floors":[5,14],"current_hp_per_floor":[75,75,75,75,75,75,57,38,38,32,32,32,32,32,54,19,75,54,54,6,6,7,29,0],"gold":417,"neow_bonus":"THREE_ENEMY_KILL","is_prod":false,"is_daily":false,"chose_seed":false,"campfire_upgraded":1,"win_rate":0,"timestamp":1542432431,"path_taken":["M","?","?","M","$","R","E","?","T","M","?","$","?","?","R","BOSS","M","?","?","M","?","R","E"],"build_version":"2018-11-15","purchased_purges":1,"victory":false,"max_hp_per_floor":[75,75,75,75,75,75,75,75,75,75,75,75,75,75,75,75,75,75,75,75,75,75,75,75],"card_choices":[{"not_picked":["Blizzard","Hologram"],"picked":"FTL","floor":1},{"not_picked":["Melter","Beam Cell"],"picked":"Ball Lightning","floor":3},{"not_picked":["Conserve Battery","Cold Snap"],"picked":"Coolheaded","floor":4},{"not_picked":["Conserve Battery","Ball Lightning"],"picked":"Core Surge","floor":7},{"not_picked":["Sweeping Beam","Self Repair"],"picked":"Double Energy","floor":8},{"not_picked":["Hologram","Compile Driver"],"picked":"Beam Cell","floor":10},{"not_picked":["Core Surge","Sweeping Beam","Turbo"],"picked":"SKIP","floor":13},{"not_picked":["Machine Learning","Seek"],"picked":"Buffer","floor":16},{"not_picked":["Sunder","Compile Driver"],"picked":"Barrage","floor":18},{"not_picked":["Rip and Tear","Compile Driver"],"picked":"Steam+1","floor":20},{"not_picked":["Go for the Eyes","Compile Driver"],"picked":"Conserve Battery","floor":21},{"not_picked":["Beam Cell","Leap+1"],"picked":"Self Repair","floor":22}],"player_experience":101275,"relics_obtained":[{"floor":7,"key":"Cables"},{"floor":8,"key":"Odd Mushroom"},{"floor":9,"key":"Mercury Hourglass"},{"floor":20,"key":"Gambling Chip"},{"floor":20,"key":"Bottled Tornado"}],"event_choices":[{"damage_healed":0,"gold_gain":100,"player_choice":"Pray","damage_taken":0,"max_hp_gain":0,"max_hp_loss":0,"event_name":"Golden Shrine","floor":2,"gold_loss":0},{"damage_healed":0,"gold_gain":0,"player_choice":"Fought Mushrooms","damage_taken":0,"max_hp_gain":0,"max_hp_loss":0,"event_name":"Mushrooms","floor":8,"gold_loss":0},{"damage_healed":0,"gold_gain":0,"player_choice":"Trade","damage_taken":0,"relics_obtained":["SsserpentHead"],"max_hp_gain":0,"max_hp_loss":0,"event_name":"FaceTrader","floor":11,"gold_loss":0},{"damage_healed":0,"gold_gain":0,"player_choice":"Ignored","damage_taken":0,"max_hp_gain":0,"max_hp_loss":0,"event_name":"Ghosts","floor":19,"gold_loss":0},{"damage_healed":0,"gold_gain":0,"player_choice":"Fight","damage_taken":0,"max_hp_gain":0,"max_hp_loss":0,"event_name":"Colosseum","floor":20,"gold_loss":0},{"damage_healed":0,"gold_gain":0,"player_choice":"Fought Nobs","damage_taken":0,"max_hp_gain":0,"max_hp_loss":0,"event_name":"Colosseum","floor":20,"gold_loss":0}],"is_beta":false,"boss_relics":[{"not_picked":["White Beast Statue","Black Star"],"picked":"Velvet Choker"}],"items_purged_floors":[12],"is_endless":false,"potions_floor_spawned":[1,7,10,18,20,21],"killed_by":"Gremlin Leader","ascension_level":0}