{"gold_per_floor":[116,216,216,230,230,257,276,276,276,351,364,18,30,205,205,300,300,317,76,76,1,1,28,28,28,28,28,48,48,48,67,67,67],"floor_reached":33,"playtime":1044,"items_purged":["Strike_B"],"score":403,"play_id":"e59c94b0-542d-4901-ab2e-1ce4366dd6a2","local_time":"20181013202806","is_ascension_mode":true,"campfire_choices":[{"data":"Zap","floor":8,"key":"SMITH"},{"data":"Apotheosis","floor":15,"key":"SMITH"},{"data":"BootSequence","floor":24,"key":"SMITH"},{"data":"Auto Shields","floor":30,"key":"SMITH"},{"data":"Dualcast","floor":32,"key":"SMITH"}],"neow_cost":"NONE","seed_source_timestamp":102997672916375,"circlet_count":0,"master_deck":["Strike_B","Strike_B","Strike_B","Defend_B","Defend_B","Defend_B","Zap+1","Dualcast+1","Auto Shields+1","Leap","All For One","Streamline","Gash","Apotheosis+1","Scrape","Gash","Buffer+1","Streamline","Necronomicurse","BootSequence+1","Beam Cell"],"special_seed":0,"relics":["Cracked Core","NeowsBlessing","Symbiotic Virus","Darkstone Periapt","Coffee Dripper","Bottled Lightning","Necronomicon","Question Card","Bottled Flame","Matryoshka"],"potions_floor_usage":[16,28,31,33],"damage_taken":[{"damage":0,"enemies":"Jaw Worm","floor":1,"turns":1},{"damage":0,"enemies":"Cultist","floor":4,"turns":1},{"damage":0,"enemies":"Lagavulin","floor":6,"turns":1},{"damage":0,"enemies":"Small Slimes","floor":7,"turns":3},{"damage":0,"enemies":"Red Slaver","floor":11,"turns":2},{"damage":1,"enemies":"Blue Slaver","floor":13,"turns":3},{"damage":0,"enemies":"Slime Boss","floor":16,"turns":4},{"damage":25,"enemies":"3 Byrds","floor":18,"turns":3},{"damage":10,"enemies":"Book of Stabbing","floor":23,"turns":4},{"damage":0,"enemies":"Spheric Guardian","floor":28,"turns":3},{"damage":7,"enemies":"Centurion and Healer","floor":31,"turns":4},{"damage":39,"enemies":"Collector","floor":33,"turns":7}],"seed_played":"8110024452377443900","potions_obtained":[{"floor":1,"key":"Regen Potion"},{"floor":7,"key":"GamblersBrew"},{"floor":13,"key":"PowerPotion"},{"floor":16,"key":"Poison Potion"},{"floor":31,"key":"SteroidPotion"}],"is_trial":false,"path_per_floor":["M","?","?","M","?","E","M","R","T","?","M","$","M","?","R","B",null,"M","$","?","?","?","E","R","T","T","$","M","$","R","M","R"],"character_chosen":"DEFECT","items_purchased":["Apotheosis","Scrape","Bottled Lightning"],"campfire_rested":0,"item_purchase_floors":[12,12,19],"current_hp_per_floor":[75,75,68,68,68,68,68,68,68,57,57,57,56,62,62,62,81,56,56,46,46,46,36,36,36,36,36,45,45,45,38,38,0],"gold":67,"neow_bonus":"THREE_ENEMY_KILL","is_prod":false,"is_daily":false,"chose_seed":false,"campfire_upgraded":5,"win_rate":0,"timestamp":1539424686,"path_taken":["M","?","?","M","?","E","?","R","T","?","M","$","M","?","R","BOSS","M","$","?","?","?","E","R","?","T","$","?","$","R","M","R","BOSS"],"build_version":"2018-10-11","purchased_purges":1,"victory":false,"max_hp_per_floor":[75,75,75,75,75,75,75,75,75,75,75,75,75,81,81,81,81,81,81,87,87,87,87,87,87,87,87,87,87,87,87,87,87],"card_choices":[{"not_picked":["Tempest","Stack"],"picked":"Auto Shields","floor":1},{"not_picked":["Go for the Eyes","Compile Driver"],"picked":"Leap","floor":4},{"not_picked":["Thunder Strike","Redo"],"picked":"All For One","floor":6},{"not_picked":["Hologram","Conserve Battery"],"picked":"Streamline","floor":7},{"not_picked":["Rebound","Go for the Eyes"],"picked":"Gash","floor":11},{"not_picked":["Streamline","Leap"],"picked":"Gash","floor":13},{"not_picked":["Electrodynamics","Biased Cognition"],"picked":"Buffer","floor":16},{"not_picked":["Coolheaded","Force Field+1"],"picked":"Streamline","floor":18},{"not_picked":["Recycle+1","Cold Snap"],"picked":"BootSequence","floor":23},{"not_picked":["Rebound+1","Sweeping Beam","Conserve Battery","Undo"],"picked":"SKIP","floor":28},{"not_picked":["Force Field+1","Hyperbeam","Blizzard+1"],"picked":"Beam Cell","floor":31}],"player_experience":296365,"relics_obtained":[{"floor":6,"key":"Symbiotic Virus"},{"floor":9,"key":"Darkstone Periapt"},{"floor":20,"key":"Necronomicon"},{"floor":23,"key":"Question Card"},{"floor":25,"key":"Bottled Flame"},{"floor":26,"key":"Matryoshka"}],"event_choices":[{"event_name":"Golden Shrine","player_choice":"Pray","floor":2,"damage_taken":0},{"event_name":"Wheel of Change","player_choice":"Damage","floor":3,"damage_taken":0},{"event_name":"Living Wall","player_choice":"Forget","floor":5,"damage_taken":0},{"event_name":"World of Goop","player_choice":"Gather Gold","floor":10,"damage_taken":0},{"event_name":"Liars Game","player_choice":"agreed","floor":14,"damage_taken":0},{"event_name":"Cursed Tome","player_choice":"Obtained Book","floor":20,"damage_taken":0},{"event_name":"Beggar","player_choice":"Gave Gold","floor":21,"damage_taken":0},{"event_name":"Upgrade Shrine","player_choice":"Upgraded","floor":22,"damage_taken":0}],"is_beta":false,"boss_relics":[{"not_picked":["Snecko Eye","Fusion Hammer"],"picked":"Coffee Dripper"}],"items_purged_floors":[12],"is_endless":false,"potions_floor_spawned":[1,7,13,16,31],"killed_by":"Collector","ascension_level":4}