{"gold_per_floor":[109,109,34,52,67,122,122,122,149,159,192,210,229,246,246,246],"floor_reached":16,"playtime":1022,"items_purged":["Strike_R"],"score":114,"play_id":"c9efd6b2-3382-4ed6-a981-17b3e1e9bc8e","local_time":"20181227163021","is_ascension_mode":false,"campfire_choices":[{"data":"Metallicize","floor":7,"key":"SMITH"},{"data":"Limit Break","floor":15,"key":"SMITH"}],"neow_cost":"NONE","seed_source_timestamp":374431366207702,"circlet_count":0,"master_deck":["Strike_R","Strike_R+1","Strike_R","Strike_R","Defend_R","Defend_R+1","Defend_R","Defend_R","Bash","Flame Barrier","Flex","Metallicize+1","Pommel Strike","Limit Break","Limit Break+1","Perfected Strike","Armaments","Intimidate"],"relics":["Burning Blood","Tiny Chest","The Courier","Centennial Puzzle","Ancient Tea Set"],"potions_floor_usage":[14,16,16,16],"damage_taken":[{"damage":7,"enemies":"2 Louse","floor":1,"turns":3},{"damage":2,"enemies":"Jaw Worm","floor":4,"turns":4},{"damage":9,"enemies":"Cultist","floor":5,"turns":5},{"damage":12,"enemies":"3 Sentries","floor":6,"turns":13},{"damage":6,"enemies":"Exordium Thugs","floor":10,"turns":6},{"damage":30,"enemies":"Lagavulin","floor":11,"turns":6},{"damage":6,"enemies":"Exordium Wildlife","floor":12,"turns":5},{"damage":3,"enemies":"Blue Slaver","floor":13,"turns":5},{"damage":0,"enemies":"3 Louse","floor":14,"turns":4},{"damage":43,"enemies":"The Guardian","floor":16,"turns":11}],"seed_played":"-3515564121976212605","potions_obtained":[{"floor":0,"key":"Dexterity Potion"},{"floor":0,"key":"SmokeBomb"},{"floor":0,"key":"GamblersBrew"},{"floor":5,"key":"Swift Potion"},{"floor":12,"key":"LiquidBronze"},{"floor":13,"key":"SkillPotion"},{"floor":14,"key":"Fire Potion"}],"is_trial":false,"path_per_floor":["M","?","$","M","M","E","R","T","T","M","E","M","M","M","R","B"],"character_chosen":"IRONCLAD","items_purchased":[],"campfire_rested":0,"item_purchase_floors":[],"current_hp_per_floor":[79,63,63,67,64,58,58,58,58,58,34,34,37,43,43,0],"gold":246,"neow_bonus":"THREE_SMALL_POTIONS","is_prod":false,"is_daily":false,"chose_seed":false,"campfire_upgraded":2,"win_rate":0,"timestamp":1545890421,"path_taken":["M","?","$","M","M","E","R","?","T","M","E","?","M","M","R","BOSS"],"build_version":"2018-12-20","purchased_purges":1,"victory":false,"max_hp_per_floor":[80,80,80,80,80,80,80,80,80,80,80,80,80,80,80,80],"card_choices":[{"not_picked":["Shrug It Off","Sword Boomerang"],"picked":"Flame Barrier","floor":1},{"not_picked":["Seeing Red","Wild Strike"],"picked":"Flex","floor":4},{"not_picked":["Uppercut","Power Through"],"picked":"Metallicize","floor":5},{"not_picked":["Carnage","Clothesline"],"picked":"Pommel Strike","floor":6},{"not_picked":["Entrench","Infernal Blade"],"picked":"Limit Break","floor":10},{"not_picked":["Perfected Strike","Thunderclap"],"picked":"Limit Break","floor":11},{"not_picked":["Anger","Corruption"],"picked":"Perfected Strike","floor":12},{"not_picked":["Headbutt","Pommel Strike"],"picked":"Armaments","floor":13},{"not_picked":["Pommel Strike","Entrench"],"picked":"Intimidate","floor":14}],"player_experience":423624,"relics_obtained":[{"floor":6,"key":"Tiny Chest"},{"floor":8,"key":"The Courier"},{"floor":9,"key":"Centennial Puzzle"},{"floor":11,"key":"Ancient Tea Set"}],"event_choices":[{"damage_healed":0,"gold_gain":0,"player_choice":"Entered Light","damage_taken":16,"max_hp_gain":0,"max_hp_loss":0,"event_name":"Shining Light","floor":2,"gold_loss":0,"cards_upgraded":["Defend_R","Strike_R"]}],"is_beta":false,"boss_relics":[],"items_purged_floors":[3],"is_endless":false,"potions_floor_spawned":[5,6,10,12,13,14],"killed_by":"The Guardian","ascension_level":0}