{"gold_per_floor":[110,110,123,123,142,142,199,211,260,278,4,23,55,70,70,172,172,189,10,27,126,139,139],"floor_reached":23,"playtime":2758,"items_purged":["Strike_R","Strike_R"],"score":318,"play_id":"6e7cd61f-b083-4038-be95-2f6cf9f9b9d2","local_time":"20190213165455","is_ascension_mode":true,"campfire_choices":[{"data":"Anger","floor":6,"key":"SMITH"},{"data":"Flex","floor":15,"key":"SMITH"}],"neow_cost":"NONE","seed_source_timestamp":44775387492512,"circlet_count":0,"master_deck":["AscendersBane","Strike_R","Strike_R","Strike_R","Defend_R","Defend_R","Defend_R","Defend_R","Bash","Impervious","Metallicize","Impatience","Anger+1","Flex+1","Shrug It Off","Disarm","Feed","Metallicize","Offering","Whirlwind","Battle Trance","Offering"],"relics":["Burning Blood","Matryoshka","Tiny Chest","Potion Belt","Regal Pillow","Centennial Puzzle","Vajra","Runic Cube"],"potions_floor_usage":[7,13,13,16,16,23],"damage_taken":[{"damage":2,"enemies":"Jaw Worm","floor":1,"turns":3},{"damage":3,"enemies":"2 Louse","floor":3,"turns":4},{"damage":11,"enemies":"Cultist","floor":5,"turns":6},{"damage":29,"enemies":"Lagavulin","floor":7,"turns":5},{"damage":5,"enemies":"Blue Slaver","floor":8,"turns":3},{"damage":6,"enemies":"Looter","floor":10,"turns":4},{"damage":10,"enemies":"Exordium Wildlife","floor":12,"turns":4},{"damage":9,"enemies":"3 Sentries","floor":13,"turns":6},{"damage":8,"enemies":"Blue Slaver","floor":14,"turns":4},{"damage":13,"enemies":"Hexaghost","floor":16,"turns":11},{"damage":13,"enemies":"Chosen","floor":18,"turns":6},{"damage":32,"enemies":"2 Thieves","floor":20,"turns":4},{"damage":27,"enemies":"Snake Plant","floor":22,"turns":6},{"damage":29,"enemies":"Gremlin Leader","floor":23,"turns":3}],"seed_played":"8919226832248714519","potions_obtained":[{"floor":3,"key":"SteroidPotion"},{"floor":8,"key":"LiquidBronze"},{"floor":12,"key":"SpeedPotion"},{"floor":13,"key":"BloodPotion"},{"floor":14,"key":"Swift Potion"}],"is_trial":false,"path_per_floor":["M","?","M","?","M","R","E","M","T","M","$","M","E","M","R","B",null,"M","$","M","?","M","E"],"character_chosen":"IRONCLAD","items_purchased":["Centennial Puzzle","Fire Potion","Battle Trance"],"campfire_rested":0,"item_purchase_floors":[11,11,19],"current_hp_per_floor":[76,64,67,67,62,62,39,40,40,40,40,36,33,34,34,27,69,62,62,39,39,21,0],"gold":139,"neow_bonus":"ONE_RANDOM_RARE_CARD","is_prod":false,"is_daily":false,"chose_seed":false,"campfire_upgraded":2,"win_rate":0,"timestamp":1550098495,"path_taken":["M","?","M","?","M","R","E","M","T","?","$","M","E","M","R","BOSS","M","$","M","?","M","E"],"build_version":"2019-01-23","purchased_purges":2,"victory":false,"max_hp_per_floor":[80,80,80,80,80,80,80,80,80,80,80,80,80,83,83,83,83,83,83,86,86,89,89],"card_choices":[{"not_picked":["Cleave","True Grit"],"picked":"Metallicize","floor":1},{"not_picked":["Twin Strike","True Grit","Evolve"],"picked":"SKIP","floor":3},{"not_picked":["Hemokinesis","True Grit"],"picked":"Anger","floor":5},{"not_picked":["Rampage","Burning Pact"],"picked":"Flex","floor":7},{"not_picked":["Rage","Headbutt"],"picked":"Shrug It Off","floor":8},{"not_picked":["Flex","Iron Wave"],"picked":"Disarm","floor":10},{"not_picked":["Pommel Strike","Hemokinesis"],"picked":"Feed","floor":12},{"not_picked":["Searing Blow","Dropkick"],"picked":"Metallicize","floor":13},{"not_picked":["Twin Strike","Havoc","Headbutt"],"picked":"SKIP","floor":14},{"not_picked":["Twin Strike","Havoc","Headbutt"],"picked":"SKIP","floor":14},{"not_picked":["Limit Break","Fiend Fire"],"picked":"Offering","floor":16},{"not_picked":["Armaments","Thunderclap+1"],"picked":"Whirlwind","floor":18},{"not_picked":["True Grit","Combust","Wild Strike"],"picked":"SKIP","floor":20},{"not_picked":["Havoc+1","Headbutt+1"],"picked":"Offering","floor":22}],"player_experience":299873,"relics_obtained":[{"floor":7,"key":"Tiny Chest"},{"floor":9,"key":"Potion Belt"},{"floor":9,"key":"Regal Pillow"},{"floor":13,"key":"Vajra"}],"event_choices":[{"damage_healed":0,"gold_gain":0,"player_choice":"Success","damage_taken":12,"relics_obtained":["Matryoshka"],"max_hp_gain":0,"max_hp_loss":0,"event_name":"Scrap Ooze","floor":2,"gold_loss":0},{"damage_healed":0,"gold_gain":0,"player_choice":"1 cards matched","damage_taken":0,"max_hp_gain":0,"max_hp_loss":0,"event_name":"Match and Keep!","floor":4,"gold_loss":0,"cards_obtained":["Impatience"]},{"damage_healed":0,"gold_gain":99,"player_choice":"Stole From Cult","damage_taken":0,"max_hp_gain":0,"max_hp_loss":0,"event_name":"Nest","floor":21,"gold_loss":0}],"is_beta":false,"boss_relics":[{"not_picked":["Calling Bell","Empty Cage"],"picked":"Runic Cube"}],"items_purged_floors":[11,19],"is_endless":false,"potions_floor_spawned":[3,8,12,13,14],"killed_by":"Gremlin Leader","ascension_level":11}