{"gold_per_floor":[117,117,129,148,163,192,212,232,232,232],"floor_reached":10,"playtime":275,"items_purged":[],"score":144,"play_id":"f66206c6-0010-4243-bc9c-c75b83a36933","local_time":"20181217104635","is_ascension_mode":true,"campfire_choices":[],"neow_cost":"NONE","seed_source_timestamp":319163218946373,"circlet_count":0,"master_deck":["AscendersBane","Strike_B","Strike_B","Strike_B","Strike_B","Defend_B","Defend_B","Defend_B","Zap","Dualcast","Rip and Tear","FTL","Chaos","Cold Snap","Self Repair","Go for the Eyes","Capacitor","Echo Form"],"relics":["Cracked Core","Mango","Art of War","Girya"],"potions_floor_usage":[5,10,10],"damage_taken":[{"damage":3,"enemies":"2 Louse","floor":1,"turns":2},{"damage":0,"enemies":"Cultist","floor":3,"turns":3},{"damage":7,"enemies":"Small Slimes","floor":4,"turns":3},{"damage":10,"enemies":"Gremlin Gang","floor":5,"turns":3},{"damage":18,"enemies":"Lagavulin","floor":6,"turns":5},{"damage":9,"enemies":"Looter","floor":7,"turns":3},{"damage":6,"enemies":"Large Slime","floor":8,"turns":5},{"damage":60,"enemies":"Gremlin Nob","floor":10,"turns":4}],"seed_played":"-1210102518723412018","potions_obtained":[{"floor":1,"key":"Strength Potion"},{"floor":4,"key":"SneckoOil"},{"floor":6,"key":"Regen Potion"}],"is_trial":false,"path_per_floor":["M","?","M","M","M","E","M","M","T","E"],"character_chosen":"DEFECT","items_purchased":[],"campfire_rested":0,"item_purchase_floors":[],"current_hp_per_floor":[61,57,57,50,40,29,27,28,28,0],"gold":232,"neow_bonus":"TRANSFORM_CARD","is_prod":false,"is_daily":false,"chose_seed":false,"campfire_upgraded":0,"win_rate":0,"timestamp":1545011195,"path_taken":["M","?","M","M","M","E","M","M","T","E"],"build_version":"2018-12-13","purchased_purges":0,"victory":false,"max_hp_per_floor":[71,85,85,85,85,85,85,85,85,85],"card_choices":[{"not_picked":["Recycle","Skim"],"picked":"FTL","floor":1},{"not_picked":["Beam Cell","Sunder"],"picked":"Chaos","floor":3},{"not_picked":["Reprogram","Redo"],"picked":"Cold Snap","floor":4},{"not_picked":["Redo","Steam"],"picked":"Self Repair","floor":5},{"not_picked":["Undo","Barrage"],"picked":"Go for the Eyes","floor":6},{"not_picked":["Heatsinks","Chill"],"picked":"Capacitor","floor":7},{"not_picked":["Cold Snap","Streamline"],"picked":"Echo Form","floor":8}],"player_experience":808503,"relics_obtained":[{"floor":6,"key":"Art of War"},{"floor":9,"key":"Girya"}],"event_choices":[{"damage_healed":0,"gold_gain":0,"player_choice":"Success","damage_taken":18,"relics_obtained":["Mango"],"max_hp_gain":0,"max_hp_loss":0,"event_name":"Scrap Ooze","floor":2,"gold_loss":0}],"is_beta":false,"boss_relics":[],"items_purged_floors":[],"is_endless":false,"potions_floor_spawned":[1,4,6],"killed_by":"Gremlin Nob","ascension_level":20}