{"gold_per_floor":[110,110,124,143,158,158,187,207,231,250,260,287,307,307,307,404,404,421,436,121,133,145,145,158,158,158,191,201,217,217,249,249,346,396,413,413,688,89,102,102,131,150,150,166,76,76,39,66,66,66,66,66,66,98,98],"floor_reached":56,"playtime":6918,"items_purged":["Strike_B","Regret"],"score":1969,"play_id":"5435aecd-6358-4fcf-b7d1-437248cf5d17","local_time":"20181225221116","is_ascension_mode":true,"campfire_choices":[{"data":"Defragment","floor":6.0,"key":"SMITH"},{"floor":15.0,"key":"REST"},{"data":"Zap","floor":23.0,"key":"SMITH"},{"data":"Consume","floor":25.0,"key":"SMITH"},{"data":"Echo Form","floor":30.0,"key":"SMITH"},{"floor":32.0,"key":"REST"},{"data":"Seek","floor":40.0,"key":"SMITH"},{"floor":46.0,"key":"RECALL"},{"data":"Fission","floor":49,"key":"SMITH"},{"data":"Storm","floor":52,"key":"SMITH"}],"neow_cost":"NONE","seed_source_timestamp":0,"circlet_count":0,"master_deck":["AscendersBane","Strike_B","Defend_B","Defend_B","Defend_B","Defend_B","Zap+1","Dualcast+1","Defragment+1","Compile Driver","Genetic Algorithm","Chill","Buffer+1","Cold Snap+1","Self Repair","Reinforced Body","Ball Lightning","Echo Form+1","Glacier+1","Consume+1","Biased Cognition","Seek+1","Loop","Blizzard","Fission+1","Ball Lightning+1","Storm+1","Fusion+1","White Noise"],"special_seed":0,"relics":["Cracked Core","Art of War","Dead Branch","Bag of Marbles","Regal Pillow","Sozu","Mummified Hand","Ancient Tea Set","Mango","Tiny House","Runic Capacitor","Happy Flower","Symbiotic Virus","Bottled Flame","Nunchaku","Bag of Preparation"],"potions_floor_usage":[],"damage_taken":[{"damage":0.0,"enemies":"2 Louse","floor":1.0,"turns":1.0},{"damage":1.0,"enemies":"Cultist","floor":3.0,"turns":3.0},{"damage":7.0,"enemies":"Small Slimes","floor":4.0,"turns":3.0},{"damage":15.0,"enemies":"2 Fungi Beasts","floor":5.0,"turns":4.0},{"damage":16.0,"enemies":"Gremlin Nob","floor":7.0,"turns":3.0},{"damage":5.0,"enemies":"Blue Slaver","floor":8.0,"turns":4.0},{"damage":9.0,"enemies":"Red Slaver","floor":10.0,"turns":3.0},{"damage":8.0,"enemies":"Exordium Wildlife","floor":11.0,"turns":5.0},{"damage":2.0,"enemies":"Lagavulin","floor":12.0,"turns":7.0},{"damage":11.0,"enemies":"Exordium Thugs","floor":13.0,"turns":6.0},{"damage":0.0,"enemies":"The Guardian","floor":16.0,"turns":10.0},{"damage":1.0,"enemies":"3 Byrds","floor":18.0,"turns":6.0},{"damage":12.0,"enemies":"2 Thieves","floor":19.0,"turns":4.0},{"damage":16.0,"enemies":"3 Cultists","floor":21.0,"turns":7.0},{"damage":3.0,"enemies":"Sentry and Sphere","floor":22.0,"turns":5.0},{"damage":0.0,"enemies":"Snecko","floor":24.0,"turns":6.0},{"damage":10.0,"enemies":"Gremlin Leader","floor":27.0,"turns":6.0},{"damage":0.0,"enemies":"Centurion and Healer","floor":28.0,"turns":8.0},{"damage":0.0,"enemies":"3 Cultists","floor":29.0,"turns":4.0},{"damage":36.0,"enemies":"Slavers","floor":31.0,"turns":9.0},{"damage":44.0,"enemies":"Collector","floor":33.0,"turns":23.0},{"damage":0.0,"enemies":"Orb Walker","floor":35.0,"turns":4.0},{"damage":12.0,"enemies":"3 Shapes","floor":39.0,"turns":5.0},{"damage":0.0,"enemies":"Reptomancer","floor":41.0,"turns":8.0},{"damage":17.0,"enemies":"Jaw Worm Horde","floor":42.0,"turns":5.0},{"damage":3.0,"enemies":"Sphere and 2 Shapes","floor":44.0,"turns":6.0},{"damage":8.0,"enemies":"Giant Head","floor":48.0,"turns":9.0},{"damage":18,"enemies":"Awakened One","floor":50,"turns":12},{"damage":5,"enemies":"Shield and Spear","floor":54,"turns":4},{"damage":50,"enemies":"The Heart","floor":55,"turns":9}],"seed_played":"3354415336910855188","potions_obtained":[{"floor":2.0,"key":"Fruit Juice"},{"floor":2.0,"key":"Ancient Potion"},{"floor":2.0,"key":"Explosive Potion"},{"floor":8.0,"key":"Swift Potion"},{"floor":10.0,"key":"Regen Potion"},{"floor":16.0,"key":"GamblersBrew"}],"is_trial":false,"path_per_floor":["M","?","M","M","M","R","E","M","T","M","M","E","M","?","R","B",null,"M","M","$","M","M","R","M","R","T","E","M","M","R","E","R","B",null,"M","?","?","$","M","R","E","M","T","M","?","R","$","E","R","B",null,"R","$","E","B",null],"character_chosen":"DEFECT","items_purchased":["Mummified Hand","Runic Capacitor","Loop","Blizzard","Happy Flower","Storm"],"campfire_rested":2,"item_purchase_floors":[20,38,38,38,38,47],"current_hp_per_floor":[68,73,72,65,50,50,34,29,29,20,12,32,28,28,67,74,79,80,75,75,59,63,63,70,70,70,67,74,80,80,65,94,64,92,99,99,99,99,99,99,99,96,96,99,99,99,99,98,98,80,94,94,94,96,53],"gold":98,"neow_bonus":"RANDOM_COMMON_RELIC","is_prod":false,"is_daily":false,"chose_seed":false,"campfire_upgraded":7,"win_rate":0,"timestamp":1545804676,"path_taken":["M","?","M","M","M","R","E","M","T","?","M","E","M","?","R","BOSS","M","?","$","M","M","R","M","R","T","E","M","M","R","E","R","BOSS","M","?","?","$","?","R","E","M","T","M","?","R","?","E","R","BOSS","R","$","E","BOSS"],"build_version":"2018-12-20","purchased_purges":2,"victory":true,"max_hp_per_floor":[75,80,80,80,80,80,80,80,80,80,80,80,80,80,80,80,80,80,80,80,80,80,80,80,80,80,80,80,80,80,94,94,94,99,99,99,99,99,99,99,99,99,99,99,99,99,99,99,99,99,99,99,99,99,99],"card_choices":[{"not_picked":["Rebound","Stack"],"picked":"Defragment","floor":1.0},{"not_picked":["Barrage","Leap"],"picked":"Compile Driver","floor":3.0},{"not_picked":["Hologram","Turbo"],"picked":"Genetic Algorithm","floor":4.0},{"not_picked":["Steam","Rebound","Glacier"],"picked":"SKIP","floor":5.0},{"not_picked":["Rebound","Barrage"],"picked":"Chill","floor":7.0},{"not_picked":["Conserve Battery","Rip and Tear"],"picked":"Buffer","floor":8.0},{"not_picked":["Undo","Turbo"],"picked":"Cold Snap","floor":10.0},{"not_picked":["Glacier","Compile Driver"],"picked":"Self Repair","floor":11.0},{"not_picked":["Beam Cell","Lockon"],"picked":"Reinforced Body","floor":12.0},{"not_picked":["Rebound","Skim"],"picked":"Ball Lightning","floor":13.0},{"not_picked":["Multi-Cast","Core Surge"],"picked":"Echo Form","floor":16.0},{"not_picked":["Steam","White Noise","Leap"],"picked":"SKIP","floor":18.0},{"not_picked":["Coolheaded","Streamline"],"picked":"Glacier+1","floor":19.0},{"not_picked":["Stack+1","Rebound","Darkness+1"],"picked":"SKIP","floor":21.0},{"not_picked":["Aggregate","Streamline+1"],"picked":"Consume","floor":22.0},{"not_picked":["Skim","Redo"],"picked":"Biased Cognition","floor":24.0},{"not_picked":["Conserve Battery","Darkness","Stack"],"picked":"SKIP","floor":27.0},{"not_picked":["Redo","Undo","Conserve Battery"],"picked":"SKIP","floor":28.0},{"not_picked":["Rainbow","Rebound","Beam Cell"],"picked":"SKIP","floor":29.0},{"not_picked":["Conserve Battery","Rebound","Go for the Eyes"],"picked":"SKIP","floor":31.0},{"not_picked":["Machine Learning","Rainbow"],"picked":"Seek","floor":33.0},{"not_picked":["Steam Power","Sweeping Beam","Gash"],"picked":"SKIP","floor":35.0},{"not_picked":["Static Discharge+1","Melter","Leap"],"picked":"SKIP","floor":39.0},{"not_picked":["Consume","Defragment+1"],"picked":"Fission","floor":41.0},{"not_picked":["Glacier+1","Fusion"],"picked":"Ball Lightning+1","floor":42.0},{"not_picked":["Stack+1","Chaos","Cold Snap"],"picked":"SKIP","floor":44.0},{"not_picked":["Compile Driver+1","Coolheaded"],"picked":"Fusion+1","floor":48.0},{"not_picked":["Rainbow","Go for the Eyes"],"picked":"White Noise","floor":54}],"player_experience":802279,"relics_obtained":[{"floor":7.0,"key":"Dead Branch"},{"floor":9.0,"key":"Bag of Marbles"},{"floor":12.0,"key":"Regal Pillow"},{"floor":27.0,"key":"Ancient Tea Set"},{"floor":31.0,"key":"Mango"},{"floor":41.0,"key":"Symbiotic Virus"},{"floor":43.0,"key":"Bottled Flame"},{"floor":48.0,"key":"Nunchaku"},{"floor":54,"key":"Bag of Preparation"}],"event_choices":[{"damage_healed":0.0,"max_hp_gain":0.0,"max_hp_loss":0.0,"gold_gain":0.0,"event_name":"Lab","player_choice":"Got Potions","floor":2.0,"gold_loss":0.0,"damage_taken":0.0},{"damage_healed":0.0,"max_hp_gain":0.0,"max_hp_loss":0.0,"gold_gain":0.0,"event_name":"Upgrade Shrine","player_choice":"Upgraded","floor":14.0,"gold_loss":0.0,"damage_taken":0.0,"cards_upgraded":["Buffer"]},{"cards_removed":["Strike_B"],"damage_healed":0.0,"max_hp_gain":0.0,"max_hp_loss":0.0,"gold_gain":0.0,"event_name":"Falling","player_choice":"Removed Attack","floor":36.0,"gold_loss":0.0,"damage_taken":0.0},{"damage_healed":0.0,"max_hp_gain":0.0,"max_hp_loss":0.0,"gold_gain":275.0,"event_name":"Golden Shrine","player_choice":"Desecrate","floor":37.0,"gold_loss":0.0,"damage_taken":0.0,"cards_obtained":["Regret"]},{"cards_removed":["Strike_B"],"damage_healed":0.0,"max_hp_gain":0.0,"max_hp_loss":0.0,"gold_gain":0.0,"event_name":"Designer","player_choice":"Upgrade and Remove","floor":45.0,"gold_loss":90.0,"damage_taken":0.0,"cards_upgraded":["Cold Snap"]}],"is_beta":false,"boss_relics":[{"not_picked":["Pandora\u0027s Box","Coffee Dripper"],"picked":"Sozu"},{"not_picked":["Velvet Choker","White Beast Statue"],"picked":"Tiny House"}],"items_purged_floors":[20,38],"is_endless":false,"potions_floor_spawned":[5,8,10,11,16,19,21,24,31,39,41,42,54],"ascension_level":12}