{"gold_per_floor":[109,109,125,136,15,40,60,90,140,140,140,140,159,181,181,279,279,292,4,4,20,34,34,64,64,115,115,147,158,176,207,207,308,308,325,325,371,385,20,53,0,0,0,26,40,40,55,78,78,78],"floor_reached":50,"playtime":2716,"items_purged":[],"score":674,"play_id":"a005a1ad-9422-4109-90f4-dfd28838629e","local_time":"20181112194729","is_ascension_mode":true,"campfire_choices":[{"data":"Noxious Fumes","floor":10,"key":"SMITH"},{"data":"Flying Knee","floor":12,"key":"SMITH"},{"floor":15,"key":"REST"},{"data":"Infinite Blades","floor":23,"key":"SMITH"},{"data":"Accuracy","floor":27,"key":"SMITH"},{"data":"Envenom","floor":32,"key":"SMITH"},{"data":"Accuracy","floor":42,"key":"SMITH"},{"data":"Noxious Fumes","floor":49,"key":"SMITH"}],"neow_cost":"NONE","seed_source_timestamp":618938767847301,"circlet_count":0,"master_deck":["Defend_G","Defend_G","Defend_G","Defend_G","Defend_G+1","Strike_G","Strike_G","Strike_G","Survivor","Neutralize","Flying Knee+1","Dagger Throw","Deflect+1","Poisoned Stab","Noxious Fumes+1","PiercingWail+1","Flying Knee","Leg Sweep+1","Noxious Fumes+1","Deadly Poison+1","Storm of Steel+1","Blade Dance+1","Infinite Blades+1","PiercingWail+1","Endless Agony","Malaise+1","Cloak And Dagger+1","Slice","Outmaneuver+1","Accuracy+1","Caltrops+1","Underhanded Strike","Envenom+1","Night Terror+1","Flechettes+1","Crippling Poison+1","Noxious Fumes","Accuracy+1","Mayhem","Terror+1","Dagger Throw","PiercingWail+1","Bouncing Flask+1","Escape Plan+1","Caltrops"],"relics":["Ring of the Snake","NeowsBlessing","FossilizedHelix","Toxic Egg 2","Lantern","Centennial Puzzle","Odd Mushroom","Eternal Feather","TwistedFunnel","Art of War","Omamori","Ginger","Mummified Hand","Runic Pyramid","Tough Bandages","StoneCalendar","Red Mask","Ornamental Fan","PreservedInsect","Juzu Bracelet"],"potions_floor_usage":[16,16,28,33,37,38,40,40,50],"damage_taken":[{"damage":0,"enemies":"Jaw Worm","floor":1,"turns":1},{"damage":0,"enemies":"Cultist","floor":3,"turns":1},{"damage":0,"enemies":"2 Louse","floor":4,"turns":1},{"damage":9,"enemies":"3 Sentries","floor":6,"turns":9},{"damage":4,"enemies":"Blue Slaver","floor":7,"turns":4},{"damage":14,"enemies":"Lagavulin","floor":8,"turns":8},{"damage":0,"enemies":"3 Louse","floor":13,"turns":2},{"damage":7,"enemies":"The Mushroom Lair","floor":14,"turns":4},{"damage":5,"enemies":"The Guardian","floor":16,"turns":9},{"damage":4,"enemies":"3 Byrds","floor":18,"turns":4},{"damage":5,"enemies":"2 Thieves","floor":21,"turns":4},{"damage":15,"enemies":"Centurion and Healer","floor":22,"turns":5},{"damage":16,"enemies":"Gremlin Leader","floor":24,"turns":6},{"damage":7,"enemies":"Book of Stabbing","floor":28,"turns":4},{"damage":6,"enemies":"Snecko","floor":29,"turns":5},{"damage":0,"enemies":"Cultist and Chosen","floor":30,"turns":4},{"damage":12,"enemies":"Gremlin Leader","floor":31,"turns":5},{"damage":43,"enemies":"Automaton","floor":33,"turns":8},{"damage":7,"enemies":"3 Darklings","floor":35,"turns":4},{"damage":25,"enemies":"2 Orb Walkers","floor":37,"turns":5},{"damage":0,"enemies":"3 Shapes","floor":38,"turns":3},{"damage":0,"enemies":"Reptomancer","floor":40,"turns":5},{"damage":0,"enemies":"Nemesis","floor":44,"turns":5},{"damage":0,"enemies":"Maw","floor":45,"turns":6},{"damage":0,"enemies":"Transient","floor":47,"turns":5},{"damage":71,"enemies":"Awakened One","floor":50,"turns":5}],"seed_played":"4395243364036599256","potions_obtained":[{"floor":1,"key":"Strength Potion"},{"floor":6,"key":"SteroidPotion"},{"floor":7,"key":"GamblersBrew"},{"floor":14,"key":"SteroidPotion"},{"floor":24,"key":"LiquidBronze"},{"floor":28,"key":"Poison Potion"},{"floor":31,"key":"Ancient Potion"},{"floor":37,"key":"EssenceOfSteel"},{"floor":38,"key":"SkillPotion"},{"floor":45,"key":"PowerPotion"},{"floor":47,"key":"Dexterity Potion"}],"is_trial":false,"path_per_floor":["M","?","M","M","$","E","M","E","T","R","?","R","M","?","R","B",null,"M","$","?","M","M","R","E","?","T","R","E","M","M","E","R","B",null,"M","?","?","M","$","E","?","R","T","E","M","$","M","T","R","B"],"character_chosen":"THE_SILENT","items_purchased":["Poisoned Stab","Noxious Fumes","TwistedFunnel","Infinite Blades","PiercingWail+1","Accuracy","Mayhem","Terror+1","Dagger Throw"],"campfire_rested":1,"item_purchase_floors":[5,5,19,19,19,39,39,39,39],"current_hp_per_floor":[70,70,70,70,70,61,57,43,43,43,29,29,29,22,43,38,70,66,66,66,61,46,61,45,45,45,63,56,50,50,38,56,13,70,63,63,38,38,38,38,38,62,62,62,62,62,62,62,70,0],"gold":78,"neow_bonus":"THREE_ENEMY_KILL","is_prod":false,"is_daily":false,"chose_seed":false,"campfire_upgraded":7,"win_rate":0,"timestamp":1542014249,"path_taken":["M","?","M","?","$","E","M","E","T","R","?","R","M","?","R","BOSS","M","$","?","M","M","R","E","?","T","R","E","M","M","E","R","BOSS","M","?","?","M","$","E","?","R","T","E","M","$","M","?","R","BOSS"],"build_version":"2018-11-08","purchased_purges":0,"victory":false,"max_hp_per_floor":[70,70,70,70,70,70,70,70,70,70,70,70,70,70,70,70,70,70,70,70,70,70,70,70,70,70,70,70,70,70,70,70,70,70,70,70,70,70,70,70,70,70,70,70,70,70,70,70,70,70],"card_choices":[{"not_picked":["Deflect","Bane"],"picked":"Flying Knee","floor":1},{"not_picked":["Outmaneuver","Quick Slash"],"picked":"Dagger Throw","floor":3},{"not_picked":["Acrobatics","Deadly Poison"],"picked":"Deflect","floor":4},{"not_picked":["Deflect","Choke"],"picked":"PiercingWail","floor":6},{"not_picked":["Acrobatics+1","Slice"],"picked":"Flying Knee","floor":7},{"not_picked":["Flying Knee","Distraction+1"],"picked":"Leg Sweep+1","floor":8},{"not_picked":["Acrobatics+1","Calculated Gamble+1"],"picked":"Noxious Fumes","floor":13},{"not_picked":["Distraction+1","Night Terror+1"],"picked":"Deadly Poison+1","floor":14},{"not_picked":["Die Die Die","Doppelganger+1"],"picked":"Storm of Steel+1","floor":16},{"not_picked":["Flechettes+1","Concentrate+1"],"picked":"Blade Dance+1","floor":18},{"not_picked":["Bane","Slice"],"picked":"Cloak And Dagger+1","floor":21},{"not_picked":["Tactician+1","Acrobatics+1"],"picked":"Slice","floor":22},{"not_picked":["Sucker Punch","Backflip+1"],"picked":"Outmaneuver+1","floor":24},{"not_picked":["Bane","Bouncing Flask+1"],"picked":"Caltrops+1","floor":28},{"not_picked":["Choke","Dodge and Roll+1"],"picked":"Underhanded Strike","floor":29},{"not_picked":["Dagger Spray+1","Dodge and Roll+1"],"picked":"Envenom","floor":30},{"not_picked":["Masterful Stab+1","Sucker Punch"],"picked":"Backstab+1","floor":31},{"not_picked":["Phantasmal Killer+1","Wraith Form v2"],"picked":"Night Terror+1","floor":33},{"not_picked":["Sucker Punch+1","Heel Hook+1"],"picked":"Flechettes+1","floor":35},{"not_picked":["Noxious Fumes","Footwork"],"picked":"Crippling Poison+1","floor":37},{"not_picked":["Finisher+1","Bouncing Flask+1"],"picked":"Noxious Fumes","floor":38},{"not_picked":["Choke+1","Sucker Punch"],"picked":"PiercingWail+1","floor":40},{"not_picked":["Quick Slash+1","Expertise+1"],"picked":"Bouncing Flask+1","floor":44},{"not_picked":["Concentrate+1","Poisoned Stab"],"picked":"Escape Plan+1","floor":45},{"not_picked":["Reflex+1","Acrobatics+1"],"picked":"Caltrops","floor":47}],"player_experience":395608,"relics_obtained":[{"floor":6,"key":"Toxic Egg 2"},{"floor":8,"key":"Lantern"},{"floor":9,"key":"Centennial Puzzle"},{"floor":14,"key":"Odd Mushroom"},{"floor":24,"key":"Art of War"},{"floor":26,"key":"Omamori"},{"floor":28,"key":"Ginger"},{"floor":31,"key":"Mummified Hand"},{"floor":37,"key":"Tough Bandages"},{"floor":40,"key":"StoneCalendar"},{"floor":43,"key":"Ornamental Fan"},{"floor":44,"key":"PreservedInsect"},{"floor":48,"key":"Juzu Bracelet"}],"event_choices":[{"damage_healed":0,"gold_gain":0,"player_choice":"Gave Potion","damage_taken":0,"relics_obtained":["FossilizedHelix"],"max_hp_gain":0,"max_hp_loss":0,"event_name":"WeMeetAgain","floor":2,"gold_loss":0},{"damage_healed":0,"gold_gain":0,"player_choice":"Entered Light","damage_taken":14,"max_hp_gain":0,"max_hp_loss":0,"event_name":"Shining Light","floor":11,"gold_loss":0,"cards_upgraded":["Deflect","Defend_G"]},{"damage_healed":0,"gold_gain":0,"player_choice":"Fought Mushrooms","damage_taken":0,"max_hp_gain":0,"max_hp_loss":0,"event_name":"Mushrooms","floor":14,"gold_loss":0},{"damage_healed":0,"gold_gain":0,"cards_transformed":["Strike_G","Strike_G"],"player_choice":"Became Test Subject","damage_taken":0,"max_hp_gain":0,"max_hp_loss":0,"event_name":"Drug Dealer","floor":20,"gold_loss":0,"cards_obtained":["Endless Agony","Malaise"]},{"damage_healed":0,"gold_gain":0,"player_choice":"Read","damage_taken":0,"max_hp_gain":0,"max_hp_loss":0,"event_name":"The Library","floor":25,"gold_loss":0,"cards_obtained":["Accuracy"]},{"cards_removed":["Backstab"],"damage_healed":0,"gold_gain":0,"player_choice":"Removed Attack","damage_taken":0,"max_hp_gain":0,"max_hp_loss":0,"event_name":"Falling","floor":36,"gold_loss":0},{"damage_healed":0,"gold_gain":0,"player_choice":"Fight","damage_taken":0,"max_hp_gain":0,"max_hp_loss":0,"event_name":"Mysterious Sphere","floor":37,"gold_loss":0},{"damage_healed":0,"gold_gain":0,"player_choice":"Paid","damage_taken":0,"relics_obtained":["Red Mask"],"max_hp_gain":0,"max_hp_loss":0,"event_name":"Tomb of Lord Red Mask","floor":41,"gold_loss":53}],"is_beta":false,"boss_relics":[{"not_picked":["Ectoplasm","Runic Dome"],"picked":"Eternal Feather"},{"not_picked":["Sozu","Coffee Dripper"],"picked":"Runic Pyramid"}],"items_purged_floors":[],"is_endless":false,"potions_floor_spawned":[1,6,7,14,24,28,31,37,38,45,47],"killed_by":"Awakened One","ascension_level":1}