{"gold_per_floor":[116,126,136,150,167,194,194,194,217,217,243,267,279,256,268,356,368,398,428,87,99,99,99,0,0,0,0,10,30,45,3,3,3],"floor_reached":33,"playtime":1900,"items_purged":["Strike_B"],"score":479,"play_id":"0935393f-a2be-4957-a080-bf78dbac26be","local_time":"20190214203107","is_ascension_mode":true,"campfire_choices":[{"floor":7.0,"key":"REST"},{"floor":13.0,"key":"REST"},{"data":"Coolheaded","floor":15.0,"key":"SMITH"},{"floor":23,"key":"REST"},{"floor":25,"key":"REST"},{"floor":32,"key":"REST"}],"neow_cost":"NONE","seed_source_timestamp":243121760254800,"circlet_count":0,"master_deck":["AscendersBane","Strike_B","Strike_B","Strike_B","Defend_B","Defend_B","Defend_B","Defend_B","Zap+1","Dualcast","Hologram","Conserve Battery","Go for the Eyes","Coolheaded+1","BootSequence","Reinforced Body","Streamline","Creative AI","Leap","Cold Snap","Dark Shackles","Barrage","Biased Cognition","Storm+1","Heatsinks+1","Machine Learning","Melter"],"special_seed":0,"relics":["Cracked Core","Happy Flower","Bag of Marbles","Omamori","MawBank","Inserter","Boot","Mummified Hand"],"potions_floor_usage":[28,28,30],"damage_taken":[{"damage":3.0,"enemies":"Small Slimes","floor":1.0,"turns":4.0},{"damage":9.0,"enemies":"Jaw Worm","floor":2.0,"turns":4.0},{"damage":1.0,"enemies":"2 Louse","floor":3.0,"turns":3.0},{"damage":14.0,"enemies":"Gremlin Gang","floor":4.0,"turns":6.0},{"damage":3.0,"enemies":"Large Slime","floor":5.0,"turns":5.0},{"damage":25.0,"enemies":"3 Sentries","floor":6.0,"turns":11.0},{"damage":47.0,"enemies":"Gremlin Nob","floor":11.0,"turns":5.0},{"damage":0.0,"enemies":"Blue Slaver","floor":12.0,"turns":5.0},{"damage":21.0,"enemies":"The Guardian","floor":16.0,"turns":13.0},{"damage":13.0,"enemies":"Chosen","floor":18.0,"turns":5.0},{"damage":27.0,"enemies":"2 Thieves","floor":19.0,"turns":5.0},{"damage":8,"enemies":"Centurion and Healer","floor":21,"turns":10},{"damage":4,"enemies":"Snake Plant","floor":28,"turns":5},{"damage":29,"enemies":"Chosen and Byrds","floor":29,"turns":7},{"damage":5,"enemies":"Cultist and Chosen","floor":30,"turns":5},{"damage":43,"enemies":"Collector","floor":33,"turns":3}],"seed_played":"-6541160209239137722","potions_obtained":[{"floor":2.0,"key":"FocusPotion"},{"floor":4.0,"key":"Fire Potion"},{"floor":5.0,"key":"Dexterity Potion"},{"floor":12.0,"key":"Weak Potion"},{"floor":21,"key":"LiquidBronze"},{"floor":28,"key":"SneckoOil"},{"floor":29,"key":"AttackPotion"}],"is_trial":false,"path_per_floor":["M","M","M","M","M","E","R","?","T","?","E","M","R","?","R","B",null,"M","M","$","M","?","R","?","R","T","?","M","M","M","$","R","B"],"character_chosen":"DEFECT","items_purchased":["Boot","Dark Shackles","Melter"],"campfire_rested":5,"item_purchase_floors":[20,20,31],"current_hp_per_floor":[61,52,51,37,34,9,30,53,53,48,1,1,22,39,39,18,58,45,18,18,10,10,31,31,52,52,52,48,19,14,14,35,0],"gold":3,"neow_bonus":"UPGRADE_CARD","is_prod":false,"is_daily":false,"chose_seed":false,"campfire_upgraded":1,"win_rate":0,"timestamp":1550205067,"path_taken":["M","M","M","M","M","E","R","?","T","?","E","M","R","?","R","BOSS","M","M","$","M","?","R","?","R","T","?","M","M","?","$","R","BOSS"],"build_version":"2019-01-23","purchased_purges":1,"victory":false,"max_hp_per_floor":[71,71,71,71,71,71,71,71,71,71,71,71,71,71,71,71,71,71,71,71,71,71,71,71,71,71,71,71,71,71,71,71,71],"card_choices":[{"not_picked":["Sweeping Beam","Turbo"],"picked":"Hologram","floor":1.0},{"not_picked":["Darkness","Reprogram"],"picked":"Conserve Battery","floor":2.0},{"not_picked":["Coolheaded","Scrape"],"picked":"Go for the Eyes","floor":3.0},{"not_picked":["Rainbow","Hello World","Steam Power"],"picked":"SKIP","floor":4.0},{"not_picked":["Reprogram","Recycle"],"picked":"Coolheaded","floor":5.0},{"not_picked":["Rip and Tear","Force Field"],"picked":"BootSequence","floor":6.0},{"not_picked":["Aggregate","Fission"],"picked":"Reinforced Body","floor":11.0},{"not_picked":["Double Energy","Hello World"],"picked":"Streamline","floor":12.0},{"not_picked":["Buffer","Reboot"],"picked":"Creative AI","floor":16.0},{"not_picked":["Beam Cell","Redo"],"picked":"Leap","floor":18.0},{"not_picked":["Reprogram+1","Rebound"],"picked":"Cold Snap","floor":19.0},{"not_picked":["Coolheaded","Steam"],"picked":"Barrage","floor":21},{"not_picked":["Coolheaded","Hologram"],"picked":"Storm+1","floor":28},{"not_picked":["Hologram","Rip and Tear"],"picked":"Heatsinks+1","floor":29},{"not_picked":["Recycle","Gash"],"picked":"Machine Learning","floor":30}],"player_experience":966328,"relics_obtained":[{"floor":6.0,"key":"Happy Flower"},{"floor":9.0,"key":"Bag of Marbles"},{"floor":11.0,"key":"MawBank"},{"floor":26,"key":"Mummified Hand"}],"event_choices":[{"damage_healed":23.0,"max_hp_gain":0.0,"max_hp_loss":0.0,"gold_gain":0.0,"event_name":"Big Fish","player_choice":"Banana","floor":8.0,"gold_loss":0.0,"damage_taken":0.0},{"damage_healed":0.0,"max_hp_gain":0.0,"max_hp_loss":0.0,"gold_gain":0.0,"event_name":"Scrap Ooze","player_choice":"Success","floor":10.0,"gold_loss":0.0,"damage_taken":5.0,"relics_obtained":["Omamori"]},{"damage_healed":17.0,"max_hp_gain":0.0,"max_hp_loss":0.0,"gold_gain":0.0,"event_name":"The Cleric","player_choice":"Healed","floor":14.0,"gold_loss":35.0,"damage_taken":0.0},{"damage_healed":0,"gold_gain":0,"player_choice":"Ignored","damage_taken":0,"max_hp_gain":0,"max_hp_loss":0,"event_name":"Cursed Tome","floor":22,"gold_loss":0},{"damage_healed":0,"gold_gain":0,"player_choice":"Paid Fearfully","damage_taken":0,"max_hp_gain":0,"max_hp_loss":0,"event_name":"Masked Bandits","floor":24,"gold_loss":99},{"damage_healed":0,"gold_gain":0,"player_choice":"1 cards matched","damage_taken":0,"max_hp_gain":0,"max_hp_loss":0,"event_name":"Match and Keep!","floor":27,"gold_loss":0,"cards_obtained":["Biased Cognition"]}],"is_beta":false,"boss_relics":[{"not_picked":["FrozenCore","Black Star"],"picked":"Inserter"}],"items_purged_floors":[20],"is_endless":false,"potions_floor_spawned":[2,4,5,12,21,28,29],"killed_by":"Collector","ascension_level":17}