{"gold_per_floor":[116,116,116,126,140,174,174,193,239,239,38,52,52,68,68,163,163,174,174,189,139,189,189],"floor_reached":23,"playtime":972,"items_purged":["True Grit+1"],"score":239,"play_id":"33c45a31-9525-4a5d-816b-800462e83a4e","local_time":"20181104063407","is_ascension_mode":true,"campfire_choices":[{"data":"True Grit","floor":7,"key":"SMITH"},{"floor":10,"key":"REST"},{"data":"Armaments","floor":13,"key":"SMITH"},{"data":"Juggernaut","floor":15,"key":"SMITH"}],"neow_cost":"NONE","seed_source_timestamp":85730525965272,"circlet_count":0,"master_deck":["Strike_R","Strike_R","Strike_R","Strike_R","Defend_R","Defend_R","Defend_R","Defend_R","Bash","Metallicize","Metallicize","Armaments+1","Cleave","Juggernaut+1","Juggernaut","Mind Blast"],"relics":["Burning Blood","NeowsBlessing","Question Card","Smiling Mask","Strawberry","Busted Crown"],"potions_floor_usage":[12,16],"damage_taken":[{"damage":0,"enemies":"Jaw Worm","floor":1,"turns":1},{"damage":0,"enemies":"2 Louse","floor":4,"turns":1},{"damage":0,"enemies":"Cultist","floor":5,"turns":1},{"damage":66,"enemies":"Gremlin Nob","floor":6,"turns":7},{"damage":20,"enemies":"Lots of Slimes","floor":8,"turns":9},{"damage":8,"enemies":"Blue Slaver","floor":12,"turns":7},{"damage":2,"enemies":"Gremlin Gang","floor":14,"turns":3},{"damage":36,"enemies":"The Guardian","floor":16,"turns":12},{"damage":13,"enemies":"Chosen","floor":18,"turns":5},{"damage":7,"enemies":"Spheric Guardian","floor":20,"turns":4},{"damage":54,"enemies":"Book of Stabbing","floor":23,"turns":4}],"seed_played":"560452176146603716","potions_obtained":[{"floor":6,"key":"Swift Potion"},{"floor":8,"key":"BloodPotion"},{"floor":12,"key":"Poison Potion"},{"floor":20,"key":"SpeedPotion"}],"is_trial":false,"path_per_floor":["M","?","?","M","M","E","R","M","T","R","$","M","R","M","R","B",null,"M","?","M","$","?","E"],"character_chosen":"IRONCLAD","items_purchased":["Armaments","Strawberry"],"campfire_rested":1,"item_purchase_floors":[11,11],"current_hp_per_floor":[80,85,85,85,85,25,25,11,11,36,43,50,50,54,54,24,75,68,50,49,49,49,0],"gold":189,"neow_bonus":"THREE_ENEMY_KILL","is_prod":false,"is_daily":false,"chose_seed":false,"campfire_upgraded":3,"win_rate":0,"timestamp":1541275447,"path_taken":["M","?","?","?","?","E","R","M","T","R","$","M","R","M","R","BOSS","M","?","?","$","?","E"],"build_version":"2018-11-01","purchased_purges":1,"victory":false,"max_hp_per_floor":[80,85,85,85,85,85,85,85,85,85,92,92,92,92,92,92,92,92,92,92,92,92,92],"card_choices":[{"not_picked":["Flex","Sword Boomerang"],"picked":"True Grit","floor":1},{"not_picked":["Headbutt","Corruption"],"picked":"Metallicize","floor":4},{"not_picked":["Shrug It Off","Evolve","Clothesline"],"picked":"SKIP","floor":5},{"not_picked":["Intimidate","Ghostly Armor","Body Slam"],"picked":"SKIP","floor":6},{"not_picked":["Wild Strike","Brutality","Shrug It Off","Flex"],"picked":"SKIP","floor":8},{"not_picked":["Clothesline","Inflame","Shrug It Off"],"picked":"Cleave","floor":12},{"not_picked":["Wild Strike","Warcry","Uppercut"],"picked":"Juggernaut","floor":14},{"not_picked":["Exhume","Double Tap","Offering"],"picked":"Juggernaut","floor":16},{"not_picked":["Perfected Strike+1","Clothesline"],"picked":"SKIP","floor":18},{"not_picked":["Heavy Blade","Headbutt+1"],"picked":"SKIP","floor":20}],"player_experience":370251,"relics_obtained":[{"floor":6,"key":"Question Card"},{"floor":9,"key":"Smiling Mask"}],"event_choices":[{"damage_healed":0,"gold_gain":0,"player_choice":"Donut","damage_taken":0,"max_hp_gain":5,"max_hp_loss":0,"event_name":"Big Fish","floor":2,"gold_loss":0},{"damage_healed":0,"gold_gain":0,"cards_transformed":["Strike_R"],"player_choice":"Transformed","damage_taken":0,"max_hp_gain":0,"max_hp_loss":0,"event_name":"Transmorgrifier","floor":3,"gold_loss":0,"cards_obtained":["Metallicize"]},{"damage_healed":0,"gold_gain":0,"player_choice":"CARD ","damage_taken":18,"max_hp_gain":0,"max_hp_loss":0,"event_name":"Knowing Skull","floor":19,"potions_obtained":[],"gold_loss":0,"cards_obtained":["Mind Blast"]},{"damage_healed":0,"gold_gain":100,"player_choice":"Bet on Murderer","damage_taken":0,"max_hp_gain":0,"max_hp_loss":0,"event_name":"The Joust","floor":22,"gold_loss":50}],"is_beta":false,"boss_relics":[{"not_picked":["Empty Cage","White Beast Statue"],"picked":"Busted Crown"}],"items_purged_floors":[21],"is_endless":false,"potions_floor_spawned":[6,8,12,20],"killed_by":"Book of Stabbing","ascension_level":5}