{"gold_per_floor":[110,110,126,76,76,76,106,170,248,268,284,284,298,311,311,409,409,421,439,439,364,63,89,189,203,203,203,203,218,218,234,234,333,333,351,351,369,724,724,750,762,774,786,811,849,878,890,913,925,937],"floor_reached":51,"playtime":3090,"items_purged":[],"score":772,"play_id":"1b59d2e9-d9ce-4018-8e68-d2f6259888e7","local_time":"20180824160105","is_ascension_mode":false,"campfire_choices":[{"data":"Bash","floor":6.0,"key":"SMITH"},{"data":"Anger","floor":12.0,"key":"SMITH"},{"data":"Carnage","floor":15,"key":"SMITH"},{"data":"Feed","floor":27,"key":"SMITH"},{"data":"Rampage","floor":32,"key":"SMITH"},{"floor":42,"key":"REST"},{"floor":47,"key":"REST"},{"floor":49,"key":"REST"}],"neow_cost":"NONE","seed_source_timestamp":0,"circlet_count":0,"master_deck":["Strike_R","Strike_R+1","Strike_R+1","Strike_R","Strike_R","Defend_R","Defend_R","Defend_R","Bash+1","Headbutt+1","Pummel+1","Headbutt","Thunderclap","Anger+1","Rampage+1","Cleave","Carnage+1","Feed+1","Clothesline+1","Headbutt","Rage","Flex+1","Flame Barrier+1","Feed","Clash+1","Madness","Madness","Barricade+1","Feed","Shrug It Off","Jack Of All Trades","Dual Wield+1","Limit Break","Twin Strike+1","Iron Wave+1"],"special_seed":0,"relics":["Burning Blood","Orichalcum","Blood Vial","Letter Opener","Gambling Chip","Matryoshka","Busted Crown","Anchor","Regal Pillow","Paper Frog","Ginger","Question Card","Happy Flower","Nloth\u0027s Gift","Frozen Egg 2","Oddly Smooth Stone","Fusion Hammer","Old Coin","MawBank","Bottled Lightning","Bottled Flame"],"potions_floor_usage":[23,23,23,38,38,50,50],"damage_taken":[{"damage":0.0,"enemies":"Cultist","floor":1.0,"turns":3.0},{"damage":9.0,"enemies":"Jaw Worm","floor":3.0,"turns":3.0},{"damage":23.0,"enemies":"Gremlin Nob","floor":7.0,"turns":5.0},{"damage":24.0,"enemies":"Lagavulin Event","floor":8.0,"turns":5.0},{"damage":0.0,"enemies":"2 Louse","floor":10.0,"turns":2.0},{"damage":1.0,"enemies":"Blue Slaver","floor":11.0,"turns":2.0},{"damage":10.0,"enemies":"Large Slime","floor":13.0,"turns":4.0},{"damage":4,"enemies":"Looter","floor":14,"turns":2},{"damage":36,"enemies":"Hexaghost","floor":16,"turns":8},{"damage":18,"enemies":"2 Thieves","floor":18,"turns":3},{"damage":0,"enemies":"Chosen","floor":19,"turns":3},{"damage":9,"enemies":"Slavers","floor":23,"turns":2},{"damage":15,"enemies":"Colosseum Slavers","floor":24,"turns":4},{"damage":30,"enemies":"Colosseum Nobs","floor":24,"turns":5},{"damage":0,"enemies":"Snecko","floor":25,"turns":2},{"damage":3,"enemies":"Centurion and Healer","floor":29,"turns":4},{"damage":0,"enemies":"Snake Plant","floor":31,"turns":2},{"damage":12,"enemies":"Champ","floor":33,"turns":7},{"damage":12,"enemies":"3 Darklings","floor":35,"turns":3},{"damage":26,"enemies":"3 Shapes","floor":37,"turns":3},{"damage":17,"enemies":"Mysterious Sphere","floor":38,"turns":3},{"damage":47,"enemies":"Flame Bruiser 2 Orb","floor":44,"turns":4},{"damage":37,"enemies":"Giant Head","floor":45,"turns":7},{"damage":38,"enemies":"4 Shapes","floor":46,"turns":4},{"damage":0,"enemies":"Maw","floor":48,"turns":5},{"damage":75,"enemies":"Time Eater","floor":50,"turns":10}],"seed_played":"8048748481699679403","potions_obtained":[{"floor":3.0,"key":"BloodPotion"},{"floor":7.0,"key":"Explosive Potion"},{"floor":8.0,"key":"LiquidBronze"},{"floor":11.0,"key":"Ancient Potion"},{"floor":23,"key":"Block Potion"},{"floor":24,"key":"FairyPotion"},{"floor":31,"key":"FearPotion"},{"floor":33,"key":"SpeedPotion"},{"floor":35,"key":"SkillPotion"},{"floor":44,"key":"Ancient Potion"},{"floor":48,"key":"Ancient Potion"}],"is_trial":false,"path_per_floor":["M","?","M","?","?","R","E","?","T","M","M","R","M","M","R","B",null,"M","M","?","?","$","E","?","M","T","R","?","M","T","M","R","B",null,"M","?","M","?","?","T","?","R","T","M","E","M","R","M","R","B"],"character_chosen":"IRONCLAD","items_purchased":["Whetstone","Anchor"],"campfire_rested":3,"item_purchase_floors":[22,22],"current_hp_per_floor":[80,80,77,77,61,61,46,30,30,38,45,45,43,47,47,19,80,71,82,82,82,82,81,55,66,66,66,66,71,71,79,79,75,92,86,74,59,57,57,57,57,102,102,61,32,8,55,63,108,39],"gold":949,"neow_bonus":"RANDOM_COMMON_RELIC","is_prod":false,"is_daily":false,"chose_seed":false,"campfire_upgraded":5,"win_rate":0.0,"timestamp":1535092265,"path_taken":["M","?","M","?","?","R","E","?","T","?","M","R","M","M","R","BOSS","M","M","?","?","?","E","?","M","T","R","?","?","?","M","R","BOSS","M","?","M","?","?","?","?","R","T","M","E","?","R","?","R","BOSS"],"build_version":"2018-08-23v2","purchased_purges":0,"victory":true,"max_hp_per_floor":[80,80,80,80,80,80,80,80,80,80,80,80,80,80,80,80,80,83,86,86,86,86,86,89,92,92,92,92,92,92,92,92,92,92,92,92,95,102,102,102,102,102,102,102,102,108,108,108,108,108],"card_choices":[{"not_picked":["Shrug It Off","Hemokinesis"],"picked":"Headbutt","floor":1.0},{"not_picked":["Rupture","Warcry"],"picked":"Pummel","floor":3.0},{"not_picked":["Twin Strike","Blood for Blood"],"picked":"Headbutt","floor":7.0},{"not_picked":["Perfected Strike","Corruption"],"picked":"Thunderclap","floor":8.0},{"not_picked":["Pommel Strike","Warcry"],"picked":"Anger","floor":10.0},{"not_picked":["Iron Wave","Bloodletting"],"picked":"Rampage","floor":11.0},{"not_picked":["Corruption","Hemokinesis"],"picked":"Cleave","floor":13},{"not_picked":["Sword Boomerang","Metallicize"],"picked":"Carnage","floor":14},{"not_picked":["Brutality","Dark Embrace"],"picked":"Feed","floor":16},{"not_picked":[],"picked":"Clothesline+1","floor":18},{"not_picked":["Heavy Blade"],"picked":"SKIP","floor":19},{"not_picked":[],"picked":"Headbutt","floor":23},{"not_picked":[],"picked":"Rage","floor":25},{"not_picked":["Sword Boomerang+1"],"picked":"Flex+1","floor":29},{"not_picked":["Infernal Blade"],"picked":"Flame Barrier+1","floor":31},{"not_picked":["Offering"],"picked":"Feed","floor":33},{"not_picked":["Headbutt"],"picked":"Clash+1","floor":35},{"not_picked":["Dropkick"],"picked":"Barricade+1","floor":37},{"not_picked":["Bludgeon"],"picked":"Feed","floor":38},{"not_picked":["Body Slam+1"],"picked":"Dual Wield+1","floor":44},{"not_picked":["Entrench+1"],"picked":"Limit Break","floor":45},{"not_picked":["Entrench"],"picked":"Twin Strike+1","floor":46},{"not_picked":["Clash+1"],"picked":"Iron Wave+1","floor":48}],"player_experience":24741,"relics_obtained":[{"floor":7.0,"key":"Letter Opener"},{"floor":8.0,"key":"Gambling Chip"},{"floor":9.0,"key":"Matryoshka"},{"floor":23,"key":"Regal Pillow"},{"floor":24,"key":"Paper Frog"},{"floor":24,"key":"Ginger"},{"floor":26,"key":"Question Card"},{"floor":26,"key":"Happy Flower"},{"floor":30,"key":"Frozen Egg 2"},{"floor":30,"key":"Oddly Smooth Stone"},{"floor":38,"key":"Old Coin"},{"floor":40,"key":"MawBank"},{"floor":43,"key":"Bottled Lightning"},{"floor":45,"key":"Bottled Flame"}],"event_choices":[{"event_name":"Big Fish","player_choice":"Box","floor":2.0,"damage_taken":0.0},{"event_name":"The Cleric","player_choice":"Card Removal","floor":4.0,"damage_taken":0.0},{"event_name":"Shining Light","player_choice":"Entered Light","floor":5.0,"damage_taken":0.0},{"event_name":"Dead Adventurer","player_choice":"Searched \u00271\u0027 times","floor":8.0,"damage_taken":0.0},{"event_name":"The Library","player_choice":"Read","floor":20,"damage_taken":0},{"event_name":"Beggar","player_choice":"Gave Gold","floor":21,"damage_taken":0},{"event_name":"Colosseum","player_choice":"Fight","floor":24,"damage_taken":0},{"event_name":"Colosseum","player_choice":"Fought Nobs","floor":24,"damage_taken":0},{"event_name":"N\u0027loth","player_choice":"Traded a Whetstone","floor":28,"damage_taken":0},{"event_name":"Winding Halls","player_choice":"Embrace Madness","floor":36,"damage_taken":0},{"event_name":"Mysterious Sphere","player_choice":"Fight","floor":38,"damage_taken":0},{"event_name":"Falling","player_choice":"Removed Attack","floor":39,"damage_taken":0},{"event_name":"Match and Keep!","player_choice":"2 cards matched","floor":41,"damage_taken":0}],"is_beta":false,"boss_relics":[{"not_picked":["Philosopher\u0027s Stone","Lizard Tail"],"picked":"Busted Crown"},{"not_picked":["Calling Bell","Velvet Choker"],"picked":"Fusion Hammer"}],"items_purged_floors":[],"is_endless":false,"potions_floor_spawned":[3,7,8,11,16,19,23,24,31,33,35,44,48],"ascension_level":0}