{"gold_per_floor":[110,110,110,130,148,148,173,184,184,197,213,238,69,69,69,145,145,160,160,160,170,85,110,121,121,146,146,146,146,170,184,184,260,260,272,272,283,283,283,283,299,299,299,317,317,52,152,234,234,234],"floor_reached":50,"playtime":962,"items_purged":[],"score":1036,"play_id":"21be6d23-b5a6-46d2-9158-86525b5b4f39","local_time":"20190111024849","is_ascension_mode":true,"campfire_choices":[{"data":"Perfected Strike","floor":6.0,"key":"SMITH"},{"data":"Perfected Strike","floor":15.0,"key":"SMITH"},{"data":"Havoc","floor":25.0,"key":"SMITH"},{"data":"Berserk","floor":27.0,"key":"SMITH"},{"data":"Rage","floor":29.0,"key":"SMITH"},{"floor":32.0,"key":"REST"},{"data":"Madness","floor":40,"key":"SMITH"},{"floor":42,"key":"REST"},{"data":"Pommel Strike","floor":45,"key":"SMITH"},{"floor":49,"key":"RECALL"}],"neow_cost":"NONE","seed_source_timestamp":37717323330186,"circlet_count":0,"master_deck":["AscendersBane","Strike_R","Strike_R","Strike_R","Strike_R","Strike_R","Defend_R+1","Defend_R+1","Defend_R+1","Defend_R","Bash","Thunderclap","Reaper","Rage+1","Rampage+1","Perfected Strike+1","Perfected Strike+1","Twin Strike","Twin Strike","Pommel Strike+1","Twin Strike","Berserk+1","Havoc+1","Metallicize","Berserk","Havoc+1","Madness","Madness+1","Twin Strike+1","Shrug It Off","Armaments+1"],"special_seed":0,"relics":["Burning Blood","NeowsBlessing","Bag of Marbles","Gremlin Horn","Ginger","Red Skull","Busted Crown","Blue Candle","Oddly Smooth Stone","War Paint","Runic Dome","Pantograph","Pear","Shovel","Bottled Flame"],"potions_floor_usage":[50],"damage_taken":[{"damage":0.0,"enemies":"Small Slimes","floor":1.0,"turns":1.0},{"damage":0.0,"enemies":"2 Louse","floor":4.0,"turns":1.0},{"damage":0.0,"enemies":"Cultist","floor":5.0,"turns":1.0},{"damage":54.0,"enemies":"Lagavulin","floor":7.0,"turns":6.0},{"damage":4.0,"enemies":"Red Slaver","floor":8.0,"turns":3.0},{"damage":0.0,"enemies":"Large Slime","floor":10.0,"turns":4.0},{"damage":0.0,"enemies":"Blue Slaver","floor":11.0,"turns":1.0},{"damage":0.0,"enemies":"Gremlin Nob","floor":12.0,"turns":2.0},{"damage":23.0,"enemies":"The Guardian","floor":16.0,"turns":6.0},{"damage":17.0,"enemies":"2 Thieves","floor":18.0,"turns":3.0},{"damage":0.0,"enemies":"Chosen","floor":21.0,"turns":2.0},{"damage":44.0,"enemies":"Slavers","floor":23.0,"turns":3.0},{"damage":0.0,"enemies":"Snake Plant","floor":24.0,"turns":2.0},{"damage":18.0,"enemies":"Chosen and Byrds","floor":31.0,"turns":5.0},{"damage":75.0,"enemies":"Collector","floor":33.0,"turns":5.0},{"damage":0.0,"enemies":"3 Shapes","floor":35.0,"turns":2.0},{"damage":15.0,"enemies":"Orb Walker","floor":37.0,"turns":3.0},{"damage":65,"enemies":"Maw","floor":41,"turns":7},{"damage":0,"enemies":"Jaw Worm Horde","floor":44,"turns":3},{"damage":9,"enemies":"Mind Bloom Boss Battle","floor":47,"turns":7},{"damage":95,"enemies":"Donu and Deca","floor":50,"turns":5}],"seed_played":"9117348792255359156","potions_obtained":[{"floor":1.0,"key":"Dexterity Potion"},{"floor":5.0,"key":"GamblersBrew"},{"floor":7.0,"key":"SkillPotion"},{"floor":12.0,"key":"Explosive Potion"},{"floor":16.0,"key":"FearPotion"},{"floor":23.0,"key":"Swift Potion"},{"floor":44,"key":"Energy Potion"},{"floor":47,"key":"AttackPotion"}],"is_trial":false,"path_per_floor":["M","?","?","M","M","R","E","M","T","M","M","E","$","?","R","B",null,"M","?","?","M","?","E","M","R","T","R","$","R","T","M","R","B",null,"M","?","M","?","?","R","M","R","T","M","R","$","?","T","R","B"],"character_chosen":"IRONCLAD","items_purchased":["Red Skull","Pear"],"campfire_rested":2,"item_purchase_floors":[13,46],"current_hp_per_floor":[74,79,79,80,80,80,32,34,34,44,50,56,56,32,32,15,64,57,34,34,50,50,42,48,48,48,48,48,48,48,43,68,29,71,83,83,78,63,63,63,10,35,35,41,41,51,79,79,79,0],"gold":234,"neow_bonus":"THREE_ENEMY_KILL","is_prod":false,"is_daily":false,"chose_seed":false,"campfire_upgraded":7,"win_rate":0,"timestamp":1547142529,"path_taken":["M","?","?","M","?","R","E","M","T","M","M","E","?","?","R","BOSS","M","?","?","M","?","E","M","R","T","R","$","R","?","M","R","BOSS","M","?","M","?","?","R","M","R","T","M","R","$","?","?","R","BOSS"],"build_version":"2019-01-03v4","purchased_purges":0,"victory":false,"max_hp_per_floor":[75,80,80,80,80,80,80,80,80,80,80,80,80,80,80,80,80,80,85,85,85,85,85,85,85,85,85,85,85,85,85,85,85,85,85,85,85,85,85,85,85,85,85,85,85,95,95,95,95,95],"card_choices":[{"not_picked":["Pummel","Anger"],"picked":"Thunderclap","floor":1.0},{"not_picked":["Carnage","Warcry"],"picked":"Rampage","floor":4.0},{"not_picked":["Clash","Fire Breathing"],"picked":"Perfected Strike","floor":5.0},{"not_picked":["Clothesline","Havoc"],"picked":"Perfected Strike","floor":7.0},{"not_picked":["Cleave","Iron Wave"],"picked":"Twin Strike","floor":8.0},{"not_picked":["True Grit","Clothesline"],"picked":"Twin Strike","floor":10.0},{"not_picked":["Wild Strike","Limit Break"],"picked":"Pommel Strike","floor":11.0},{"not_picked":["Pummel","Power Through"],"picked":"Twin Strike","floor":12.0},{"not_picked":["Fiend Fire","Barricade"],"picked":"Berserk","floor":16.0},{"not_picked":[],"picked":"Havoc","floor":18.0},{"not_picked":[],"picked":"Metallicize","floor":21.0},{"not_picked":["Anger"],"picked":"SKIP","floor":23.0},{"not_picked":["Sword Boomerang"],"picked":"SKIP","floor":24.0},{"not_picked":["Dropkick"],"picked":"SKIP","floor":31.0},{"not_picked":[],"picked":"Berserk","floor":33.0},{"not_picked":[],"picked":"Havoc+1","floor":35.0},{"not_picked":["Body Slam+1"],"picked":"SKIP","floor":37.0},{"not_picked":[],"picked":"Twin Strike+1","floor":41},{"not_picked":[],"picked":"Shrug It Off","floor":44},{"not_picked":[],"picked":"Armaments+1","floor":47}],"player_experience":845855,"relics_obtained":[{"floor":7.0,"key":"Bag of Marbles"},{"floor":9.0,"key":"Gremlin Horn"},{"floor":12.0,"key":"Ginger"},{"floor":23.0,"key":"Oddly Smooth Stone"},{"floor":30.0,"key":"War Paint"},{"floor":43,"key":"Pantograph"},{"floor":47,"key":"Shovel"},{"floor":48,"key":"Bottled Flame"}],"event_choices":[{"damage_healed":0.0,"max_hp_gain":5.0,"max_hp_loss":0.0,"gold_gain":0.0,"event_name":"Big Fish","player_choice":"Donut","floor":2.0,"gold_loss":0.0,"damage_taken":0.0},{"damage_healed":0.0,"max_hp_gain":0.0,"max_hp_loss":0.0,"gold_gain":0.0,"event_name":"Match and Keep!","player_choice":"2 cards matched","floor":3.0,"gold_loss":0.0,"damage_taken":0.0,"cards_obtained":["Reaper","Rage"]},{"damage_healed":0.0,"max_hp_gain":0.0,"max_hp_loss":0.0,"gold_gain":0.0,"event_name":"Shining Light","player_choice":"Entered Light","floor":14.0,"gold_loss":0.0,"damage_taken":24.0,"cards_upgraded":["Defend_R","Rampage"]},{"damage_healed":0.0,"max_hp_gain":5.0,"max_hp_loss":0.0,"gold_gain":0.0,"event_name":"Forgotten Altar","player_choice":"Shed Blood","floor":19.0,"gold_loss":0.0,"damage_taken":28.0},{"damage_healed":0.0,"max_hp_gain":0.0,"max_hp_loss":0.0,"gold_gain":0.0,"event_name":"Vampires","player_choice":"Ignored","floor":20.0,"gold_loss":0.0,"damage_taken":0.0},{"damage_healed":0.0,"max_hp_gain":0.0,"max_hp_loss":0.0,"gold_gain":0.0,"event_name":"Addict","player_choice":"Obtained Relic","floor":22.0,"gold_loss":85.0,"damage_taken":0.0,"relics_obtained":["Blue Candle"]},{"damage_healed":0.0,"max_hp_gain":0.0,"max_hp_loss":0.0,"gold_gain":0.0,"event_name":"Tomb of Lord Red Mask","player_choice":"Ignored","floor":36.0,"gold_loss":0.0,"damage_taken":0.0},{"damage_healed":0.0,"max_hp_gain":0.0,"max_hp_loss":0.0,"gold_gain":0.0,"event_name":"Winding Halls","player_choice":"Embrace Madness","floor":38.0,"gold_loss":0.0,"damage_taken":15.0,"cards_obtained":["Madness","Madness"]},{"damage_healed":0,"gold_gain":0,"player_choice":"Ignored","damage_taken":0,"max_hp_gain":0,"max_hp_loss":0,"event_name":"Mysterious Sphere","floor":39,"gold_loss":0},{"damage_healed":0,"gold_gain":0,"player_choice":"Fight","damage_taken":0,"max_hp_gain":0,"max_hp_loss":0,"event_name":"MindBloom","floor":47,"gold_loss":0}],"is_beta":false,"boss_relics":[{"not_picked":["Philosopher\u0027s Stone","Runic Pyramid"],"picked":"Busted Crown"},{"not_picked":["Empty Cage","Astrolabe"],"picked":"Runic Dome"}],"items_purged_floors":[],"is_endless":false,"potions_floor_spawned":[1,5,7,12,16,23,44,47],"killed_by":"Donu and Deca","ascension_level":20}