{"gold_per_floor":[114,133,143,65,76,106,126,153,177,177,177,196,229,504,504,579,579,589,609,660,660,343,343,343,343,373,400,74,108,8,8,8,87,87,102,122,122,122,122,122,122],"floor_reached":41,"playtime":1049,"items_purged":["Regret","Strike_B"],"score":1040,"play_id":"1b8e631e-14be-4326-a8ca-4e5a899ef24f","local_time":"20181218053217","is_ascension_mode":true,"campfire_choices":[{"floor":10,"key":"REST"},{"data":"Zap","floor":15,"key":"SMITH"},{"data":"Defragment","floor":23,"key":"SMITH"},{"floor":25,"key":"REST"},{"floor":32,"key":"REST"},{"data":"Defragment","floor":40,"key":"SMITH"}],"neow_cost":"NONE","seed_source_timestamp":385929752259167,"circlet_count":0,"master_deck":["AscendersBane","Strike_B","Strike_B","Strike_B","Defend_B","Defend_B","Defend_B","Defend_B","Zap+1","Dualcast","Ball Lightning","Cold Snap","Glacier+1","Cold Snap","Sweeping Beam","Leap+1","Ball Lightning","Cold Snap","Compile Driver","Doom and Gloom","Electrodynamics","Reprogram","Ball Lightning","Defragment+1","Necronomicurse","Stack+1","Biased Cognition","Seek","Core Surge","Defragment+1","Turbo+1","Go for the Eyes","Core Surge","Decay","Parasite","Parasite","Auto Shields"],"relics":["Cracked Core","Boot","Darkstone Periapt","Orichalcum","Dream Catcher","Vajra","Sozu","Centennial Puzzle","Oddly Smooth Stone","Necronomicon","Tiny Chest","War Paint","Regal Pillow","MutagenicStrength","Calling Bell","Anchor","Letter Opener","Calipers","Matryoshka"],"potions_floor_usage":[5,8,16,29],"damage_taken":[{"damage":1,"enemies":"Cultist","floor":1,"turns":3},{"damage":6,"enemies":"2 Louse","floor":2,"turns":2},{"damage":2,"enemies":"Jaw Worm","floor":3,"turns":3},{"damage":3,"enemies":"3 Louse","floor":5,"turns":2},{"damage":29,"enemies":"Lagavulin","floor":6,"turns":7},{"damage":7,"enemies":"Looter","floor":7,"turns":3},{"damage":6,"enemies":"Gremlin Nob","floor":8,"turns":3},{"damage":2,"enemies":"Exordium Wildlife","floor":12,"turns":3},{"damage":8,"enemies":"Lagavulin","floor":13,"turns":6},{"damage":26,"enemies":"Hexaghost","floor":16,"turns":9},{"damage":11,"enemies":"Spheric Guardian","floor":18,"turns":4},{"damage":13,"enemies":"Shell Parasite","floor":19,"turns":5},{"damage":30,"enemies":"Gremlin Leader","floor":27,"turns":6},{"damage":26,"enemies":"Book of Stabbing","floor":29,"turns":3},{"damage":16,"enemies":"Collector","floor":33,"turns":9},{"damage":1,"enemies":"Orb Walker","floor":35,"turns":2},{"damage":19,"enemies":"3 Darklings","floor":36,"turns":3},{"damage":69,"enemies":"Giant Head","floor":41,"turns":7}],"seed_played":"-5114082086464342914","potions_obtained":[{"floor":1,"key":"SteroidPotion"},{"floor":5,"key":"Ancient Potion"},{"floor":7,"key":"Fire Potion"},{"floor":8,"key":"PowerPotion"}],"is_trial":false,"path_per_floor":["M","M","M","$","M","E","M","E","T","R","T","M","E","?","R","B",null,"M","M","T","?","$","R","?","R","T","E","$","E","$","?","R","B",null,"M","M","?","?","T","R","E"],"character_chosen":"DEFECT","items_purchased":["Glacier","Defragment","Oddly Smooth Stone","Seek","Core Surge","Defragment"],"campfire_rested":3,"item_purchase_floors":[4,22,22,28,28,28],"current_hp_per_floor":[63,57,55,55,52,23,16,10,10,31,31,29,21,27,27,1,58,47,34,34,49,49,49,34,58,58,28,28,2,2,2,41,25,87,86,67,67,67,67,67,0],"gold":122,"neow_bonus":"RANDOM_COMMON_RELIC","is_prod":false,"is_daily":false,"chose_seed":false,"campfire_upgraded":3,"win_rate":0,"timestamp":1545078737,"path_taken":["M","M","?","?","M","E","M","E","T","R","?","M","E","?","R","BOSS","M","?","?","?","$","R","?","R","T","E","$","E","$","?","R","BOSS","M","M","?","?","?","R","E"],"build_version":"2018-12-13","purchased_purges":2,"victory":false,"max_hp_per_floor":[71,71,71,71,71,71,71,71,71,71,71,71,71,77,77,77,77,77,77,77,77,77,77,83,83,83,83,83,83,83,83,83,83,101,101,101,101,101,101,101,101],"card_choices":[{"not_picked":["Gash","Double Energy"],"picked":"Ball Lightning","floor":1},{"not_picked":["Undo","Stack"],"picked":"Ball Lightning","floor":2},{"not_picked":["Hologram","Ball Lightning"],"picked":"Cold Snap","floor":3},{"not_picked":["Go for the Eyes","Sweeping Beam"],"picked":"Cold Snap","floor":5},{"not_picked":["Go for the Eyes","Gash"],"picked":"Sweeping Beam","floor":6},{"not_picked":["Stack","Hologram"],"picked":"Leap","floor":7},{"not_picked":["Multi-Cast","Streamline"],"picked":"Ball Lightning","floor":8},{"not_picked":["Compile Driver","Conserve Battery"],"picked":"Cold Snap","floor":10},{"not_picked":["Redo","Aggregate"],"picked":"Compile Driver","floor":12},{"not_picked":["Redo","Melter"],"picked":"Doom and Gloom","floor":13},{"not_picked":["Echo Form","Reboot"],"picked":"Electrodynamics","floor":16},{"not_picked":["Go for the Eyes","Scrape"],"picked":"Reprogram","floor":18},{"not_picked":["Genetic Algorithm","Hologram"],"picked":"Ball Lightning","floor":19},{"not_picked":["Creative AI","Ball Lightning"],"picked":"Stack+1","floor":25},{"not_picked":["Loop","Go for the Eyes"],"picked":"Biased Cognition","floor":27},{"not_picked":["Tempest","Buffer"],"picked":"Turbo+1","floor":29},{"not_picked":["Compile Driver","Darkness"],"picked":"Go for the Eyes","floor":32},{"not_picked":["Electrodynamics","Creative AI"],"picked":"Core Surge","floor":33},{"not_picked":["Chaos","Gash+1","Sweeping Beam"],"picked":"SKIP","floor":35},{"not_picked":["Turbo+1","Sweeping Beam"],"picked":"Auto Shields","floor":36}],"player_experience":813745,"relics_obtained":[{"floor":6,"key":"Darkstone Periapt"},{"floor":8,"key":"Orichalcum"},{"floor":9,"key":"Dream Catcher"},{"floor":13,"key":"Vajra"},{"floor":20,"key":"Centennial Puzzle"},{"floor":24,"key":"Necronomicon"},{"floor":26,"key":"Tiny Chest"},{"floor":27,"key":"War Paint"},{"floor":29,"key":"Regal Pillow"},{"floor":34,"key":"Anchor"},{"floor":34,"key":"Letter Opener"},{"floor":34,"key":"Calipers"},{"floor":39,"key":"Matryoshka"}],"event_choices":[{"damage_healed":0,"gold_gain":275,"player_choice":"Desecrate","damage_taken":0,"max_hp_gain":0,"max_hp_loss":0,"event_name":"Golden Shrine","floor":14,"gold_loss":0,"cards_obtained":["Regret"]},{"damage_healed":15,"gold_gain":0,"player_choice":"Heal","damage_taken":0,"max_hp_gain":0,"max_hp_loss":0,"event_name":"The Library","floor":21,"gold_loss":0},{"damage_healed":0,"gold_gain":0,"player_choice":"Obtained Book","damage_taken":21,"max_hp_gain":0,"max_hp_loss":0,"event_name":"Cursed Tome","floor":24,"gold_loss":0},{"damage_healed":0,"gold_gain":0,"player_choice":"Inject Mutagens","damage_taken":0,"relics_obtained":["MutagenicStrength"],"max_hp_gain":0,"max_hp_loss":0,"event_name":"Drug Dealer","floor":31,"gold_loss":0},{"damage_healed":0,"gold_gain":0,"player_choice":"Ignored","damage_taken":0,"max_hp_gain":0,"max_hp_loss":0,"event_name":"Mysterious Sphere","floor":37,"gold_loss":0},{"cards_removed":["Ball Lightning"],"damage_healed":0,"gold_gain":0,"player_choice":"Removed Attack","damage_taken":0,"max_hp_gain":0,"max_hp_loss":0,"event_name":"Falling","floor":38,"gold_loss":0}],"is_beta":false,"boss_relics":[{"not_picked":["Fusion Hammer","Empty Cage"],"picked":"Sozu"},{"not_picked":["Nuclear Battery","Eternal Feather"],"picked":"Calling Bell"}],"items_purged_floors":[22,30],"is_endless":false,"potions_floor_spawned":[1,5,7,8,12,19,29,36],"killed_by":"Giant Head","ascension_level":20}