{"gold_per_floor":[137,59,234,268,19,19,53,71,95,128,128,104,104,121,121,238,238,250,2,2,2,2,30,30,63,63,99,127,127,127,137,137,234,234,252,5,53,53,87,112,112,112,137,237,237,237,237,249,249,249],"floor_reached":51,"playtime":2933,"items_purged":["Creative AI"],"score":1127,"play_id":"a3e9ffff-4521-4d37-9fb1-d34f60c1e839","local_time":"20190211123450","is_ascension_mode":false,"campfire_choices":[{"floor":15,"key":"REST"},{"data":"Apotheosis","floor":24,"key":"SMITH"},{"floor":30,"key":"REST"},{"floor":32,"key":"REST"},{"floor":42,"key":"REST"},{"data":"theJungle:Gourd","floor":46,"key":"SMITH"},{"data":"Iron Wave","floor":49,"key":"PURGE"}],"neow_cost":"","seed_source_timestamp":316422678116949,"circlet_count":0,"master_deck":["Gash","Gash","Gash","Gash","Gash","HandOfGreed","Clawfect:ScrapingClaw","Clawfect:ClawSnap","Clawfect:ClawSnap","Leap","Clawfect:ClawAndTear","Leap","Clawfect:ClawForOne","Clawfect:ClawSnap","Apotheosis+1","theJungle:Gourd+1","theJungle:Gourd+1","theJungle:Gourd","theJungle:Gourd","theJungle:Gourd","Clawfect:ClawCell+1","Clawfect:ClawCell","Genetic Algorithm","Clawfect:ClawingBeam","Seek","Clawfect:ClawForTheEyes+1"],"relics":["Clawfect:DRClaw","Mercury Hourglass","Sundial","Peace Pipe","Kunai","Strawberry","Happy Flower","Juzu Bracelet","Sozu","Pantograph","Blue Candle","Potion Belt","Gremlin Horn","Matryoshka","Black Star","Singing Bowl","Bird Faced Urn","Bag of Marbles","Frozen Egg 2","Blood Vial","Art of War","Torii","Centennial Puzzle","Runesmith:Nanobots"],"potions_floor_usage":[14,16],"damage_taken":[{"damage":17,"enemies":"Small Slimes","floor":1,"turns":3},{"damage":6,"enemies":"2 Louse","floor":4,"turns":3},{"damage":25,"enemies":"Gremlin Nob","floor":7,"turns":5},{"damage":7,"enemies":"Jaw Worm","floor":8,"turns":3},{"damage":7,"enemies":"2 Fungi Beasts","floor":10,"turns":3},{"damage":1,"enemies":"Exordium Thugs","floor":14,"turns":5},{"damage":11,"enemies":"Slime Boss","floor":16,"turns":6},{"damage":8,"enemies":"theJungle:GiantWrat","floor":18,"turns":4},{"damage":0,"enemies":"theJungle:Cassacara","floor":23,"turns":4},{"damage":23,"enemies":"theJungle:2_Phrogs","floor":25,"turns":5},{"damage":6,"enemies":"Shell Parasite","floor":27,"turns":4},{"damage":0,"enemies":"theJungle:MamaSnecko","floor":28,"turns":4},{"damage":9,"enemies":"Snake Plant","floor":31,"turns":4},{"damage":0,"enemies":"theJungle:QueenSpyder","floor":33,"turns":5},{"damage":7,"enemies":"Orb Walker","floor":35,"turns":3},{"damage":45,"enemies":"2 Orb Walkers","floor":37,"turns":4},{"damage":6,"enemies":"3 Shapes","floor":39,"turns":4},{"damage":0,"enemies":"Giant Head","floor":40,"turns":6},{"damage":26,"enemies":"Mind Bloom Boss Battle","floor":44,"turns":4},{"damage":0,"enemies":"Spire Growth","floor":48,"turns":4},{"damage":30,"enemies":"Time Eater","floor":50,"turns":7}],"seed_played":"-5509961184391016309","potions_obtained":[{"floor":1,"key":"Ancient Potion"},{"floor":14,"key":"SkillPotion"}],"is_trial":false,"path_per_floor":["M","$","?","M","$","?","E","M","T","M","?","$","?","M","R","B",null,"M","$","?","T","?","E","R","E","T","M","E","?","R","M","R","B",null,"M","$","?","?","M","E","?","R","T","?","T","R","?","M","R","B",null],"character_chosen":"DEFECT","items_purchased":["Mercury Hourglass","Sundial","HandOfGreed","Static Discharge","Creative AI","Kunai","Leap","Apotheosis","Singing Bowl"],"campfire_rested":4,"item_purchase_floors":[0,0,0,0,2,5,12,19,36],"current_hp_per_floor":[58,58,58,52,52,52,34,27,27,20,2,2,2,1,25,14,82,74,74,74,74,74,74,74,51,51,45,45,28,52,43,67,82,82,75,75,32,32,28,32,34,61,61,64,64,64,64,68,68,64],"gold":249,"neow_bonus":"","is_prod":false,"is_daily":false,"chose_seed":false,"campfire_upgraded":2,"win_rate":0,"timestamp":1549850690,"path_taken":["M","$","?","M","$","?","E","M","T","M","?","?","?","M","R","BOSS","M","$","?","?","?","E","R","E","T","M","E","?","R","M","R","BOSS","M","$","?","?","M","E","?","R","T","?","?","R","?","M","R","BOSS"],"build_version":"2019-01-23","purchased_purges":1,"victory":true,"max_hp_per_floor":[75,75,75,75,75,75,82,82,82,82,82,82,82,82,82,82,82,82,82,82,82,82,82,82,82,82,82,82,82,82,82,82,82,82,82,82,84,84,86,88,90,90,90,92,92,92,92,94,94,94],"card_choices":[{"not_picked":["Leap","BootSequence"],"picked":"Clawfect:ScrapingClaw","floor":1},{"not_picked":["Steam","Aggregate"],"picked":"Clawfect:ClawSnap","floor":4},{"not_picked":["Steam","Gash"],"picked":"Clawfect:ClawSnap","floor":7},{"not_picked":["Hologram","Chaos"],"picked":"Leap","floor":8},{"not_picked":["Meteor Strike","Redo"],"picked":"Clawfect:ClawAndTear","floor":10},{"not_picked":["Loop","Leap"],"picked":"Storm","floor":14},{"not_picked":["Buffer","Machine Learning"],"picked":"Clawfect:ClawForOne","floor":16},{"not_picked":["Force Field","Clawfect:ClawpileDriver+1"],"picked":"Clawfect:ClawSnap","floor":18},{"not_picked":["Double Energy","Hello World","Heatsinks"],"picked":"SKIP","floor":23},{"not_picked":["Clawfect:Clawter+1","Steam Power"],"picked":"Clawfect:ClawCell+1","floor":25},{"not_picked":["White Noise","Hologram"],"picked":"Clawfect:ClawCell","floor":27},{"not_picked":["White Noise+1","Rebound+1"],"picked":"Genetic Algorithm","floor":28},{"not_picked":["Clawfect:ClawCell","Clawfect:Clawline"],"picked":"Clawfect:ClawingBeam","floor":31},{"not_picked":["Amplify","Biased Cognition"],"picked":"Seek","floor":33},{"not_picked":["Reinforced Body","Clawfect:ClawAndTear+1"],"picked":"Clawfect:ClawForTheEyes+1","floor":35},{"not_picked":["FTL+1","Conserve Battery","Defragment"],"picked":"Singing Bowl","floor":37},{"not_picked":["Clawfect:ClawForTheEyes+1","Capacitor","Defragment"],"picked":"Singing Bowl","floor":39},{"not_picked":["Clawfect:Clawter+1","Rebound","Hello World"],"picked":"Singing Bowl","floor":40},{"not_picked":["Discovery","Deep Breath","Swift Strike"],"picked":"Singing Bowl","floor":41},{"not_picked":["Steam","Clawfect:ClawSnap+1","Blizzard"],"picked":"Singing Bowl","floor":44},{"not_picked":["Rebound","Turbo","Clawfect:Clawrage"],"picked":"Singing Bowl","floor":48}],"player_experience":450718,"relics_obtained":[{"floor":7,"key":"Strawberry"},{"floor":9,"key":"Happy Flower"},{"floor":21,"key":"Pantograph"},{"floor":23,"key":"Blue Candle"},{"floor":25,"key":"Potion Belt"},{"floor":26,"key":"Gremlin Horn"},{"floor":28,"key":"Matryoshka"},{"floor":37,"key":"Bird Faced Urn"},{"floor":40,"key":"Bag of Marbles"},{"floor":40,"key":"Frozen Egg 2"},{"floor":43,"key":"Blood Vial"},{"floor":43,"key":"Art of War"},{"floor":44,"key":"Torii"},{"floor":45,"key":"Centennial Puzzle"},{"floor":45,"key":"Runesmith:Nanobots"}],"event_choices":[{"damage_healed":0,"gold_gain":175,"player_choice":"AGREE","damage_taken":0,"max_hp_gain":0,"max_hp_loss":0,"event_name":"Liars Game","floor":3,"gold_loss":0,"cards_obtained":["Doubt"]},{"cards_removed":["Doubt"],"damage_healed":0,"gold_gain":0,"player_choice":"Forget","damage_taken":0,"max_hp_gain":0,"max_hp_loss":0,"event_name":"Living Wall","floor":6,"gold_loss":0},{"damage_healed":0,"gold_gain":0,"player_choice":"Success","damage_taken":18,"relics_obtained":["Juzu Bracelet"],"max_hp_gain":0,"max_hp_loss":0,"event_name":"Scrap Ooze","floor":11,"gold_loss":0},{"damage_healed":0,"gold_gain":0,"player_choice":"Ignored","damage_taken":0,"max_hp_gain":0,"max_hp_loss":0,"event_name":"Shining Light","floor":13,"gold_loss":0},{"cards_removed":["Storm"],"damage_healed":0,"gold_gain":0,"player_choice":"Purged","damage_taken":0,"max_hp_gain":0,"max_hp_loss":0,"event_name":"Purifier","floor":22,"gold_loss":0},{"damage_healed":0,"gold_gain":0,"player_choice":"Fight","damage_taken":0,"max_hp_gain":0,"max_hp_loss":0,"event_name":"Mysterious Sphere","floor":37,"gold_loss":0},{"damage_healed":0,"gold_gain":0,"player_choice":"Upgraded","damage_taken":0,"max_hp_gain":0,"max_hp_loss":0,"event_name":"Upgrade Shrine","floor":38,"gold_loss":0,"cards_upgraded":["theJungle:Gourd"]},{"damage_healed":0,"gold_gain":0,"player_choice":"Memory 1","damage_taken":0,"max_hp_gain":0,"max_hp_loss":0,"event_name":"SensoryStone","floor":41,"gold_loss":0},{"damage_healed":0,"gold_gain":0,"player_choice":"Fight","damage_taken":0,"max_hp_gain":0,"max_hp_loss":0,"event_name":"MindBloom","floor":44,"gold_loss":0},{"cards_removed":["Static Discharge"],"damage_healed":0,"gold_gain":0,"player_choice":"Took Card","damage_taken":0,"max_hp_gain":0,"max_hp_loss":0,"event_name":"NoteForYourself","floor":47,"gold_loss":0,"cards_obtained":["Iron Wave"]}],"is_beta":false,"boss_relics":[{"not_picked":["Coffee Dripper","Cursed Key"],"picked":"Sozu"},{"not_picked":["Astrolabe","Inserter"],"picked":"Black Star"}],"items_purged_floors":[19],"is_endless":false,"potions_floor_spawned":[1,14,18,23,28,35,39,48],"ascension_level":0}