{"gold_per_floor":[109,109,109,120,120,120,133,168,244,244,260,260,288,50,50,152,152,172,192,1,1,1],"floor_reached":22,"playtime":883,"items_purged":["Strike_G"],"score":240,"play_id":"02686831-f57f-496e-9da2-a21297514667","local_time":"20181026144103","is_ascension_mode":true,"campfire_choices":[{"data":"Blade Dance","floor":6.0,"key":"SMITH"},{"data":"Infinite Blades","floor":12.0,"key":"SMITH"},{"data":"Neutralize","floor":15.0,"key":"SMITH"}],"neow_cost":"NONE","seed_source_timestamp":0,"circlet_count":0,"master_deck":["Defend_G","Defend_G","Defend_G","Defend_G","Defend_G","Strike_G","Survivor","Neutralize+1","Blade Dance+1","Blade Dance","Infinite Blades+1","Backflip","Skewer+1","Dagger Spray+1","Malaise","Blade Dance+1","Cloak And Dagger","Footwork"],"special_seed":0,"relics":["Ring of the Snake","NeowsBlessing","Centennial Puzzle","Molten Egg 2","Sundial","Art of War","Pantograph","Empty Cage","Nilry\u0027s Codex"],"potions_floor_usage":[],"damage_taken":[{"damage":0.0,"enemies":"Small Slimes","floor":1.0,"turns":1.0},{"damage":0.0,"enemies":"Jaw Worm","floor":4.0,"turns":1.0},{"damage":0.0,"enemies":"Cultist","floor":7.0,"turns":1.0},{"damage":12.0,"enemies":"Lagavulin","floor":8.0,"turns":5.0},{"damage":3.0,"enemies":"Looter","floor":11.0,"turns":3.0},{"damage":26.0,"enemies":"Gremlin Nob","floor":13.0,"turns":4.0},{"damage":52.0,"enemies":"The Guardian","floor":16.0,"turns":14.0},{"damage":3.0,"enemies":"3 Byrds","floor":18.0,"turns":4.0},{"damage":6.0,"enemies":"Chosen","floor":19.0,"turns":5.0},{"damage":31,"enemies":"Snake Plant","floor":22,"turns":2}],"seed_played":"-7897805207969029969","potions_obtained":[{"floor":1.0,"key":"Regen Potion"},{"floor":4.0,"key":"SkillPotion"},{"floor":16.0,"key":"SkillPotion"},{"floor":18.0,"key":"Block Potion"},{"floor":19.0,"key":"Swift Potion"}],"is_trial":false,"path_per_floor":["M","?","?","M","?","R","M","E","T","?","M","R","E","$","R","B",null,"M","M","$","?"],"character_chosen":"THE_SILENT","items_purchased":["Pantograph","Cloak And Dagger","Footwork"],"campfire_rested":0,"item_purchase_floors":[14,20,20],"current_hp_per_floor":[70,58,70,70,70,70,70,58,58,51,48,48,22,22,22,10,55,52,46,46,30,0],"gold":1,"neow_bonus":"THREE_ENEMY_KILL","is_prod":false,"is_daily":false,"chose_seed":false,"campfire_upgraded":3,"win_rate":0,"timestamp":1540527063,"path_taken":["M","?","?","M","?","R","?","E","T","?","M","R","E","$","R","BOSS","M","M","$","?","M"],"build_version":"2018-10-25","purchased_purges":1,"victory":false,"max_hp_per_floor":[70,70,70,70,70,70,70,70,70,70,70,70,70,70,70,70,70,70,70,70,70,70],"card_choices":[{"not_picked":["Leg Sweep","Predator"],"picked":"Blade Dance","floor":1.0},{"not_picked":["Sucker Punch","Slice"],"picked":"Blade Dance","floor":4.0},{"not_picked":["Skewer","Poisoned Stab"],"picked":"Infinite Blades","floor":7.0},{"not_picked":["Venomology","Heel Hook"],"picked":"Backflip","floor":8.0},{"not_picked":["Well Laid Plans","Dagger Throw+1"],"picked":"Skewer+1","floor":11.0},{"not_picked":["Bane+1","Crippling Poison"],"picked":"Dagger Spray+1","floor":13.0},{"not_picked":["Night Terror","Doppelganger"],"picked":"Malaise","floor":16.0},{"not_picked":["Outmaneuver","Underhanded Strike+1"],"picked":"Blade Dance+1","floor":18.0},{"not_picked":["Flying Knee+1","Calculated Gamble","Deadly Poison"],"picked":"SKIP","floor":19.0}],"player_experience":346772,"relics_obtained":[{"floor":8.0,"key":"Molten Egg 2"},{"floor":9.0,"key":"Sundial"},{"floor":13.0,"key":"Art of War"},{"floor":21,"key":"Nilry\u0027s Codex"}],"event_choices":[{"damage_healed":0.0,"max_hp_gain":0.0,"max_hp_loss":0.0,"gold_gain":0.0,"event_name":"Scrap Ooze","player_choice":"Success","floor":2.0,"gold_loss":0.0,"damage_taken":12.0,"relics_obtained":["Centennial Puzzle"]},{"damage_healed":23.0,"max_hp_gain":0.0,"max_hp_loss":0.0,"gold_gain":0.0,"event_name":"Big Fish","player_choice":"Banana","floor":3.0,"gold_loss":0.0,"damage_taken":0.0},{"damage_healed":0.0,"max_hp_gain":0.0,"max_hp_loss":0.0,"gold_gain":0.0,"event_name":"Liars Game","player_choice":"Ignored","floor":5.0,"gold_loss":0.0,"damage_taken":0.0},{"cards_removed":["Strike_G"],"damage_healed":0.0,"max_hp_gain":0.0,"max_hp_loss":0.0,"gold_gain":0.0,"event_name":"Golden Wing","player_choice":"Card Removal","floor":10.0,"gold_loss":0.0,"damage_taken":7.0},{"damage_healed":0,"gold_gain":0,"player_choice":"Obtained Book","damage_taken":16,"max_hp_gain":0,"max_hp_loss":0,"event_name":"Cursed Tome","floor":21,"gold_loss":0}],"is_beta":false,"boss_relics":[{"not_picked":["Runic Dome","Tiny House"],"picked":"Empty Cage"}],"items_purged_floors":[20],"is_endless":false,"potions_floor_spawned":[1,4,16,18,19],"killed_by":"Snake Plant","ascension_level":5}