{"gold_per_floor":[114,39,39,89,105,105,105,105,105,124,24,57,104,124,124,199,199,214,45,45,45,65,90,90,90,113,113,127,146,96,123,123,123],"floor_reached":33,"playtime":1155,"items_purged":["Defend_G","Strike_G","Strike_G"],"score":520,"play_id":"a55453b4-df20-43aa-86f1-1a3f71f5ff8a","local_time":"20181008050118","is_ascension_mode":true,"campfire_choices":[{"data":"Underhanded Strike","floor":6,"key":"SMITH"},{"data":"Survivor","floor":8,"key":"SMITH"},{"data":"Dash","floor":15,"key":"SMITH"},{"data":"Malaise","floor":25,"key":"SMITH"},{"data":"Eviscerate","floor":27,"key":"SMITH"},{"floor":32,"key":"REST"}],"neow_cost":"NONE","seed_source_timestamp":1067139650658257,"circlet_count":0,"master_deck":["Defend_G","Defend_G","Defend_G","Defend_G","Strike_G","Survivor+1","Neutralize","AscendersBane","Underhanded Strike+1","Dash+1","Flying Knee","Malaise+1","Eviscerate+1"],"relics":["Snecko Eye","Meat on the Bone","Smiling Mask","Regal Pillow","Busted Crown","Lantern","Ninja Scroll","Blood Vial","Bag of Marbles"],"potions_floor_usage":[12,22,23],"damage_taken":[{"damage":2,"enemies":"Small Slimes","floor":1,"turns":5},{"damage":11,"enemies":"Jaw Worm","floor":5,"turns":5},{"damage":1,"enemies":"Cultist","floor":10,"turns":3},{"damage":21,"enemies":"Lagavulin","floor":12,"turns":8},{"damage":0,"enemies":"2 Fungi Beasts","floor":14,"turns":4},{"damage":15,"enemies":"The Guardian","floor":16,"turns":10},{"damage":1,"enemies":"Chosen","floor":18,"turns":7},{"damage":5,"enemies":"Colosseum Slavers","floor":21,"turns":5},{"damage":6,"enemies":"Shell Parasite","floor":22,"turns":9},{"damage":36,"enemies":"Gremlin Leader","floor":23,"turns":10},{"damage":4,"enemies":"3 Cultists","floor":28,"turns":5},{"damage":0,"enemies":"Cultist and Chosen","floor":29,"turns":6},{"damage":9,"enemies":"Slavers","floor":31,"turns":8},{"damage":73,"enemies":"Automaton","floor":33,"turns":12}],"seed_played":"2386846788880140475","potions_obtained":[{"floor":1,"key":"Explosive Potion"},{"floor":10,"key":"Strength Potion"},{"floor":14,"key":"Fire Potion"},{"floor":18,"key":"Weak Potion"},{"floor":29,"key":"Ancient Potion"}],"is_trial":false,"path_per_floor":["M","$","?","?","M","R","?","R","T","M","$","E","T","M","R","B",null,"M","$","?","?","M","E","?","R","T","R","M","M","$","E","R"],"character_chosen":"THE_SILENT","items_purchased":["Lantern"],"campfire_rested":1,"item_purchase_floors":[19],"current_hp_per_floor":[57,57,57,51,40,40,33,33,33,44,44,35,35,35,35,32,58,57,57,57,52,46,22,22,22,22,22,32,34,34,39,66,0],"gold":123,"neow_bonus":"BOSS_RELIC","is_prod":false,"is_daily":false,"chose_seed":false,"campfire_upgraded":5,"win_rate":0,"timestamp":1538942478,"path_taken":["M","$","?","?","M","R","?","R","T","?","$","E","?","M","R","BOSS","M","?","?","?","?","E","?","R","T","R","?","?","$","E","R","BOSS"],"build_version":"2018-10-04v2","purchased_purges":3,"victory":false,"max_hp_per_floor":[66,66,66,66,66,66,66,66,66,66,66,66,66,66,66,66,66,66,66,66,66,66,66,66,66,66,66,66,66,66,66,66,66],"card_choices":[{"not_picked":["Caltrops","PiercingWail","Cloak And Dagger"],"picked":"SKIP","floor":1},{"not_picked":["Backflip","Sucker Punch"],"picked":"Underhanded Strike","floor":5},{"not_picked":["PiercingWail","Reflex"],"picked":"Dash","floor":10},{"not_picked":["Corpse Explosion","Blade Dance","Outmaneuver"],"picked":"SKIP","floor":12},{"not_picked":["Concentrate","Slice"],"picked":"Flying Knee","floor":14},{"not_picked":["Adrenaline","Wraith Form v2"],"picked":"Malaise","floor":16},{"not_picked":["Poisoned Stab"],"picked":"SKIP","floor":18},{"not_picked":["Sucker Punch"],"picked":"SKIP","floor":22},{"not_picked":[],"picked":"Eviscerate","floor":23},{"not_picked":["Prepared"],"picked":"SKIP","floor":28},{"not_picked":["Quick Slash"],"picked":"SKIP","floor":29},{"not_picked":["Deadly Poison"],"picked":"SKIP","floor":31}],"player_experience":751018,"relics_obtained":[{"floor":9,"key":"Meat on the Bone"},{"floor":12,"key":"Smiling Mask"},{"floor":13,"key":"Regal Pillow"},{"floor":23,"key":"Ninja Scroll"},{"floor":26,"key":"Blood Vial"},{"floor":31,"key":"Bag of Marbles"}],"event_choices":[{"event_name":"Golden Idol","player_choice":"Ignored","floor":3,"damage_taken":0},{"event_name":"FaceTrader","player_choice":"Touch","floor":4,"damage_taken":0},{"event_name":"Golden Wing","player_choice":"Card Removal","floor":7,"damage_taken":0},{"event_name":"Ghosts","player_choice":"Ignored","floor":20,"damage_taken":0},{"event_name":"Colosseum","player_choice":"Fight","floor":21,"damage_taken":0},{"event_name":"Colosseum","player_choice":"Fled From Nobs","floor":21,"damage_taken":0},{"event_name":"Back to Basics","player_choice":"Elegance","floor":24,"damage_taken":0}],"is_beta":false,"boss_relics":[{"not_picked":["Cursed Key","White Beast Statue"],"picked":"Busted Crown"}],"items_purged_floors":[2,11,30],"is_endless":false,"potions_floor_spawned":[1,10,14,18,21,29],"killed_by":"Automaton","ascension_level":17}