{"gold_per_floor":[115,40,40,40,40,40,50,50,50,50,69,95,95,123,123,194,194,207,307,115,115,17,17,17,17,17,48,48,82,100,128,128,128],"floor_reached":33,"playtime":898,"items_purged":["Defend_R"],"score":660,"play_id":"b221966d-e82e-4496-867b-3717fd065bd4","local_time":"20180828034014","is_ascension_mode":true,"campfire_choices":[{"data":"Bash","floor":6,"key":"SMITH"},{"data":"Pommel Strike","floor":8,"key":"SMITH"},{"floor":13,"key":"REST"},{"data":"Clash","floor":15,"key":"SMITH"},{"floor":23,"key":"DIG"},{"floor":25,"key":"DIG"},{"floor":28,"key":"DIG"},{"floor":32,"key":"REST"}],"neow_cost":"PERCENT_DAMAGE","seed_source_timestamp":923725097991535,"circlet_count":0,"master_deck":["Strike_R+1","Strike_R+1","Strike_R","Strike_R","Strike_R","Defend_R","Defend_R","Defend_R","Bash+1","AscendersBane","Pommel Strike+1","Clash+1","Cleave","True Grit+1","Seeing Red+1","Feed","Sentinel+1","Pommel Strike+1","Trip+1","Pommel Strike+1","Flame Barrier+1","Disarm+1","Disarm+1"],"relics":["Burning Blood","The Courier","Toxic Egg 2","Blue Candle","Whetstone","Busted Crown","Shovel","Dodecahedron","Lee\u0027s Waffle","Happy Flower","Smiling Mask","Bottled Flame","Question Card","Lantern","Ornamental Fan","Prayer Wheel"],"potions_floor_usage":[12,16,16,19,31,33],"damage_taken":[{"damage":6,"enemies":"Cultist","floor":1,"turns":3},{"damage":13,"enemies":"2 Louse","floor":7,"turns":3},{"damage":10,"enemies":"Small Slimes","floor":11,"turns":3},{"damage":30,"enemies":"3 Sentries","floor":12,"turns":6},{"damage":31,"enemies":"Lagavulin","floor":14,"turns":5},{"damage":30,"enemies":"Slime Boss","floor":16,"turns":8},{"damage":10,"enemies":"3 Byrds","floor":18,"turns":6},{"damage":37,"enemies":"Colosseum Slavers","floor":19,"turns":6},{"damage":37,"enemies":"Colosseum Nobs","floor":19,"turns":5},{"damage":43,"enemies":"Slavers","floor":27,"turns":5},{"damage":28,"enemies":"Gremlin Leader","floor":29,"turns":4},{"damage":1,"enemies":"2 Thieves","floor":30,"turns":3},{"damage":13,"enemies":"Book of Stabbing","floor":31,"turns":4},{"damage":104,"enemies":"Champ","floor":33,"turns":13}],"seed_played":"7721957732309932661","potions_obtained":[{"floor":11,"key":"Explosive Potion"},{"floor":12,"key":"BloodPotion"},{"floor":14,"key":"Fire Potion"},{"floor":18,"key":"SkillPotion"},{"floor":29,"key":"LiquidBronze"},{"floor":30,"key":"GamblersBrew"}],"is_trial":false,"path_per_floor":["M","$","?","?","T","R","M","R","T","$","M","E","R","E","R","B",null,"M","?","$","?","$","R","$","R","T","E","R","E","M","E","R"],"character_chosen":"IRONCLAD","items_purchased":["Lee\u0027s Waffle","Trip+1"],"campfire_rested":2,"item_purchase_floors":[20,22],"current_hp_per_floor":[58,58,58,63,63,63,56,56,56,56,52,28,56,31,31,16,75,74,15,107,107,107,107,107,107,107,73,73,51,56,49,82,0],"gold":128,"neow_bonus":"TWENTY_PERCENT_HP_BONUS","is_prod":false,"is_daily":false,"chose_seed":false,"campfire_upgraded":3,"win_rate":0,"timestamp":1535395214,"path_taken":["M","?","?","?","?","R","M","R","T","$","M","E","R","E","R","BOSS","M","?","?","?","$","R","?","R","T","E","R","E","?","E","R","BOSS"],"build_version":"2018-08-23v2","purchased_purges":1,"victory":false,"max_hp_per_floor":[89,89,89,94,94,94,94,94,94,94,94,94,94,94,94,94,94,97,100,107,107,107,107,107,107,107,110,110,110,110,110,110,110],"card_choices":[{"not_picked":["Shrug It Off","Headbutt"],"picked":"Pommel Strike","floor":1},{"not_picked":["Intimidate","Twin Strike"],"picked":"Clash","floor":7},{"not_picked":["Wild Strike","Barricade"],"picked":"Cleave","floor":11},{"not_picked":["Perfected Strike","Blood for Blood"],"picked":"True Grit+1","floor":12},{"not_picked":["Rampage","Cleave"],"picked":"Seeing Red+1","floor":14},{"not_picked":["Berserk","Immolate"],"picked":"Feed","floor":16},{"not_picked":[],"picked":"Sentinel+1","floor":18},{"not_picked":[],"picked":"Pommel Strike+1","floor":19},{"not_picked":[],"picked":"Pommel Strike+1","floor":27},{"not_picked":["Uppercut"],"picked":"Flame Barrier+1","floor":29},{"not_picked":["Armaments+1"],"picked":"Disarm+1","floor":30},{"not_picked":["Havoc+1"],"picked":"Disarm+1","floor":31}],"player_experience":519637,"relics_obtained":[{"floor":5,"key":"The Courier"},{"floor":9,"key":"Toxic Egg 2"},{"floor":12,"key":"Blue Candle"},{"floor":14,"key":"Whetstone"},{"floor":19,"key":"Shovel"},{"floor":19,"key":"Dodecahedron"},{"floor":23,"key":"Happy Flower"},{"floor":25,"key":"Smiling Mask"},{"floor":26,"key":"Bottled Flame"},{"floor":27,"key":"Question Card"},{"floor":28,"key":"Lantern"},{"floor":29,"key":"Ornamental Fan"},{"floor":31,"key":"Prayer Wheel"}],"event_choices":[{"event_name":"Golden Idol","player_choice":"Ignored","floor":3,"damage_taken":0},{"event_name":"Big Fish","player_choice":"Donut","floor":4,"damage_taken":0},{"event_name":"Colosseum","player_choice":"Fight","floor":19,"damage_taken":0},{"event_name":"Colosseum","player_choice":"Fought Nobs","floor":19,"damage_taken":0},{"event_name":"Vampires","player_choice":"Ignored","floor":21,"damage_taken":0}],"is_beta":false,"boss_relics":[{"not_picked":["Snecko Eye","Orrery"],"picked":"Busted Crown"}],"items_purged_floors":[2],"is_endless":false,"potions_floor_spawned":[11,12,14,18,29,30],"killed_by":"Champ","ascension_level":20}