{"gold_per_floor":[111,111,128,228,241,241,266,266,266,282,207,221,252,252,252,252],"floor_reached":16,"playtime":545,"items_purged":[],"score":220,"play_id":"e4845a80-05ef-44d2-91ae-d7eebdfb2f4a","local_time":"20190215165826","is_ascension_mode":true,"campfire_choices":[{"data":"Uppercut","floor":6,"key":"SMITH"},{"data":"Metallicize","floor":8,"key":"SMITH"},{"floor":15,"key":"REST"}],"neow_cost":"NONE","seed_source_timestamp":24507246679742,"circlet_count":0,"master_deck":["AscendersBane","Strike_R","Strike_R","Strike_R","Strike_R","Strike_R","Defend_R","Defend_R","Bash","Twin Strike","Uppercut+1","Metallicize+1","Iron Wave","Clothesline","Bloodletting"],"relics":["Burning Blood","NeowsBlessing","Self Forming Clay","Dodecahedron","Singing Bowl"],"potions_floor_usage":[13],"damage_taken":[{"damage":0,"enemies":"2 Louse","floor":1,"turns":1},{"damage":0,"enemies":"Jaw Worm","floor":3,"turns":1},{"damage":0,"enemies":"Cultist","floor":5,"turns":1},{"damage":18,"enemies":"Gremlin Nob","floor":7,"turns":4},{"damage":3,"enemies":"Large Slime","floor":10,"turns":6},{"damage":8,"enemies":"Looter","floor":12,"turns":2},{"damage":29,"enemies":"Lagavulin","floor":13,"turns":6},{"damage":70,"enemies":"Slime Boss","floor":16,"turns":8}],"seed_played":"-1612377670851176786","potions_obtained":[{"floor":3,"key":"Weak Potion"},{"floor":7,"key":"BloodPotion"}],"is_trial":false,"path_per_floor":["M","?","M","?","M","R","E","R","T","M","?","M","E","?","R","B"],"character_chosen":"IRONCLAD","items_purchased":[],"campfire_rested":1,"item_purchase_floors":[],"current_hp_per_floor":[74,67,73,73,75,75,63,63,63,66,66,64,43,43,66,0],"gold":252,"neow_bonus":"THREE_ENEMY_KILL","is_prod":false,"is_daily":false,"chose_seed":false,"campfire_upgraded":2,"win_rate":0,"timestamp":1550275106,"path_taken":["M","?","M","?","M","R","E","R","T","?","?","M","E","?","R","BOSS"],"build_version":"2019-01-23","purchased_purges":0,"victory":false,"max_hp_per_floor":[75,75,75,75,75,75,75,75,75,75,75,75,77,77,77,77],"card_choices":[{"not_picked":["Flex","Heavy Blade"],"picked":"Twin Strike","floor":1},{"not_picked":["Corruption","Twin Strike"],"picked":"Uppercut","floor":3},{"not_picked":["Infernal Blade","Searing Blow"],"picked":"Metallicize","floor":5},{"not_picked":["Anger","Armaments"],"picked":"Iron Wave","floor":7},{"not_picked":["Flex","Searing Blow"],"picked":"Clothesline","floor":10},{"not_picked":["Thunderclap","Heavy Blade","Bloodletting"],"picked":"SKIP","floor":12},{"not_picked":["Thunderclap","Heavy Blade"],"picked":"Bloodletting","floor":12},{"not_picked":["Evolve","Cleave","Clothesline"],"picked":"Singing Bowl","floor":13}],"player_experience":841638,"relics_obtained":[{"floor":7,"key":"Self Forming Clay"},{"floor":9,"key":"Dodecahedron"},{"floor":13,"key":"Singing Bowl"}],"event_choices":[{"cards_removed":["Defend_R"],"damage_healed":0,"gold_gain":0,"player_choice":"Card Removal","damage_taken":7,"max_hp_gain":0,"max_hp_loss":0,"event_name":"Golden Wing","floor":2,"gold_loss":0},{"damage_healed":0,"gold_gain":100,"player_choice":"Gold","damage_taken":0,"max_hp_gain":0,"max_hp_loss":0,"event_name":"Wheel of Change","floor":4,"gold_loss":0},{"cards_removed":["Defend_R"],"damage_healed":0,"gold_gain":0,"player_choice":"Card Removal","damage_taken":0,"max_hp_gain":0,"max_hp_loss":0,"event_name":"The Cleric","floor":11,"gold_loss":75},{"damage_healed":0,"gold_gain":0,"player_choice":"Ignored","damage_taken":0,"max_hp_gain":0,"max_hp_loss":0,"event_name":"Liars Game","floor":14,"gold_loss":0}],"is_beta":false,"boss_relics":[],"items_purged_floors":[],"is_endless":false,"potions_floor_spawned":[3,7],"killed_by":"Slime Boss","ascension_level":20}