{"gold_per_floor":[111,126,144,144,157,157,187,187,187,205,80,80,80,107,107,208,208,219,235,235,235,435,435,455,455,455,475,527,527,557,396,396,396],"floor_reached":33,"playtime":1096,"items_purged":["Strike_B","Strike_B"],"score":316,"play_id":"4c04a262-4f55-49dc-ae9d-baba01854283","local_time":"20190216195155","is_ascension_mode":true,"campfire_choices":[{"data":"Streamline","floor":6,"key":"SMITH"},{"data":"Zap","floor":8,"key":"SMITH"},{"data":"Go for the Eyes","floor":13,"key":"SMITH"},{"data":"Self Repair","floor":15,"key":"SMITH"},{"data":"Loop","floor":23,"key":"SMITH"},{"data":"Seek","floor":25,"key":"SMITH"},{"data":"Capacitor","floor":29,"key":"SMITH"},{"floor":32,"key":"REST"}],"neow_cost":"NONE","seed_source_timestamp":19080564138300,"circlet_count":0,"master_deck":["Strike_B","Strike_B","Defend_B","Defend_B","Defend_B","Defend_B","Zap+1","Dualcast","Go for the Eyes+1","Streamline+1","Conserve Battery","Core Surge","Hologram+1","Self Repair+1","Seek+1","Capacitor+1","Loop+1","Compile Driver+1","Ball Lightning","Storm"],"relics":["Cracked Core","Smiling Mask","Emotion Chip","Blue Candle","Odd Mushroom","Velvet Choker","Enchiridion","Bottled Tornado","Vajra","Juzu Bracelet"],"potions_floor_usage":[7,24,33,33],"damage_taken":[{"damage":4,"enemies":"Jaw Worm","floor":1,"turns":3},{"damage":1,"enemies":"Cultist","floor":2,"turns":3},{"damage":0,"enemies":"Small Slimes","floor":3,"turns":3},{"damage":9,"enemies":"Looter","floor":5,"turns":3},{"damage":25,"enemies":"3 Sentries","floor":7,"turns":6},{"damage":0,"enemies":"3 Louse","floor":10,"turns":3},{"damage":6,"enemies":"The Mushroom Lair","floor":14,"turns":4},{"damage":15,"enemies":"The Guardian","floor":16,"turns":9},{"damage":8,"enemies":"3 Byrds","floor":18,"turns":5},{"damage":10,"enemies":"Spheric Guardian","floor":19,"turns":4},{"damage":7,"enemies":"Snake Plant","floor":24,"turns":5},{"damage":8,"enemies":"Centurion and Healer","floor":27,"turns":4},{"damage":27,"enemies":"Book of Stabbing","floor":30,"turns":4},{"damage":66,"enemies":"Automaton","floor":33,"turns":6}],"seed_played":"5862522736466691659","potions_obtained":[{"floor":1,"key":"PowerPotion"},{"floor":2,"key":"Ancient Potion"},{"floor":10,"key":"Ancient Potion"},{"floor":16,"key":"Block Potion"}],"is_trial":false,"path_per_floor":["M","M","M","?","M","R","E","R","T","M","$","?","R","?","R","B",null,"M","M","?","?","?","R","M","R","T","M","T","R","E","$","R","B"],"character_chosen":"DEFECT","items_purchased":["Self Repair","Storm","GamblersBrew"],"campfire_rested":1,"item_purchase_floors":[11,31,31],"current_hp_per_floor":[78,77,77,77,68,68,43,43,43,43,43,43,43,44,44,39,82,82,72,56,40,40,40,43,43,43,45,45,45,18,18,44,0],"gold":396,"neow_bonus":"TEN_PERCENT_HP_BONUS","is_prod":false,"is_daily":false,"chose_seed":false,"campfire_upgraded":7,"win_rate":0,"timestamp":1550339515,"path_taken":["M","M","M","?","?","R","E","R","T","?","$","?","R","?","R","BOSS","M","M","?","?","?","R","M","R","T","?","?","R","E","$","R","BOSS"],"build_version":"2019-01-23","purchased_purges":2,"victory":false,"max_hp_per_floor":[82,82,82,82,82,82,82,82,82,82,82,82,82,82,82,82,82,82,82,82,87,87,87,87,87,87,87,87,87,87,87,87,87],"card_choices":[{"not_picked":["Force Field","Go for the Eyes","Redo"],"picked":"SKIP","floor":1},{"not_picked":["Force Field","Redo"],"picked":"Go for the Eyes","floor":1},{"not_picked":["Compile Driver","Redo"],"picked":"Streamline","floor":2},{"not_picked":["Turbo","Aggregate"],"picked":"Conserve Battery","floor":3},{"not_picked":["Rebound","Leap"],"picked":"Conserve Battery","floor":5},{"not_picked":["Meteor Strike","Streamline"],"picked":"Core Surge","floor":7},{"not_picked":["Hello World","Gash"],"picked":"Hologram","floor":10},{"not_picked":["All For One","Reboot"],"picked":"Seek","floor":16},{"not_picked":["Stack","Steam Power"],"picked":"Capacitor","floor":18},{"not_picked":["Rebound","Sweeping Beam"],"picked":"Loop","floor":19},{"not_picked":["Melter","Glacier"],"picked":"Compile Driver+1","floor":24},{"not_picked":["Beam Cell+1","Compile Driver+1"],"picked":"Ball Lightning","floor":27},{"not_picked":["Compile Driver","Hologram","Steam Power"],"picked":"SKIP","floor":30}],"player_experience":775555,"relics_obtained":[{"floor":7,"key":"Emotion Chip"},{"floor":9,"key":"Blue Candle"},{"floor":14,"key":"Odd Mushroom"},{"floor":20,"key":"Enchiridion"},{"floor":26,"key":"Bottled Tornado"},{"floor":28,"key":"Vajra"},{"floor":30,"key":"Juzu Bracelet"}],"event_choices":[{"cards_removed":["Conserve Battery"],"damage_healed":0,"gold_gain":0,"player_choice":"Gave Card","damage_taken":0,"relics_obtained":["Smiling Mask"],"max_hp_gain":0,"max_hp_loss":0,"event_name":"WeMeetAgain","floor":4,"gold_loss":0},{"damage_healed":0,"gold_gain":0,"player_choice":"Grow","damage_taken":0,"max_hp_gain":0,"max_hp_loss":0,"event_name":"Living Wall","floor":12,"gold_loss":0,"cards_upgraded":["Hologram"]},{"damage_healed":0,"gold_gain":0,"player_choice":"Fought Mushrooms","damage_taken":0,"max_hp_gain":0,"max_hp_loss":0,"event_name":"Mushrooms","floor":14,"gold_loss":0},{"damage_healed":0,"gold_gain":0,"player_choice":"Obtained Book","damage_taken":16,"max_hp_gain":0,"max_hp_loss":0,"event_name":"Cursed Tome","floor":20,"gold_loss":0},{"damage_healed":0,"gold_gain":0,"player_choice":"Shed Blood","damage_taken":21,"max_hp_gain":5,"max_hp_loss":0,"event_name":"Forgotten Altar","floor":21,"gold_loss":0},{"damage_healed":0,"gold_gain":200,"player_choice":"Gold","damage_taken":0,"max_hp_gain":0,"max_hp_loss":0,"event_name":"Wheel of Change","floor":22,"gold_loss":0}],"is_beta":false,"boss_relics":[{"not_picked":["FrozenCore","Orrery"],"picked":"Velvet Choker"}],"items_purged_floors":[11,31],"is_endless":false,"potions_floor_spawned":[1,2,10,16,19],"killed_by":"Automaton","ascension_level":4}