{"gold_per_floor":[119,119,269,289,42,42,75,75,75,94,124,124,151,226,226,302,302,312,330,255,170,170,170,170,170,195,195,14,32,67,83,83,83],"floor_reached":33,"playtime":625,"items_purged":["Doubt","Strike_G"],"score":593,"play_id":"ca8bb1f6-d8e5-468f-b380-84218fbceb35","local_time":"20190107052512","is_ascension_mode":true,"campfire_choices":[{"data":"Bouncing Flask","floor":6.0,"key":"SMITH"},{"data":"Corpse Explosion","floor":8.0,"key":"SMITH"},{"data":"Blade Dance","floor":12.0,"key":"SMITH"},{"data":"Neutralize","floor":15,"key":"SMITH"},{"data":"Malaise","floor":23,"key":"SMITH"},{"data":"Accuracy","floor":25,"key":"SMITH"},{"floor":27,"key":"REST"},{"floor":32,"key":"REST"}],"neow_cost":"NONE","seed_source_timestamp":1261330262527034,"circlet_count":0,"master_deck":["AscendersBane","Defend_G","Defend_G","Defend_G","Defend_G","Strike_G","Survivor","Neutralize+1","Dagger Throw","Bouncing Flask+1","Corpse Explosion+1","Flying Knee","Blade Dance+1","Accuracy+1","Malaise+1","Acrobatics+1","Escape Plan","Footwork","Blade Dance","Escape Plan"],"special_seed":0,"relics":["Ring of the Snake","NeowsBlessing","PreservedInsect","Thread and Needle","Calipers","Ornamental Fan","Mercury Hourglass","Empty Cage","Dodecahedron","Enchiridion","Kunai","Boot","Gremlin Horn"],"potions_floor_usage":[13,16,19,29,33],"damage_taken":[{"damage":0.0,"enemies":"Small Slimes","floor":1.0,"turns":1.0},{"damage":0.0,"enemies":"Jaw Worm","floor":4.0,"turns":1.0},{"damage":0.0,"enemies":"Lagavulin","floor":7.0,"turns":1.0},{"damage":0.0,"enemies":"2 Louse","floor":10.0,"turns":2.0},{"damage":4.0,"enemies":"Gremlin Nob","floor":11.0,"turns":3.0},{"damage":2,"enemies":"3 Sentries","floor":13,"turns":2},{"damage":2,"enemies":"Hexaghost","floor":16,"turns":8},{"damage":11,"enemies":"2 Thieves","floor":18,"turns":2},{"damage":4,"enemies":"Chosen","floor":19,"turns":4},{"damage":5,"enemies":"Snake Plant","floor":29,"turns":4},{"damage":11,"enemies":"Slavers","floor":30,"turns":2},{"damage":4,"enemies":"Shelled Parasite and Fungi","floor":31,"turns":4},{"damage":45,"enemies":"Champ","floor":33,"turns":9}],"seed_played":"-266181793279199068","potions_obtained":[{"floor":1.0,"key":"Energy Potion"},{"floor":7.0,"key":"Poison Potion"},{"floor":13,"key":"Dexterity Potion"},{"floor":16,"key":"EssenceOfSteel"},{"floor":18,"key":"Ancient Potion"},{"floor":19,"key":"Block Potion"}],"is_trial":false,"path_per_floor":["M","?","?","M","$","R","E","R","T","M","E","R","E","?","R","B",null,"M","M","?","?","?","R","T","R","T","R","$","M","E","M","R","B"],"character_chosen":"THE_SILENT","items_purchased":["PreservedInsect","Footwork"],"campfire_rested":2,"item_purchase_floors":[5,28],"current_hp_per_floor":[59,52,52,52,52,52,52,52,52,52,48,48,46,35,35,33,58,47,43,43,43,22,22,22,22,22,41,41,36,25,21,40,0],"gold":83,"neow_bonus":"THREE_ENEMY_KILL","is_prod":false,"is_daily":false,"chose_seed":false,"campfire_upgraded":6,"win_rate":0,"timestamp":1546806312,"path_taken":["M","?","?","M","$","R","E","R","T","M","E","R","E","?","R","BOSS","M","M","?","?","?","R","?","R","T","R","$","?","E","M","R","BOSS"],"build_version":"2019-01-03v4","purchased_purges":2,"victory":false,"max_hp_per_floor":[66,66,66,66,66,66,66,66,66,66,66,66,66,66,66,66,66,66,66,66,66,66,66,66,66,66,66,66,66,66,66,66,66],"card_choices":[{"not_picked":["Eviscerate","Deflect"],"picked":"Dagger Throw","floor":1.0},{"not_picked":["Sucker Punch","Backflip"],"picked":"Bouncing Flask","floor":4.0},{"not_picked":["Dodge and Roll","Catalyst"],"picked":"Corpse Explosion","floor":7.0},{"not_picked":["Quick Slash","Outmaneuver"],"picked":"Flying Knee","floor":10.0},{"not_picked":["Distraction","Dodge and Roll"],"picked":"Blade Dance","floor":11.0},{"not_picked":["Dagger Spray","PiercingWail"],"picked":"Accuracy","floor":13},{"not_picked":["Phantasmal Killer","Night Terror"],"picked":"Malaise","floor":16},{"not_picked":["Flying Knee","Slice"],"picked":"Acrobatics+1","floor":18},{"not_picked":["Expertise","Backflip"],"picked":"Escape Plan","floor":19},{"not_picked":["Reflex","Infinite Blades"],"picked":"Blade Dance","floor":29},{"not_picked":["Heel Hook","Underhanded Strike","Blade Dance"],"picked":"SKIP","floor":30},{"not_picked":["A Thousand Cuts","Prepared"],"picked":"Escape Plan","floor":31}],"player_experience":843558,"relics_obtained":[{"floor":7.0,"key":"Thread and Needle"},{"floor":9.0,"key":"Calipers"},{"floor":11.0,"key":"Ornamental Fan"},{"floor":13,"key":"Mercury Hourglass"},{"floor":22,"key":"Enchiridion"},{"floor":24,"key":"Kunai"},{"floor":26,"key":"Boot"},{"floor":30,"key":"Gremlin Horn"}],"event_choices":[{"cards_removed":["Strike_G"],"damage_healed":0.0,"max_hp_gain":0.0,"max_hp_loss":0.0,"gold_gain":0.0,"event_name":"Golden Wing","player_choice":"Card Removal","floor":2.0,"gold_loss":0.0,"damage_taken":7.0},{"damage_healed":0.0,"max_hp_gain":0.0,"max_hp_loss":0.0,"gold_gain":150.0,"event_name":"Liars Game","player_choice":"AGREE","floor":3.0,"gold_loss":0.0,"damage_taken":0.0,"cards_obtained":["Doubt"]},{"damage_healed":0,"gold_gain":75,"player_choice":"Gather Gold","damage_taken":11,"max_hp_gain":0,"max_hp_loss":0,"event_name":"World of Goop","floor":14,"gold_loss":0},{"cards_removed":["Defend_G"],"damage_healed":0,"gold_gain":0,"player_choice":"Gave Gold","damage_taken":0,"max_hp_gain":0,"max_hp_loss":0,"event_name":"Beggar","floor":20,"gold_loss":75},{"damage_healed":0,"gold_gain":0,"player_choice":"Obtained Relic","damage_taken":0,"relics_obtained":["Dodecahedron"],"max_hp_gain":0,"max_hp_loss":0,"event_name":"Addict","floor":21,"gold_loss":85},{"damage_healed":0,"gold_gain":0,"player_choice":"Obtained Book","damage_taken":21,"max_hp_gain":0,"max_hp_loss":0,"event_name":"Cursed Tome","floor":22,"gold_loss":0}],"is_beta":false,"boss_relics":[{"not_picked":["Ring of the Serpent","Fusion Hammer"],"picked":"Empty Cage"}],"items_purged_floors":[5,28],"is_endless":false,"potions_floor_spawned":[1,7,13,16,18,19],"killed_by":"Champ","ascension_level":19}