{"gold_per_floor":[117,134,134,151,163,163,195,195,195,13,13],"floor_reached":11,"playtime":349,"items_purged":[],"score":106,"play_id":"623596e5-1a6c-4cea-91a3-86fef95559fc","local_time":"20180926223458","is_ascension_mode":true,"campfire_choices":[{"data":"Zap","floor":6,"key":"SMITH"}],"neow_cost":"NONE","seed_source_timestamp":777343767154300,"circlet_count":0,"master_deck":["Strike_B","Strike_B","Strike_B","Strike_B","Defend_B","Defend_B","Defend_B","Defend_B","Zap+1","Dualcast","FTL","Hologram","Coolheaded","Genetic Algorithm","Sweeping Beam","Conserve Battery"],"relics":["Cracked Core","NeowsBlessing","Blue Candle","Symbiotic Virus","PreservedInsect"],"potions_floor_usage":[],"damage_taken":[{"damage":0,"enemies":"Jaw Worm","floor":1,"turns":1},{"damage":0,"enemies":"2 Louse","floor":2,"turns":1},{"damage":0,"enemies":"Small Slimes","floor":4,"turns":1},{"damage":9,"enemies":"2 Fungi Beasts","floor":5,"turns":4},{"damage":46,"enemies":"Lagavulin","floor":7,"turns":6},{"damage":6,"enemies":"Gremlin Nob","floor":11,"turns":2}],"seed_played":"9150836942152479960","potions_obtained":[{"floor":2,"key":"Swift Potion"},{"floor":7,"key":"FearPotion"}],"is_trial":false,"path_per_floor":["M","M","?","M","M","R","E","?","T","$"],"character_chosen":"DEFECT","items_purchased":["PreservedInsect","Conserve Battery"],"campfire_rested":0,"item_purchase_floors":[10,10],"current_hp_per_floor":[68,68,68,68,59,59,13,6,6,6,0],"gold":13,"neow_bonus":"THREE_ENEMY_KILL","is_prod":false,"is_daily":false,"chose_seed":false,"campfire_upgraded":1,"win_rate":0,"timestamp":1538026498,"path_taken":["M","M","?","M","M","R","E","?","T","$","E"],"build_version":"2018-09-20","purchased_purges":0,"victory":false,"max_hp_per_floor":[75,75,75,75,75,75,75,75,75,75,75],"card_choices":[{"not_picked":["Turbo","Conserve Battery"],"picked":"FTL","floor":1},{"not_picked":["Coolheaded","Steam"],"picked":"Hologram","floor":2},{"not_picked":["Turbo","Redo"],"picked":"Coolheaded","floor":4},{"not_picked":["Beam Cell","Steam"],"picked":"Genetic Algorithm","floor":5},{"not_picked":["Steam","Fusion"],"picked":"Sweeping Beam","floor":7}],"player_experience":462140,"relics_obtained":[{"floor":7,"key":"Blue Candle"},{"floor":9,"key":"Symbiotic Virus"}],"event_choices":[{"event_name":"Liars Game","player_choice":"disagreed","floor":3,"damage_taken":0},{"event_name":"Scrap Ooze","player_choice":"unsuccessful","floor":8,"damage_taken":7}],"is_beta":false,"boss_relics":[],"items_purged_floors":[],"is_endless":false,"potions_floor_spawned":[2,7],"killed_by":"Gremlin Nob","ascension_level":9}