{"gold_per_floor":[11,11,25,25,37,37,70,87,110,110,128,158,158,170,170,241,241,251,251,251,267,357,357,375,375,375,375,375,402,402,418,418,494,494,510,510,524,66,116,116,116,116,140,155,167,167,184,184],"floor_reached":48,"playtime":1299,"items_purged":["Strike_R"],"score":970,"play_id":"3c61f997-f855-480c-9426-ad2212938bb8","local_time":"20180829045151","is_ascension_mode":true,"campfire_choices":[{"data":"Whirlwind","floor":6,"key":"SMITH"},{"floor":10,"key":"REST"},{"data":"Flex","floor":13,"key":"SMITH"},{"data":"Burning Pact","floor":15,"key":"SMITH"},{"floor":23,"key":"REST"},{"floor":25,"key":"REST"},{"data":"Seeing Red","floor":27,"key":"SMITH"},{"floor":32,"key":"REST"},{"data":"Panacea","floor":40,"key":"SMITH"},{"data":"Madness","floor":42,"key":"SMITH"},{"floor":46,"key":"REST"}],"neow_cost":"NO_GOLD","seed_source_timestamp":1014020693358346,"circlet_count":0,"master_deck":["Strike_R","Strike_R","Strike_R","Defend_R","Defend_R+1","Bash","AscendersBane","Metallicize","Limit Break+1","Pommel Strike","Burning Pact+1","Flex+1","Whirlwind+1","Flex+1","Clash","Battle Trance","Battle Trance","Offering","Seeing Red+1","Shrug It Off+1","Thunderclap","Shockwave","Madness+1","Madness+1","Clash","Panacea+1","Headbutt+1","Heavy Blade","Pummel+1"],"relics":["Burning Blood","Omamori","Blood Vial","Dream Catcher","Busted Crown","Blue Candle","Champion Belt","Question Card","Darkstone Periapt","Cursed Key","Mercury Hourglass","Bird Faced Urn","Happy Flower"],"potions_floor_usage":[7,12,16,37,39],"damage_taken":[{"damage":4,"enemies":"Jaw Worm","floor":1,"turns":5},{"damage":6,"enemies":"Cultist","floor":3,"turns":4},{"damage":2,"enemies":"Small Slimes","floor":5,"turns":3},{"damage":36,"enemies":"3 Sentries","floor":7,"turns":5},{"damage":4,"enemies":"3 Louse","floor":8,"turns":2},{"damage":7,"enemies":"2 Fungi Beasts","floor":11,"turns":3},{"damage":9,"enemies":"Lagavulin","floor":12,"turns":5},{"damage":18,"enemies":"Red Slaver","floor":14,"turns":3},{"damage":27,"enemies":"Hexaghost","floor":16,"turns":6},{"damage":11,"enemies":"2 Thieves","floor":18,"turns":2},{"damage":25,"enemies":"Shell Parasite","floor":21,"turns":3},{"damage":28,"enemies":"Shelled Parasite and Fungi","floor":24,"turns":2},{"damage":10,"enemies":"Gremlin Leader","floor":29,"turns":4},{"damage":22,"enemies":"Centurion and Healer","floor":31,"turns":4},{"damage":16,"enemies":"Champ","floor":33,"turns":7},{"damage":6,"enemies":"Flame Bruiser 1 Orb","floor":35,"turns":2},{"damage":0,"enemies":"3 Darklings","floor":37,"turns":3},{"damage":19,"enemies":"Mysterious Sphere","floor":39,"turns":2},{"damage":21,"enemies":"Spire Growth","floor":44,"turns":3},{"damage":28,"enemies":"Transient","floor":45,"turns":6},{"damage":24,"enemies":"Maw","floor":47,"turns":5},{"damage":43,"enemies":"Spire Growth","floor":48,"turns":3}],"seed_played":"6258513975525162746","potions_obtained":[{"floor":5,"key":"Ancient Potion"},{"floor":7,"key":"FearPotion"},{"floor":11,"key":"FearPotion"},{"floor":21,"key":"Fire Potion"},{"floor":31,"key":"AttackPotion"},{"floor":45,"key":"Strength Potion"}],"is_trial":false,"path_per_floor":["M","?","M","?","M","R","E","M","T","R","M","E","R","M","R","B",null,"M","?","?","M","?","R","M","R","T","R","T","E","?","M","R","B",null,"M","?","M","$","?","R","?","R","T","M","M","R","M"],"character_chosen":"IRONCLAD","items_purchased":["Panacea","Mercury Hourglass"],"campfire_rested":5,"item_purchase_floors":[38,38],"current_hp_per_floor":[70,70,70,47,51,51,21,23,23,45,46,45,45,35,35,16,60,57,57,57,40,26,48,28,50,50,50,50,48,63,49,71,63,72,74,60,68,68,57,57,57,57,57,46,28,50,36,0],"gold":184,"neow_bonus":"TRANSFORM_TWO_CARDS","is_prod":false,"is_daily":false,"chose_seed":false,"campfire_upgraded":6,"win_rate":0,"timestamp":1535485911,"path_taken":["M","?","M","?","M","R","E","M","T","R","M","E","R","M","R","BOSS","M","?","?","M","?","R","M","R","T","R","?","E","?","M","R","BOSS","M","?","M","$","?","R","?","R","T","?","M","R","M","M"],"build_version":"2018-08-23v2","purchased_purges":1,"victory":false,"max_hp_per_floor":[75,75,75,75,75,75,75,75,75,75,75,75,75,75,75,75,75,75,75,75,75,75,75,75,75,75,75,75,75,75,75,75,75,75,75,75,75,75,75,75,75,75,75,75,75,75,75,75],"card_choices":[{"not_picked":["Shockwave","Wild Strike"],"picked":"Pommel Strike","floor":1},{"not_picked":["Wild Strike","Heavy Blade"],"picked":"Flex","floor":3},{"not_picked":["Power Through","Infernal Blade"],"picked":"Whirlwind","floor":5},{"not_picked":["Flame Barrier","Headbutt"],"picked":"Flex","floor":7},{"not_picked":["Heavy Blade","Anger"],"picked":"Clash","floor":8},{"not_picked":["True Grit","Body Slam"],"picked":"Battle Trance","floor":11},{"not_picked":["Perfected Strike","Dual Wield","Feel No Pain"],"picked":"SKIP","floor":12},{"not_picked":["Bludgeon","Disarm"],"picked":"Battle Trance","floor":14},{"not_picked":["Brutality","Barricade"],"picked":"Offering","floor":16},{"not_picked":["Corruption"],"picked":"SKIP","floor":18},{"not_picked":[],"picked":"Seeing Red","floor":21},{"not_picked":["Wild Strike"],"picked":"SKIP","floor":24},{"not_picked":[],"picked":"Shrug It Off+1","floor":25},{"not_picked":["Flex","Rupture"],"picked":"SKIP","floor":29},{"not_picked":["Headbutt"],"picked":"Thunderclap","floor":31},{"not_picked":["Warcry"],"picked":"Shockwave","floor":32},{"not_picked":["Body Slam","Clothesline"],"picked":"SKIP","floor":35},{"not_picked":["Second Wind"],"picked":"Clash","floor":37},{"not_picked":["Iron Wave+1"],"picked":"Headbutt+1","floor":44},{"not_picked":["Flame Barrier","Power Through"],"picked":"SKIP","floor":45},{"not_picked":["Hemokinesis"],"picked":"Heavy Blade","floor":46},{"not_picked":["Headbutt"],"picked":"Pummel+1","floor":47}],"player_experience":529146,"relics_obtained":[{"floor":7,"key":"Omamori"},{"floor":9,"key":"Blood Vial"},{"floor":12,"key":"Dream Catcher"},{"floor":26,"key":"Champion Belt"},{"floor":28,"key":"Question Card"},{"floor":29,"key":"Darkstone Periapt"},{"floor":39,"key":"Bird Faced Urn"},{"floor":43,"key":"Happy Flower"}],"event_choices":[{"event_name":"Transmorgrifier","player_choice":"Transform","floor":2,"damage_taken":0},{"event_name":"Shining Light","player_choice":"Entered Light","floor":4,"damage_taken":0},{"event_name":"Upgrade Shrine","player_choice":"Upgraded","floor":19,"damage_taken":0},{"event_name":"Addict","player_choice":"Stole Relic","floor":20,"damage_taken":0},{"event_name":"Knowing Skull","player_choice":"GOLD ","floor":22,"damage_taken":0},{"event_name":"The Library","player_choice":"Heal","floor":30,"damage_taken":0},{"event_name":"Winding Halls","player_choice":"Embrace Madness","floor":36,"damage_taken":0},{"event_name":"Mysterious Sphere","player_choice":"Fight","floor":39,"damage_taken":0},{"event_name":"Accursed Blacksmith","player_choice":"Forge","floor":41,"damage_taken":0}],"is_beta":false,"boss_relics":[{"not_picked":["Lizard Tail","Velvet Choker"],"picked":"Busted Crown"},{"not_picked":["Snecko Eye","Black Blood"],"picked":"Cursed Key"}],"items_purged_floors":[38],"is_endless":false,"potions_floor_spawned":[5,7,11,21,31,35,45],"killed_by":"Spire Growth","ascension_level":20}