{"gold_per_floor":[116,135,155,155,155,181,181,181,234,248,261,279,279],"floor_reached":13,"playtime":755,"items_purged":[],"score":87,"play_id":"b61aa411-75f2-406f-ace8-529d668c04eb","local_time":"20180823192559","is_ascension_mode":false,"campfire_choices":[{"floor":8,"key":"REST"}],"neow_cost":"NONE","seed_source_timestamp":258732409610842,"circlet_count":0,"master_deck":["Strike_B","Strike_B","Strike_B","Strike_B","Defend_B","Defend_B","Defend_B","Defend_B","Zap","Dualcast","Echo Form","Fusion","Compile Driver","Hello World","Rebound","Gash","Genetic Algorithm","Gash"],"relics":["Cracked Core","Bag of Marbles","Letter Opener","Ornamental Fan","Dream Catcher"],"potions_floor_usage":[12,12],"damage_taken":[{"damage":1,"enemies":"Jaw Worm","floor":1,"turns":4},{"damage":15,"enemies":"Small Slimes","floor":2,"turns":5},{"damage":1,"enemies":"Cultist","floor":3,"turns":4},{"damage":32,"enemies":"Lagavulin","floor":6,"turns":8},{"damage":8,"enemies":"2 Fungi Beasts","floor":10,"turns":3},{"damage":23,"enemies":"Large Slime","floor":11,"turns":6},{"damage":0,"enemies":"3 Louse","floor":12,"turns":1},{"damage":7,"enemies":"2 Fungi Beasts","floor":13,"turns":1}],"seed_played":"2826539037162354661","potions_obtained":[{"floor":2,"key":"PowerPotion"},{"floor":3,"key":"Ancient Potion"},{"floor":10,"key":"SpeedPotion"},{"floor":12,"key":"SneckoOil"}],"is_trial":false,"path_per_floor":["M","M","M","?","?","E","?","R","T","M","M","M"],"character_chosen":"DEFECT","items_purchased":[],"campfire_rested":1,"item_purchase_floors":[],"current_hp_per_floor":[74,59,58,58,58,26,14,36,36,28,5,5,0],"gold":279,"neow_bonus":"ONE_RANDOM_RARE_CARD","is_prod":false,"is_daily":false,"chose_seed":false,"campfire_upgraded":0,"win_rate":0.0,"timestamp":1535018159,"path_taken":["M","M","M","?","?","E","?","R","T","?","M","M","M"],"build_version":"2018-08-16","purchased_purges":0,"victory":false,"max_hp_per_floor":[75,75,75,75,75,75,75,75,75,75,75,75,75],"card_choices":[{"not_picked":["Cold Snap","Rebound"],"picked":"Fusion","floor":1},{"not_picked":["Aggregate","Conserve Battery"],"picked":"Compile Driver","floor":2},{"not_picked":["Leap","Redo"],"picked":"Hello World","floor":3},{"not_picked":["Reboot","Redo"],"picked":"Rebound","floor":6},{"not_picked":["Chill","Cold Snap"],"picked":"Gash","floor":10},{"not_picked":["Stack","Gash"],"picked":"Genetic Algorithm","floor":11},{"not_picked":["Ball Lightning","Rebound"],"picked":"Gash","floor":12}],"player_experience":13698,"relics_obtained":[{"floor":6,"key":"Letter Opener"},{"floor":9,"key":"Dream Catcher"}],"event_choices":[{"event_name":"Big Fish","player_choice":"Box","floor":4,"damage_taken":0},{"event_name":"Living Wall","player_choice":"Forget","floor":5,"damage_taken":0},{"event_name":"Scrap Ooze","player_choice":"success","floor":7,"damage_taken":12}],"is_beta":false,"boss_relics":[],"items_purged_floors":[],"is_endless":false,"potions_floor_spawned":[2,3,10,12],"killed_by":"2 Fungi Beasts","ascension_level":0}