{"gold_per_floor":[217,234,309,309,5,5,5,5,30,30,63,238,254,43,43,140,140,156,255,42,42,42,42,61,61,87,87,87,98,98,112,112,211,211,230,230,243,263,263,263,273,198,198,198,27,27,39,74,74,74],"floor_reached":51,"playtime":1533,"items_purged":["Strike_B","Doubt"],"score":880,"play_id":"bda2eda6-33f0-429a-af91-c3aaf43c94b6","local_time":"20190216234601","is_ascension_mode":true,"campfire_choices":[{"data":"Loop","floor":6,"key":"SMITH"},{"floor":8,"key":"REST"},{"data":"Zap","floor":10,"key":"SMITH"},{"data":"Capacitor","floor":15,"key":"SMITH"},{"data":"Self Repair","floor":23,"key":"SMITH"},{"data":"Defragment","floor":30,"key":"SMITH"},{"floor":32,"key":"REST"},{"data":"Defragment","floor":40,"key":"SMITH"},{"data":"Seek","floor":44,"key":"SMITH"},{"data":"Seek","floor":46,"key":"SMITH"},{"data":"Biased Cognition","floor":49,"key":"SMITH"}],"neow_cost":"NONE","seed_source_timestamp":32678570144600,"circlet_count":0,"master_deck":["Zap+1","Dualcast+1","Leap","Loop+1","Ball Lightning","Capacitor+1","Seek+1","Biased Cognition+1","Consume+1","Defragment+1","Lockon","Seek+1","Defragment+1","Self Repair+1","Steam+1","Cold Snap","BootSequence","Seek+1","Conserve Battery","Barrage+1","Hologram+1"],"relics":["Cracked Core","Membership Card","Regal Pillow","Art of War","Bronze Scales","Pen Nib","Cables","Pandora\u0027s Box","Runic Capacitor","Oddly Smooth Stone","Centennial Puzzle","Nuclear Battery","Lantern","War Paint","Lee\u0027s Waffle","Bag of Marbles","Symbiotic Virus"],"potions_floor_usage":[11,16,16,33,35,50,50],"damage_taken":[{"damage":10,"enemies":"Small Slimes","floor":1,"turns":3},{"damage":0,"enemies":"2 Louse","floor":2,"turns":2},{"damage":26,"enemies":"3 Sentries","floor":11,"turns":5},{"damage":0,"enemies":"Cultist","floor":13,"turns":3},{"damage":2,"enemies":"The Guardian","floor":16,"turns":7},{"damage":3,"enemies":"Chosen","floor":18,"turns":3},{"damage":11,"enemies":"3 Byrds","floor":24,"turns":3},{"damage":27,"enemies":"Sentry and Sphere","floor":29,"turns":3},{"damage":19,"enemies":"Snake Plant","floor":31,"turns":3},{"damage":32,"enemies":"Automaton","floor":33,"turns":7},{"damage":21,"enemies":"3 Darklings","floor":35,"turns":4},{"damage":0,"enemies":"Orb Walker","floor":37,"turns":3},{"damage":3,"enemies":"Sphere and 2 Shapes","floor":38,"turns":3},{"damage":2,"enemies":"Transient","floor":41,"turns":5},{"damage":17,"enemies":"Spire Growth","floor":47,"turns":4},{"damage":8,"enemies":"Giant Head","floor":48,"turns":6},{"damage":12,"enemies":"Time Eater","floor":50,"turns":5}],"seed_played":"5755743736756615242","potions_obtained":[{"floor":1,"key":"Fire Potion"},{"floor":11,"key":"FairyPotion"},{"floor":13,"key":"Weak Potion"},{"floor":31,"key":"Strength Potion"},{"floor":33,"key":"SkillPotion"},{"floor":35,"key":"LiquidBronze"},{"floor":39,"key":"PowerPotion"},{"floor":41,"key":"FocusPotion"}],"is_trial":false,"path_per_floor":["M","M","?","?","$","R","?","R","T","R","E","?","M","$","R","B",null,"M","?","$","?","?","R","M","$","T","?","?","M","R","M","R","B",null,"M","?","M","M","?","R","M","$","T","R","$","R","M","E","R","B",null],"character_chosen":"DEFECT","items_purchased":["Membership Card","Regal Pillow","Capacitor","Cables","PowerPotion","Runic Capacitor","Oddly Smooth Stone","Self Repair","Lantern","Lee\u0027s Waffle","Bag of Marbles"],"campfire_rested":2,"item_purchase_floors":[5,5,14,14,14,20,20,20,42,45,45],"current_hp_per_floor":[58,58,47,40,40,40,15,52,52,52,26,26,26,26,26,24,62,59,59,59,59,59,59,48,48,48,48,48,31,31,12,49,27,63,52,52,52,59,59,59,67,67,67,67,82,82,75,77,77,65],"gold":74,"neow_bonus":"HUNDRED_GOLD","is_prod":false,"is_daily":false,"chose_seed":false,"campfire_upgraded":9,"win_rate":0,"timestamp":1550353561,"path_taken":["M","M","?","?","$","R","?","R","T","R","E","?","M","?","R","BOSS","M","?","$","?","?","R","?","?","T","?","?","M","R","M","R","BOSS","M","?","M","M","?","R","?","$","T","R","$","R","M","E","R","BOSS"],"build_version":"2019-01-23","purchased_purges":2,"victory":true,"max_hp_per_floor":[75,75,75,75,75,75,75,75,75,75,75,75,75,75,75,75,75,75,75,75,75,75,75,75,75,75,75,75,75,75,75,75,75,75,75,75,75,75,75,75,75,75,75,75,82,82,82,82,82,82],"card_choices":[{"not_picked":["Rip and Tear","Compile Driver"],"picked":"Leap","floor":1},{"not_picked":["White Noise","Leap"],"picked":"Loop","floor":2},{"not_picked":["Leap","Go for the Eyes","Lockon"],"picked":"SKIP","floor":11},{"not_picked":["Cold Snap","BootSequence"],"picked":"Ball Lightning","floor":13},{"not_picked":["Meteor Strike","Machine Learning"],"picked":"Seek","floor":16},{"not_picked":["Turbo","Doom and Gloom"],"picked":"Defragment","floor":18},{"not_picked":["Sweeping Beam","Rip and Tear"],"picked":"Steam+1","floor":24},{"not_picked":["Force Field","Streamline"],"picked":"Cold Snap","floor":29},{"not_picked":["Leap","Streamline"],"picked":"BootSequence","floor":31},{"not_picked":["Reboot","Biased Cognition"],"picked":"Seek","floor":33},{"not_picked":["Ball Lightning+1","Stack","Sweeping Beam+1"],"picked":"SKIP","floor":35},{"not_picked":["Leap","Ball Lightning","Beam Cell"],"picked":"SKIP","floor":37},{"not_picked":["Hello World","Tempest+1"],"picked":"Conserve Battery","floor":38},{"not_picked":["Streamline","Tempest","Genetic Algorithm+1"],"picked":"SKIP","floor":41},{"not_picked":["Hologram","Heatsinks"],"picked":"Barrage+1","floor":47},{"not_picked":["Coolheaded","Doom and Gloom+1"],"picked":"Hologram+1","floor":48}],"player_experience":786925,"relics_obtained":[{"floor":9,"key":"Bronze Scales"},{"floor":11,"key":"Pen Nib"},{"floor":26,"key":"Centennial Puzzle"},{"floor":43,"key":"War Paint"},{"floor":48,"key":"Symbiotic Virus"}],"event_choices":[{"damage_healed":0,"gold_gain":75,"player_choice":"Gather Gold","damage_taken":11,"max_hp_gain":0,"max_hp_loss":0,"event_name":"World of Goop","floor":3,"gold_loss":0},{"cards_removed":["Defend_B"],"damage_healed":0,"gold_gain":0,"player_choice":"Card Removal","damage_taken":7,"max_hp_gain":0,"max_hp_loss":0,"event_name":"Golden Wing","floor":4,"gold_loss":0},{"damage_healed":0,"gold_gain":0,"player_choice":"Success","damage_taken":25,"relics_obtained":["Art of War"],"max_hp_gain":0,"max_hp_loss":0,"event_name":"Scrap Ooze","floor":7,"gold_loss":0},{"damage_healed":0,"gold_gain":175,"player_choice":"AGREE","damage_taken":0,"max_hp_gain":0,"max_hp_loss":0,"event_name":"Liars Game","floor":12,"gold_loss":0,"cards_obtained":["Doubt"]},{"damage_healed":0,"gold_gain":99,"player_choice":"Stole From Cult","damage_taken":0,"max_hp_gain":0,"max_hp_loss":0,"event_name":"Nest","floor":19,"gold_loss":0},{"damage_healed":0,"gold_gain":0,"player_choice":"Ignored","damage_taken":0,"max_hp_gain":0,"max_hp_loss":0,"event_name":"Beggar","floor":21,"gold_loss":0},{"damage_healed":0,"gold_gain":0,"player_choice":"Upgraded","damage_taken":0,"max_hp_gain":0,"max_hp_loss":0,"event_name":"Upgrade Shrine","floor":22,"gold_loss":0,"cards_upgraded":["Consume"]},{"cards_removed":["Rip and Tear"],"damage_healed":0,"gold_gain":0,"player_choice":"Elegance","damage_taken":0,"max_hp_gain":0,"max_hp_loss":0,"event_name":"Back to Basics","floor":27,"gold_loss":0},{"damage_healed":0,"gold_gain":0,"player_choice":"Ignored","damage_taken":0,"max_hp_gain":0,"max_hp_loss":0,"event_name":"Vampires","floor":28,"gold_loss":0},{"damage_healed":0,"gold_gain":0,"player_choice":"Memory 1","damage_taken":0,"max_hp_gain":0,"max_hp_loss":0,"event_name":"SensoryStone","floor":36,"gold_loss":0},{"damage_healed":0,"gold_gain":0,"player_choice":"Got Potions","damage_taken":0,"max_hp_gain":0,"max_hp_loss":0,"event_name":"Lab","floor":39,"gold_loss":0}],"is_beta":false,"boss_relics":[{"not_picked":["White Beast Statue","Coffee Dripper"],"picked":"Pandora\u0027s Box"},{"not_picked":["Orrery","Eternal Feather"],"picked":"Nuclear Battery"}],"items_purged_floors":[5,14],"is_endless":false,"potions_floor_spawned":[1,11,13,31,33,35,41,47],"ascension_level":6}