{"gold_per_floor":[16,16,33,33,47,77,77,105,105,121,136,101,26,42,42,114,114,114,54,54,54,54,54,54,54,54,54,54,54,54,54,54,54,54,54,54,54],"floor_reached":37,"playtime":1035,"items_purged":["Defend_R"],"score":953,"play_id":"748d5036-e0a8-4a07-82f9-ba283162fc3f","local_time":"20180828040943","is_ascension_mode":true,"campfire_choices":[{"floor":7,"key":"REST"},{"data":"Shrug It Off","floor":15,"key":"SMITH"},{"data":"Clash","floor":28,"key":"SMITH"},{"data":"Defend_R","floor":32,"key":"SMITH"}],"neow_cost":"NO_GOLD","seed_source_timestamp":925357041763393,"circlet_count":0,"master_deck":["Strike_R","Strike_R","Strike_R","Strike_R+1","Strike_R","Defend_R+1","Defend_R","Defend_R","Bash+1","AscendersBane","Spot Weakness+1","Shrug It Off+1","Clash+1","Feed+1","Twin Strike+1","Cleave+1","Perfected Strike+1","Headbutt+1","Pummel+1","Headbutt+1","Perfected Strike+1","Ghostly+1","Ghostly+1","Ghostly+1","Ghostly+1","Ghostly+1","Uppercut+1","Ghostly Armor+1","Havoc+1","Limit Break+1","Perfected Strike+1"],"relics":["Burning Blood","Pen Nib","Mercury Hourglass","Molten Egg 2","Ectoplasm","Toxic Egg 2","Bronze Scales","Boot","Smiling Mask","Sozu"],"potions_floor_usage":[6,6,10,16,18,22,23,27,27,29,33],"damage_taken":[{"damage":0,"enemies":"Small Slimes","floor":1,"turns":6},{"damage":4,"enemies":"Jaw Worm","floor":3,"turns":4},{"damage":5,"enemies":"2 Louse","floor":5,"turns":3},{"damage":48,"enemies":"Lagavulin","floor":6,"turns":8},{"damage":32,"enemies":"Gremlin Nob","floor":8,"turns":4},{"damage":2,"enemies":"Exordium Wildlife","floor":10,"turns":2},{"damage":2,"enemies":"Large Slime","floor":11,"turns":5},{"damage":0,"enemies":"2 Fungi Beasts","floor":14,"turns":2},{"damage":54,"enemies":"Hexaghost","floor":16,"turns":7},{"damage":35,"enemies":"Shell Parasite","floor":18,"turns":3},{"damage":12,"enemies":"2 Thieves","floor":19,"turns":3},{"damage":7,"enemies":"Chosen and Byrds","floor":22,"turns":3},{"damage":13,"enemies":"Gremlin Leader","floor":23,"turns":3},{"damage":6,"enemies":"Slavers","floor":27,"turns":4},{"damage":0,"enemies":"Gremlin Leader","floor":29,"turns":8},{"damage":0,"enemies":"Centurion and Healer","floor":30,"turns":3},{"damage":3,"enemies":"3 Cultists","floor":31,"turns":4},{"damage":28,"enemies":"Automaton","floor":33,"turns":8},{"damage":6,"enemies":"Orb Walker","floor":35,"turns":2},{"damage":62,"enemies":"Time Eater","floor":37,"turns":8}],"seed_played":"-6523691358588340672","potions_obtained":[{"floor":1,"key":"SkillPotion"},{"floor":3,"key":"GamblersBrew"},{"floor":8,"key":"Fire Potion"},{"floor":10,"key":"GamblersBrew"},{"floor":16,"key":"Explosive Potion"},{"floor":18,"key":"PowerPotion"},{"floor":22,"key":"Strength Potion"},{"floor":23,"key":"EntropicBrew"},{"floor":27,"key":"FearPotion"},{"floor":30,"key":"SkillPotion"}],"is_trial":false,"path_per_floor":["M","?","M","?","M","E","R","E","T","M","M","?","$","M","R","B",null,"M","M","?","?","M","E","$","?","T","E","R","E","M","M","R","B",null,"M","?"],"character_chosen":"IRONCLAD","items_purchased":[],"campfire_rested":1,"item_purchase_floors":[],"current_hp_per_floor":[88,61,63,63,64,22,48,22,22,29,33,56,56,65,65,20,79,50,47,47,47,50,43,43,43,43,47,47,57,60,64,64,42,59,59,59,0],"gold":54,"neow_bonus":"TWENTY_PERCENT_HP_BONUS","is_prod":false,"is_daily":false,"chose_seed":false,"campfire_upgraded":3,"win_rate":0,"timestamp":1535396983,"path_taken":["M","?","M","?","M","E","R","E","T","M","M","?","$","?","R","BOSS","M","M","?","?","M","E","$","?","T","E","R","E","M","M","R","BOSS","M","?","BOSS"],"build_version":"2018-08-23v2","purchased_purges":1,"victory":false,"max_hp_per_floor":[89,89,89,89,89,89,89,89,89,92,92,92,92,95,95,98,98,98,101,101,101,105,105,105,52,52,56,56,60,60,64,64,64,64,64,64,64],"card_choices":[{"not_picked":["Iron Wave","Warcry"],"picked":"Spot Weakness","floor":1},{"not_picked":["Headbutt","Disarm"],"picked":"Shrug It Off","floor":3},{"not_picked":["Heavy Blade","Second Wind"],"picked":"Clash","floor":5},{"not_picked":["Corruption","Second Wind"],"picked":"Feed","floor":6},{"not_picked":["Wild Strike","Armaments","Searing Blow"],"picked":"SKIP","floor":8},{"not_picked":["Rage","Corruption"],"picked":"Twin Strike+1","floor":10},{"not_picked":["Body Slam+1","Anger+1"],"picked":"Cleave+1","floor":11},{"not_picked":["Carnage+1","Disarm"],"picked":"Perfected Strike+1","floor":14},{"not_picked":["True Grit","Cleave+1"],"picked":"Headbutt+1","floor":18},{"not_picked":["Rampage+1","Hemokinesis+1"],"picked":"Pummel+1","floor":19},{"not_picked":["Hemokinesis+1","Armaments"],"picked":"Headbutt+1","floor":22},{"not_picked":["Uppercut+1","Sword Boomerang+1"],"picked":"Perfected Strike+1","floor":23},{"not_picked":["Rampage+1","Exhume+1"],"picked":"Uppercut+1","floor":27},{"not_picked":["Dual Wield+1","Hemokinesis+1"],"picked":"Ghostly Armor+1","floor":29},{"not_picked":["Iron Wave+1","Clothesline+1","Anger+1"],"picked":"SKIP","floor":30},{"not_picked":["Cleave+1","Clothesline+1"],"picked":"Havoc+1","floor":31},{"not_picked":["Feed+1","Impervious+1"],"picked":"Limit Break+1","floor":33},{"not_picked":["Pommel Strike+1","Inflame"],"picked":"Perfected Strike+1","floor":35}],"player_experience":521249,"relics_obtained":[{"floor":6,"key":"Pen Nib"},{"floor":8,"key":"Mercury Hourglass"},{"floor":9,"key":"Molten Egg 2"},{"floor":23,"key":"Toxic Egg 2"},{"floor":26,"key":"Bronze Scales"},{"floor":27,"key":"Boot"},{"floor":29,"key":"Smiling Mask"}],"event_choices":[{"event_name":"Shining Light","player_choice":"Entered Light","floor":2,"damage_taken":0},{"event_name":"Living Wall","player_choice":"Grow","floor":4,"damage_taken":0},{"event_name":"The Cleric","player_choice":"Healed","floor":12,"damage_taken":0},{"event_name":"Vampires","player_choice":"Ignored","floor":20,"damage_taken":0},{"event_name":"Upgrade Shrine","player_choice":"Upgraded","floor":21,"damage_taken":0},{"event_name":"Ghosts","player_choice":"Became a Ghost","floor":25,"damage_taken":0},{"event_name":"SecretPortal","player_choice":"Took Portal.","floor":36,"damage_taken":0}],"is_beta":false,"boss_relics":[{"not_picked":["Empty Cage","Orrery"],"picked":"Ectoplasm"},{"not_picked":["Lizard Tail","Runic Pyramid"],"picked":"Sozu"}],"items_purged_floors":[13],"is_endless":false,"potions_floor_spawned":[1,3,8,10,16,18,22,23,27,30],"killed_by":"Time Eater","ascension_level":20}