{"gold_per_floor":[219,219,48,64,64,96,96,116,139,150,183,201,201,231,231,326,326,344,68,79,79,79,79,108,108,108,124,124,124,156,187,199,308,320,345,357,36,53,67,83,99,118,118,118,118],"floor_reached":45,"playtime":2659,"items_purged":[],"score":800,"play_id":"d3470597-5750-46da-911c-a87e4b36a6d0","local_time":"20180929140442","is_ascension_mode":true,"campfire_choices":[{"floor":7.0,"key":"REST"},{"floor":13.0,"key":"REST"},{"data":"Zap","floor":15.0,"key":"SMITH"},{"floor":23.0,"key":"REST"},{"floor":25,"key":"REST"},{"floor":32,"key":"REST"}],"neow_cost":"NONE","seed_source_timestamp":1343011991453459,"circlet_count":0,"master_deck":["Defend_B","Defend_B","Defend_B","Defend_B+1","Zap+1","Dualcast","AscendersBane","Sweeping Beam","Steam","Cold Snap+1","Leap+1","Sweeping Beam","BootSequence","Cold Snap","Compile Driver","Conserve Battery","Echo Form","Melter","Apotheosis","Bandage Up","Bite","Bite","Bite","Bite","Bite","RitualDagger","Defragment","Loop+1","Ball Lightning","Sunder","Consume+1","Seek","Leap+1","Madness","Madness","Go for the Eyes","Heatsinks","Hologram","Glacier+1","Streamline+1","Multi-Cast","Ball Lightning+1"],"special_seed":0,"relics":["Cracked Core","Bag of Preparation","Ancient Tea Set","Bag of Marbles","Mercury Hourglass","Whetstone","Fusion Hammer","Question Card","Dodecahedron","War Paint","MawBank","Lizard Tail","DataDisk","Dead Branch","StoneCalendar"],"potions_floor_usage":[24,33,37,41,41],"damage_taken":[{"damage":10.0,"enemies":"2 Louse","floor":1.0,"turns":2.0},{"damage":2.0,"enemies":"Jaw Worm","floor":4.0,"turns":3.0},{"damage":10.0,"enemies":"Gremlin Nob","floor":6.0,"turns":3.0},{"damage":0.0,"enemies":"Small Slimes","floor":8.0,"turns":2.0},{"damage":0.0,"enemies":"Exordium Wildlife","floor":10.0,"turns":2.0},{"damage":18.0,"enemies":"Lagavulin","floor":11.0,"turns":6.0},{"damage":0.0,"enemies":"Exordium Thugs","floor":12.0,"turns":2.0},{"damage":0.0,"enemies":"3 Sentries","floor":14.0,"turns":4.0},{"damage":24.0,"enemies":"Slime Boss","floor":16.0,"turns":6.0},{"damage":5.0,"enemies":"Shell Parasite","floor":18.0,"turns":4.0},{"damage":0.0,"enemies":"Chosen","floor":20.0,"turns":4.0},{"damage":40,"enemies":"Book of Stabbing","floor":24,"turns":7},{"damage":1,"enemies":"3 Cultists","floor":27,"turns":4},{"damage":44,"enemies":"Slavers","floor":30,"turns":5},{"damage":18,"enemies":"Shelled Parasite and Fungi","floor":31,"turns":3},{"damage":24,"enemies":"Champ","floor":33,"turns":11},{"damage":0,"enemies":"3 Shapes","floor":35,"turns":3},{"damage":8,"enemies":"Orb Walker","floor":38,"turns":3},{"damage":4,"enemies":"Reptomancer","floor":39,"turns":6},{"damage":7,"enemies":"Sphere and 2 Shapes","floor":40,"turns":4},{"damage":73,"enemies":"Transient","floor":41,"turns":5},{"damage":6,"enemies":"Maw","floor":42,"turns":7},{"damage":35,"enemies":"2 Orb Walkers","floor":45,"turns":3}],"seed_played":"-7984694937394125581","potions_obtained":[{"floor":4.0,"key":"AttackPotion"},{"floor":8.0,"key":"AttackPotion"},{"floor":10.0,"key":"Weak Potion"},{"floor":16.0,"key":"Poison Potion"},{"floor":18.0,"key":"SpeedPotion"},{"floor":20.0,"key":"Strength Potion"},{"floor":38,"key":"SkillPotion"},{"floor":39,"key":"Energy Potion"}],"is_trial":false,"path_per_floor":["M","?","$","M","?","E","R","M","T","M","E","M","R","E","R","B",null,"M","$","M","?","?","R","E","R","T","M","?","?","E","M","R","B",null,"M","?","$","M","M","M","M","M","T","T"],"character_chosen":"DEFECT","items_purchased":["Bag of Preparation","Steam","Apotheosis","Bandage Up","DataDisk","Fruit Juice","Go for the Eyes","Heatsinks"],"campfire_rested":5,"item_purchase_floors":[3,3,19,19,37,37,37,37],"current_hp_per_floor":[58,43,43,41,41,31,53,53,53,53,35,35,57,57,57,33,65,60,60,60,52,46,52,30,45,45,52,52,52,19,16,31,32,47,52,45,50,48,57,53,28,35,35,35,0],"gold":118,"neow_bonus":"HUNDRED_GOLD","is_prod":false,"is_daily":false,"chose_seed":false,"campfire_upgraded":1,"win_rate":0,"timestamp":1538255082,"path_taken":["M","?","$","M","?","E","R","?","T","M","E","M","R","E","R","BOSS","M","$","M","?","?","R","E","R","T","M","?","?","E","M","R","BOSS","M","?","?","M","M","M","M","M","T","?","E"],"build_version":"2018-09-27","purchased_purges":0,"victory":false,"max_hp_per_floor":[75,75,75,75,75,75,75,75,75,75,75,75,75,75,75,75,75,75,75,75,52,52,52,52,52,52,52,52,52,52,52,52,52,52,52,52,57,57,57,57,57,57,57,57,57],"card_choices":[{"not_picked":["Compile Driver","Steam"],"picked":"Sweeping Beam","floor":1.0},{"not_picked":["Beam Cell","Stack"],"picked":"Cold Snap","floor":4.0},{"not_picked":["Rip and Tear","Rebound"],"picked":"Leap","floor":6.0},{"not_picked":["Amplify","Skim"],"picked":"Sweeping Beam","floor":8.0},{"not_picked":["Go for the Eyes","Redo"],"picked":"BootSequence","floor":10.0},{"not_picked":["Undo","Stack"],"picked":"Cold Snap","floor":11.0},{"not_picked":["Redo","Sweeping Beam"],"picked":"Compile Driver","floor":12.0},{"not_picked":["Leap","Skim"],"picked":"Conserve Battery","floor":14.0},{"not_picked":["Fission","Amplify"],"picked":"Echo Form","floor":16.0},{"not_picked":["Chaos","Turbo+1"],"picked":"Melter","floor":18.0},{"not_picked":["Doom and Gloom","Sweeping Beam","Gash"],"picked":"SKIP","floor":20.0},{"not_picked":["Meteor Strike","Coolheaded"],"picked":"Defragment","floor":24},{"not_picked":["Chaos+1","Sweeping Beam","Hologram"],"picked":"Loop+1","floor":27},{"not_picked":["Darkness","Loop","Echo Form"],"picked":"Sunder","floor":30},{"not_picked":["Coolheaded","Streamline","FTL"],"picked":"Consume+1","floor":31},{"not_picked":["Hyperbeam","All For One","Echo Form"],"picked":"Seek","floor":33},{"not_picked":["Turbo","Defragment+1","Steam Power+1"],"picked":"Leap+1","floor":35},{"not_picked":["Go for the Eyes","Auto Shields","Reprogram+1"],"picked":"Hologram","floor":38},{"not_picked":["Steam","Gash+1","Cold Snap+1"],"picked":"Glacier+1","floor":39},{"not_picked":["Doom and Gloom+1","Rebound+1","Go for the Eyes"],"picked":"Streamline+1","floor":40},{"not_picked":["Streamline+1","Melter","Conserve Battery"],"picked":"Multi-Cast","floor":41},{"not_picked":["Stack","Rip and Tear","Compile Driver+1"],"picked":"Ball Lightning+1","floor":42}],"player_experience":476555,"relics_obtained":[{"floor":6.0,"key":"Ancient Tea Set"},{"floor":9.0,"key":"Bag of Marbles"},{"floor":11.0,"key":"Mercury Hourglass"},{"floor":14.0,"key":"Whetstone"},{"floor":24,"key":"Question Card"},{"floor":26,"key":"Dodecahedron"},{"floor":30,"key":"MawBank"},{"floor":43,"key":"Dead Branch"},{"floor":44,"key":"StoneCalendar"}],"event_choices":[{"event_name":"Shining Light","player_choice":"Entered Light","floor":2.0,"damage_taken":0.0},{"event_name":"Liars Game","player_choice":"disagreed","floor":5.0,"damage_taken":0.0},{"event_name":"Vampires","player_choice":"Became a vampire","floor":21.0,"damage_taken":0.0},{"event_name":"Nest","player_choice":"Joined the Cult","floor":22.0,"damage_taken":0.0},{"event_name":"WeMeetAgain","player_choice":"Potion","floor":28,"damage_taken":0},{"event_name":"The Library","player_choice":"Read","floor":29,"damage_taken":0},{"event_name":"Winding Halls","player_choice":"Embrace Madness","floor":36,"damage_taken":0}],"is_beta":false,"boss_relics":[{"not_picked":["Empty Cage","Eternal Feather"],"picked":"Fusion Hammer"},{"not_picked":["Runic Dome","Pandora\u0027s Box"],"picked":"Lizard Tail"}],"items_purged_floors":[],"is_endless":false,"potions_floor_spawned":[4,8,10,16,18,20,38,39],"killed_by":"2 Orb Walkers","ascension_level":10}