{"gold_per_floor":[109,109,119,15,15,47,47,79,79,94,94,68,81,114,114,214,214,228,228,228,228,153,153,171,186,186,218,236,335,335],"floor_reached":30,"playtime":1058,"items_purged":[],"score":279,"play_id":"8cdc530c-9fd2-41bd-9ed0-db6b65731fe8","local_time":"20181111111936","is_ascension_mode":true,"campfire_choices":[{"data":"Armaments","floor":7,"key":"SMITH"},{"data":"Inflame","floor":11,"key":"SMITH"},{"data":"Armaments","floor":15,"key":"SMITH"},{"data":"J.A.X.","floor":23,"key":"SMITH"}],"neow_cost":"NONE","seed_source_timestamp":503724221608361,"circlet_count":0,"master_deck":["Strike_R+1","Strike_R+1","Strike_R+1","Defend_R+1","Defend_R+1","Defend_R+1","Defend_R+1","Bash","Inflame+1","Clothesline","Blood for Blood","Infernal Blade","Armaments+1","Blood for Blood","Infernal Blade","Armaments+1","Feed","Headbutt","Uppercut","J.A.X.+1","Rupture","Inflame","Infernal Blade"],"relics":["Burning Blood","PreservedInsect","NlothsMask","Happy Flower","The Courier","Strawberry","Sozu","Thread and Needle","Omamori"],"potions_floor_usage":[16,16,24],"damage_taken":[{"damage":1,"enemies":"Cultist","floor":1,"turns":3},{"damage":15,"enemies":"Jaw Worm","floor":3,"turns":4},{"damage":16,"enemies":"Lagavulin","floor":6,"turns":6},{"damage":21,"enemies":"3 Sentries","floor":8,"turns":5},{"damage":5,"enemies":"Small Slimes","floor":10,"turns":2},{"damage":7,"enemies":"Blue Slaver","floor":13,"turns":2},{"damage":11,"enemies":"Lagavulin","floor":14,"turns":4},{"damage":24,"enemies":"Hexaghost","floor":16,"turns":7},{"damage":17,"enemies":"Spheric Guardian","floor":18,"turns":4},{"damage":23,"enemies":"3 Byrds","floor":24,"turns":4},{"damage":23,"enemies":"Snake Plant","floor":25,"turns":3},{"damage":23,"enemies":"Slavers","floor":27,"turns":4},{"damage":19,"enemies":"Sentry and Sphere","floor":28,"turns":4},{"damage":15,"enemies":"Gremlin Leader","floor":30,"turns":5}],"seed_played":"-5542831166386730362","potions_obtained":[{"floor":1,"key":"GamblersBrew"},{"floor":8,"key":"SneckoOil"},{"floor":16,"key":"LiquidBronze"}],"is_trial":false,"path_per_floor":["M","?","M","$","?","E","R","E","T","M","R","?","M","E","R","B",null,"M","?","?","?","?","R","M","M","T","E","M","?","E"],"character_chosen":"IRONCLAD","items_purchased":["Blood for Blood","Infernal Blade"],"campfire_rested":0,"item_purchase_floors":[4,4],"current_hp_per_floor":[80,80,71,71,71,61,61,46,46,47,47,47,46,48,48,30,87,76,76,76,76,76,76,59,42,42,25,12,12,0],"gold":335,"neow_bonus":"RANDOM_COMMON_RELIC","is_prod":false,"is_daily":false,"chose_seed":false,"campfire_upgraded":4,"win_rate":0,"timestamp":1541897376,"path_taken":["M","?","?","?","?","E","R","E","T","?","R","?","M","E","R","BOSS","M","?","?","?","?","R","M","M","T","E","M","?","E"],"build_version":"2018-11-08","purchased_purges":0,"victory":false,"max_hp_per_floor":[80,80,80,80,80,80,80,80,80,80,80,80,80,87,87,87,87,87,87,87,87,87,87,87,87,87,87,87,87,87],"card_choices":[{"not_picked":["Body Slam","Heavy Blade"],"picked":"Inflame","floor":1},{"not_picked":["Spot Weakness","Sentinel"],"picked":"Clothesline","floor":3},{"not_picked":["Feel No Pain","Dual Wield"],"picked":"Armaments","floor":6},{"not_picked":["Perfected Strike","Corruption"],"picked":"Blood for Blood","floor":8},{"not_picked":["Cleave","Shrug It Off"],"picked":"Infernal Blade","floor":10},{"not_picked":["Warcry","Heavy Blade","Evolve"],"picked":"SKIP","floor":13},{"not_picked":["Havoc","Corruption"],"picked":"Armaments","floor":14},{"not_picked":["Double Tap","Offering"],"picked":"Feed","floor":16},{"not_picked":["Reckless Charge","Battle Trance+1"],"picked":"Headbutt","floor":18},{"not_picked":["Wild Strike","Havoc","Shockwave"],"picked":"SKIP","floor":24},{"not_picked":["Wild Strike+1","Headbutt"],"picked":"Rupture","floor":25},{"not_picked":["Anger","Thunderclap"],"picked":"Inflame","floor":27},{"not_picked":["Body Slam","Entrench+1"],"picked":"Infernal Blade","floor":28}],"player_experience":390102,"relics_obtained":[{"floor":6,"key":"Happy Flower"},{"floor":8,"key":"The Courier"},{"floor":14,"key":"Strawberry"},{"floor":26,"key":"Thread and Needle"},{"floor":27,"key":"Omamori"}],"event_choices":[{"damage_healed":0,"gold_gain":0,"player_choice":"Trade","damage_taken":0,"relics_obtained":["NlothsMask"],"max_hp_gain":0,"max_hp_loss":0,"event_name":"FaceTrader","floor":2,"gold_loss":0},{"cards_removed":["Strike_R"],"damage_healed":0,"gold_gain":0,"player_choice":"Offered Basic","damage_taken":0,"max_hp_gain":0,"max_hp_loss":0,"event_name":"Bonfire Elementals","floor":5,"gold_loss":0},{"damage_healed":0,"gold_gain":0,"player_choice":"Left Gold","damage_taken":0,"max_hp_gain":0,"max_hp_loss":0,"event_name":"World of Goop","floor":12,"gold_loss":26},{"damage_healed":0,"gold_gain":0,"player_choice":"Read","damage_taken":0,"max_hp_gain":0,"max_hp_loss":0,"event_name":"The Library","floor":19,"gold_loss":0,"cards_obtained":["Uppercut"]},{"damage_healed":0,"gold_gain":0,"player_choice":"Simplicity","damage_taken":0,"max_hp_gain":0,"max_hp_loss":0,"event_name":"Back to Basics","floor":20,"gold_loss":0,"cards_upgraded":["Strike_R","Strike_R","Strike_R","Strike_R","Defend_R","Defend_R","Defend_R","Defend_R"]},{"damage_healed":0,"gold_gain":0,"player_choice":"Obtain J.A.X.","damage_taken":0,"max_hp_gain":0,"max_hp_loss":0,"event_name":"Drug Dealer","floor":21,"gold_loss":0,"cards_obtained":["J.A.X."]},{"cards_removed":["Strike_R"],"damage_healed":0,"gold_gain":0,"player_choice":"Gave Gold","damage_taken":0,"max_hp_gain":0,"max_hp_loss":0,"event_name":"Beggar","floor":22,"gold_loss":75},{"damage_healed":0,"gold_gain":99,"player_choice":"Stole From Cult","damage_taken":0,"max_hp_gain":0,"max_hp_loss":0,"event_name":"Nest","floor":29,"gold_loss":0}],"is_beta":false,"boss_relics":[{"not_picked":["Runic Dome","Black Star"],"picked":"Sozu"}],"items_purged_floors":[],"is_endless":false,"potions_floor_spawned":[1,8,16,25,28],"killed_by":"Gremlin Leader","ascension_level":1}