{"gold_per_floor":[361,5,22,22,34,34,34,34,61,61,117,117,117,146,146,249,249,259,259,259,21,31,57,57,82,82,82,100,115,135,135,135,231,231,244,254,32,52,52,87,140,174,220,248,270,282,294,331,343,355],"floor_reached":51,"playtime":2118,"items_purged":["Strike_R"],"score":1034,"play_id":"1dbfa269-48ba-467c-8492-edee372509f2","local_time":"20181022151533","is_ascension_mode":true,"campfire_choices":[{"data":"Sword Boomerang","floor":6,"key":"SMITH"},{"data":"Disarm","floor":8,"key":"SMITH"},{"data":"Defend_R","floor":10,"key":"SMITH"},{"data":"Cleave","floor":12,"key":"SMITH"},{"data":"Iron Wave","floor":15,"key":"SMITH"},{"data":"Heavy Blade","floor":24,"key":"SMITH"},{"data":"Shockwave","floor":27,"key":"SMITH"},{"floor":32,"key":"REST"},{"data":"Defend_R","floor":47,"key":"SMITH"},{"data":"Bash","floor":49,"key":"PURGE"}],"neow_cost":"PERCENT_DAMAGE","seed_source_timestamp":261612074876079,"circlet_count":0,"master_deck":["Strike_R","Strike_R","Strike_R","Strike_R","Defend_R+1","Defend_R+1","Defend_R+1","Defend_R+1","Sword Boomerang+1","Disarm+1","Cleave+1","Iron Wave+1","Immolate+1","Twin Strike","Feel No Pain+1","Heavy Blade+1","Shockwave+1","Iron Wave+1","Warcry+1","Reaper+1","Havoc+1","Heavy Blade+1"],"relics":["Black Blood","Brimstone","Bronze Scales","Bag of Marbles","Self Forming Clay","Juzu Bracelet","Meat on the Bone","Letter Opener","Anchor","Bottled Tornado","Runic Dome","Whetstone","Lantern","Champion Belt","War Paint","Art of War","MawBank","Peace Pipe"],"potions_floor_usage":[16,16,23,33,40,40,42,42,50],"damage_taken":[{"damage":1,"enemies":"Cultist","floor":1,"turns":3},{"damage":8,"enemies":"Jaw Worm","floor":3,"turns":2},{"damage":0,"enemies":"2 Louse","floor":5,"turns":2},{"damage":0,"enemies":"Gremlin Nob","floor":11,"turns":2},{"damage":0,"enemies":"Gremlin Nob","floor":14,"turns":2},{"damage":46,"enemies":"Hexaghost","floor":16,"turns":4},{"damage":13,"enemies":"3 Byrds","floor":18,"turns":2},{"damage":13,"enemies":"Spheric Guardian","floor":22,"turns":3},{"damage":46,"enemies":"Slavers","floor":23,"turns":4},{"damage":27,"enemies":"Book of Stabbing","floor":25,"turns":4},{"damage":21,"enemies":"Shelled Parasite and Fungi","floor":28,"turns":3},{"damage":23,"enemies":"Sentry and Sphere","floor":29,"turns":4},{"damage":3,"enemies":"Chosen and Byrds","floor":30,"turns":4},{"damage":32,"enemies":"Collector","floor":33,"turns":6},{"damage":6,"enemies":"3 Shapes","floor":35,"turns":3},{"damage":6,"enemies":"Orb Walker","floor":36,"turns":3},{"damage":4,"enemies":"Sphere and 2 Shapes","floor":38,"turns":3},{"damage":12,"enemies":"Reptomancer","floor":40,"turns":4},{"damage":20,"enemies":"2 Orb Walkers","floor":41,"turns":4},{"damage":7,"enemies":"Giant Head","floor":42,"turns":5},{"damage":18,"enemies":"Nemesis","floor":44,"turns":3},{"damage":9,"enemies":"3 Darklings","floor":45,"turns":3},{"damage":27,"enemies":"Giant Head","floor":48,"turns":6},{"damage":80,"enemies":"Time Eater","floor":50,"turns":8}],"seed_played":"-707213988897399876","potions_obtained":[{"floor":3,"key":"SteroidPotion"},{"floor":14,"key":"LiquidBronze"},{"floor":16,"key":"Swift Potion"},{"floor":23,"key":"Fruit Juice"},{"floor":25,"key":"Poison Potion"},{"floor":29,"key":"Poison Potion"},{"floor":30,"key":"AttackPotion"},{"floor":33,"key":"Weak Potion"},{"floor":41,"key":"Strength Potion"},{"floor":44,"key":"Weak Potion"}],"is_trial":false,"path_per_floor":["M","$","M","?","M","R","$","R","T","R","?","R","?","E","R","B",null,"M","?","?","$","M","E","R","E","T","R","M","M","M","?","R","B",null,"M","M","$","M","?","E","?","E","T","E","M","?","R","E","R","B"],"character_chosen":"IRONCLAD","items_purchased":["Brimstone","Bronze Scales","Meat on the Bone","Whetstone"],"campfire_rested":1,"item_purchase_floors":[2,2,21,37],"current_hp_per_floor":[61,61,59,80,80,80,80,80,80,80,80,80,80,80,80,40,80,77,77,77,77,74,55,55,50,50,50,51,50,57,41,68,58,90,90,90,90,90,90,90,81,90,90,83,84,84,84,90,90,51],"gold":367,"neow_bonus":"TWO_FIFTY_GOLD","is_prod":false,"is_daily":false,"chose_seed":false,"campfire_upgraded":8,"win_rate":0,"timestamp":1540183533,"path_taken":["M","$","M","?","M","R","$","R","T","R","?","R","?","E","R","BOSS","M","?","?","$","M","E","R","E","T","R","M","M","M","?","R","BOSS","M","M","$","M","?","E","?","E","T","E","M","?","R","E","R","BOSS"],"build_version":"2018-10-18","purchased_purges":1,"victory":true,"max_hp_per_floor":[80,80,80,80,80,80,80,80,80,80,80,80,80,80,80,80,80,80,80,80,80,80,85,85,85,85,85,85,85,85,90,90,90,90,90,90,90,90,90,90,90,90,90,90,90,90,90,90,90,90],"card_choices":[{"not_picked":["Headbutt","Body Slam","Combust"],"picked":"SKIP","floor":1},{"not_picked":["Clash","Twin Strike"],"picked":"Sword Boomerang","floor":3},{"not_picked":["Seeing Red","Sword Boomerang"],"picked":"Disarm","floor":5},{"not_picked":["Uppercut","Rage"],"picked":"Cleave","floor":11},{"not_picked":["Armaments","Burning Pact"],"picked":"Iron Wave","floor":14},{"not_picked":["Berserk","Dark Embrace"],"picked":"Immolate","floor":16},{"not_picked":["Armaments","Disarm"],"picked":"Twin Strike","floor":18},{"not_picked":["Body Slam","Iron Wave+1","Havoc"],"picked":"SKIP","floor":22},{"not_picked":["Iron Wave","Corruption"],"picked":"Shockwave","floor":23},{"not_picked":["Body Slam+1","Shockwave+1","Fiend Fire"],"picked":"SKIP","floor":25},{"not_picked":["Warcry","Perfected Strike"],"picked":"Iron Wave+1","floor":28},{"not_picked":["Hemokinesis","Body Slam"],"picked":"Warcry","floor":29},{"not_picked":["Perfected Strike","Brutality","Sword Boomerang+1"],"picked":"SKIP","floor":30},{"not_picked":["Barricade","Impervious"],"picked":"Reaper","floor":33},{"not_picked":["Wild Strike+1","Armaments+1"],"picked":"Havoc+1","floor":35},{"not_picked":["Perfected Strike","Rupture"],"picked":"Heavy Blade+1","floor":36},{"not_picked":["Twin Strike+1","Fire Breathing","Searing Blow+1"],"picked":"SKIP","floor":38},{"not_picked":["Rupture","Iron Wave","Dropkick"],"picked":"SKIP","floor":40},{"not_picked":["Flex","Berserk","Impervious"],"picked":"SKIP","floor":42},{"not_picked":["True Grit+1","Iron Wave+1","Sword Boomerang"],"picked":"SKIP","floor":44},{"not_picked":["Headbutt","Twin Strike+1","Disarm"],"picked":"SKIP","floor":45},{"not_picked":["Dropkick+1","Twin Strike","Iron Wave"],"picked":"SKIP","floor":48}],"player_experience":335732,"relics_obtained":[{"floor":9,"key":"Bag of Marbles"},{"floor":11,"key":"Self Forming Clay"},{"floor":14,"key":"Juzu Bracelet"},{"floor":23,"key":"Letter Opener"},{"floor":25,"key":"Anchor"},{"floor":26,"key":"Bottled Tornado"},{"floor":40,"key":"Lantern"},{"floor":41,"key":"Champion Belt"},{"floor":42,"key":"War Paint"},{"floor":43,"key":"Art of War"},{"floor":44,"key":"MawBank"},{"floor":48,"key":"Peace Pipe"}],"event_choices":[{"damage_healed":26,"gold_gain":0,"player_choice":"Banana","damage_taken":0,"max_hp_gain":0,"max_hp_loss":0,"event_name":"Big Fish","floor":4,"gold_loss":0},{"damage_healed":0,"gold_gain":0,"player_choice":"Searched \u00272\u0027 times","damage_taken":0,"max_hp_gain":0,"max_hp_loss":0,"event_name":"Dead Adventurer","floor":11,"gold_loss":0},{"damage_healed":0,"gold_gain":0,"player_choice":"Grow","damage_taken":0,"max_hp_gain":0,"max_hp_loss":0,"event_name":"Living Wall","floor":13,"gold_loss":0,"cards_upgraded":["Defend_R"]},{"damage_healed":0,"gold_gain":0,"player_choice":"1 cards matched","damage_taken":0,"max_hp_gain":0,"max_hp_loss":0,"event_name":"Match and Keep!","floor":19,"gold_loss":0,"cards_obtained":["Feel No Pain"]},{"damage_healed":0,"gold_gain":0,"player_choice":"1 cards matched","damage_taken":0,"max_hp_gain":0,"max_hp_loss":0,"event_name":"Match and Keep!","floor":19,"gold_loss":0,"cards_obtained":["Feel No Pain"]},{"damage_healed":0,"gold_gain":0,"player_choice":"Read","damage_taken":0,"max_hp_gain":0,"max_hp_loss":0,"event_name":"The Library","floor":20,"gold_loss":0,"cards_obtained":["Heavy Blade"]},{"damage_healed":0,"gold_gain":0,"player_choice":"Shed Blood","damage_taken":21,"max_hp_gain":5,"max_hp_loss":0,"event_name":"Forgotten Altar","floor":31,"gold_loss":0},{"damage_healed":0,"gold_gain":0,"player_choice":"Upgraded","damage_taken":0,"max_hp_gain":0,"max_hp_loss":0,"event_name":"Upgrade Shrine","floor":39,"gold_loss":0,"cards_upgraded":["Feel No Pain"]},{"damage_healed":0,"gold_gain":0,"player_choice":"Fight","damage_taken":0,"max_hp_gain":0,"max_hp_loss":0,"event_name":"Mysterious Sphere","floor":41,"gold_loss":0},{"damage_healed":0,"gold_gain":0,"player_choice":"Memory 1","damage_taken":0,"max_hp_gain":0,"max_hp_loss":0,"event_name":"SensoryStone","floor":46,"gold_loss":0}],"is_beta":false,"boss_relics":[{"not_picked":["Busted Crown","Calling Bell"],"picked":"Black Blood"},{"not_picked":["Philosopher\u0027s Stone","Astrolabe"],"picked":"Runic Dome"}],"items_purged_floors":[37],"is_endless":false,"potions_floor_spawned":[3,14,16,23,25,29,30,33,36,41,44],"ascension_level":4}