{"gold_per_floor":[131,143,175,200,237,289,301,344,434,446],"floor_reached":10,"playtime":505,"items_purged":[],"score":121,"play_id":"05e1d375-de23-438d-b787-660ae11b4c6e","local_time":"20181012004506","is_ascension_mode":true,"campfire_choices":[{"floor":7,"key":"REST"}],"neow_cost":"NONE","seed_source_timestamp":2420547237697663,"circlet_count":0,"master_deck":["Strike_B","Strike_B","Strike_B","Strike_B","Defend_B","Defend_B","Defend_B","Defend_B","Zap","Dualcast","AscendersBane","Self Repair","Steam","Electrodynamics","Genetic Algorithm","Go for the Eyes"],"relics":["Cracked Core","MawBank","Golden Idol","Smiling Mask","Calipers","Letter Opener"],"potions_floor_usage":[6,10],"damage_taken":[{"damage":12,"enemies":"Small Slimes","floor":1,"turns":3},{"damage":0,"enemies":"2 Louse","floor":3,"turns":3},{"damage":1,"enemies":"Cultist","floor":4,"turns":3},{"damage":6,"enemies":"2 Fungi Beasts","floor":5,"turns":3},{"damage":24,"enemies":"Lagavulin","floor":6,"turns":6},{"damage":48,"enemies":"Gremlin Nob","floor":8,"turns":5},{"damage":18,"enemies":"3 Louse","floor":10,"turns":2}],"seed_played":"-2317144706766914518","potions_obtained":[{"floor":3,"key":"AttackPotion"},{"floor":4,"key":"LiquidBronze"},{"floor":8,"key":"Swift Potion"}],"is_trial":false,"path_per_floor":["M","?","M","M","M","E","R","E","T"],"character_chosen":"DEFECT","items_purchased":[],"campfire_rested":1,"item_purchase_floors":[],"current_hp_per_floor":[56,38,45,51,52,35,57,16,16,0],"gold":446,"neow_bonus":"RANDOM_COMMON_RELIC","is_prod":false,"is_daily":false,"chose_seed":false,"campfire_upgraded":0,"win_rate":0,"timestamp":1539330306,"path_taken":["M","?","M","M","M","E","R","E","T","?"],"build_version":"2018-10-11","purchased_purges":0,"victory":false,"max_hp_per_floor":[75,75,75,75,75,75,75,75,75,75],"card_choices":[{"not_picked":["Streamline","FTL"],"picked":"Self Repair","floor":1},{"not_picked":["Lockon","Coolheaded"],"picked":"Steam","floor":3},{"not_picked":["Stack","Blizzard","Heatsinks"],"picked":"SKIP","floor":4},{"not_picked":["Ball Lightning","Hologram"],"picked":"Electrodynamics","floor":5},{"not_picked":["Steam","Cold Snap"],"picked":"Genetic Algorithm","floor":6},{"not_picked":["Genetic Algorithm","Hologram"],"picked":"Go for the Eyes","floor":8}],"player_experience":529495,"relics_obtained":[{"floor":6,"key":"Smiling Mask"},{"floor":8,"key":"Calipers"},{"floor":9,"key":"Letter Opener"}],"event_choices":[{"event_name":"Golden Idol","player_choice":"Take Damage","floor":2,"damage_taken":0}],"is_beta":false,"boss_relics":[],"items_purged_floors":[],"is_endless":false,"potions_floor_spawned":[3,4,8],"killed_by":"3 Louse","ascension_level":11}