{"gold_per_floor":[112,112,187,187,201,201,219,219,219,23,23,58,73,87,87,191,191,204,304,42,55,55,83,83,95,95,105,124,124,152,168,168,273,273,293,303,317,139,0,27,27,58,109,31,47,47,47,66,66,66],"floor_reached":51,"playtime":2381,"items_purged":["Wild Strike"],"score":782,"play_id":"5c23a326-961f-4043-beb6-a1c1e9a88b3e","local_time":"20181002005812","is_ascension_mode":true,"campfire_choices":[{"data":"Bash","floor":6,"key":"SMITH"},{"data":"Infernal Blade","floor":8,"key":"SMITH"},{"data":"Armaments","floor":15,"key":"SMITH"},{"data":"Shrug It Off","floor":24,"key":"SMITH"},{"data":"Offering","floor":29,"key":"SMITH"},{"floor":32,"key":"REST"},{"floor":41,"key":"REST"},{"data":"Clothesline","floor":47,"key":"SMITH"},{"floor":49,"key":"REST"}],"neow_cost":"NONE","seed_source_timestamp":1212590852554548,"circlet_count":0,"master_deck":["Bash+1","Iron Wave+1","Iron Wave","Infernal Blade+1","Armaments+1","Clothesline+1","Offering+1","Dropkick+1","Shrug It Off+1","Iron Wave","Thunderclap+1","Anger","Burning Pact","Fire Breathing","Metallicize+1","Flex","Ghostly Armor","Reaper","Flex+1","Sentinel+1","Exhume","Blind","Blood for Blood+1","Rupture","Rage"],"relics":["Burning Blood","Orichalcum","Happy Flower","ClockworkSouvenir","Potion Belt","Pandora\u0027s Box","Kunai","PreservedInsect","Meat on the Bone","Whetstone","Orrery","Red Mask","Art of War","Paper Frog","Vajra"],"potions_floor_usage":[12,33,40,45,50,50,50,50],"damage_taken":[{"damage":1,"enemies":"2 Louse","floor":1,"turns":3},{"damage":0,"enemies":"Small Slimes","floor":5,"turns":3},{"damage":6,"enemies":"Jaw Worm","floor":7,"turns":2},{"damage":30,"enemies":"Lagavulin","floor":12,"turns":6},{"damage":7,"enemies":"3 Louse","floor":13,"turns":4},{"damage":0,"enemies":"Lots of Slimes","floor":14,"turns":4},{"damage":39,"enemies":"The Guardian","floor":16,"turns":15},{"damage":11,"enemies":"3 Byrds","floor":18,"turns":4},{"damage":0,"enemies":"Chosen","floor":21,"turns":4},{"damage":25,"enemies":"Book of Stabbing","floor":23,"turns":6},{"damage":6,"enemies":"3 Cultists","floor":25,"turns":5},{"damage":6,"enemies":"Cultist and Chosen","floor":27,"turns":5},{"damage":17,"enemies":"Snake Plant","floor":28,"turns":4},{"damage":38,"enemies":"Slavers","floor":30,"turns":4},{"damage":12,"enemies":"Snecko","floor":31,"turns":5},{"damage":37,"enemies":"Collector","floor":33,"turns":8},{"damage":30,"enemies":"3 Shapes","floor":35,"turns":4},{"damage":1,"enemies":"Orb Walker","floor":36,"turns":2},{"damage":27,"enemies":"Reptomancer","floor":37,"turns":4},{"damage":46,"enemies":"Nemesis","floor":40,"turns":7},{"damage":32,"enemies":"Giant Head","floor":42,"turns":7},{"damage":16,"enemies":"Transient","floor":45,"turns":5},{"damage":37,"enemies":"3 Darklings","floor":48,"turns":5},{"damage":78,"enemies":"Time Eater","floor":50,"turns":12}],"seed_played":"6793280362732345145","potions_obtained":[{"floor":1,"key":"Dexterity Potion"},{"floor":11,"key":"BloodPotion"},{"floor":11,"key":"FearPotion"},{"floor":12,"key":"Fire Potion"},{"floor":14,"key":"SteroidPotion"},{"floor":16,"key":"Weak Potion"},{"floor":33,"key":"Regen Potion"},{"floor":40,"key":"Swift Potion"},{"floor":42,"key":"Weak Potion"},{"floor":48,"key":"AttackPotion"}],"is_trial":false,"path_per_floor":["M","?","?","?","M","R","M","R","T","$","?","E","M","M","R","B",null,"M","?","$","M","?","E","R","M","T","M","M","R","E","M","R","B",null,"M","M","M","$","?","E","R","E","T","$","M","?","R","M","R","B"],"character_chosen":"IRONCLAD","items_purchased":["ClockworkSouvenir","Kunai","Blind","Rupture"],"campfire_rested":3,"item_purchase_floors":[10,20,38,44],"current_hp_per_floor":[80,64,53,46,52,52,52,52,52,52,52,36,35,41,41,8,80,75,75,75,80,80,61,61,65,65,65,54,54,34,40,65,46,84,66,71,50,50,50,31,56,58,58,58,61,61,61,62,84,41],"gold":66,"neow_bonus":"RANDOM_COMMON_RELIC","is_prod":false,"is_daily":false,"chose_seed":false,"campfire_upgraded":6,"win_rate":0,"timestamp":1538409492,"path_taken":["M","?","?","?","M","R","M","R","T","$","?","E","M","?","R","BOSS","M","?","$","M","?","E","R","M","T","?","?","R","E","?","R","BOSS","M","M","?","$","?","E","R","E","T","$","M","?","R","?","R","BOSS"],"build_version":"2018-09-27","purchased_purges":1,"victory":true,"max_hp_per_floor":[80,80,80,80,80,80,80,80,80,80,80,80,80,80,80,80,80,80,80,80,80,80,80,80,84,84,84,84,84,84,84,84,84,84,84,84,84,84,84,84,84,84,84,84,84,84,84,84,84,84],"card_choices":[{"not_picked":["Pummel","Clash"],"picked":"Iron Wave","floor":1},{"not_picked":["Perfected Strike","Pommel Strike"],"picked":"Iron Wave","floor":5},{"not_picked":["Armaments","Rage"],"picked":"Infernal Blade","floor":7},{"not_picked":["Cleave","Clash","Entrench"],"picked":"SKIP","floor":12},{"not_picked":["Reckless Charge","Thunderclap"],"picked":"Armaments","floor":13},{"not_picked":["Corruption","Reckless Charge"],"picked":"Clothesline","floor":14},{"not_picked":["Dark Embrace","Brutality"],"picked":"Offering","floor":16},{"not_picked":["Sword Boomerang","Combust"],"picked":"Metallicize+1","floor":18},{"not_picked":["Infernal Blade","Rage+1","Iron Wave"],"picked":"SKIP","floor":21},{"not_picked":["Cleave","Dark Embrace","Perfected Strike+1"],"picked":"SKIP","floor":23},{"not_picked":["Clash+1","Warcry","Juggernaut"],"picked":"SKIP","floor":25},{"not_picked":["Clash+1","Body Slam","Sword Boomerang"],"picked":"SKIP","floor":27},{"not_picked":["Burning Pact","Perfected Strike"],"picked":"Flex","floor":28},{"not_picked":["Wild Strike","Spot Weakness+1","Whirlwind+1"],"picked":"SKIP","floor":30},{"not_picked":["Warcry+1","Iron Wave"],"picked":"Ghostly Armor","floor":31},{"not_picked":["Dark Embrace","Feed"],"picked":"Reaper","floor":33},{"not_picked":["Havoc","Iron Wave"],"picked":"Flex+1","floor":34},{"not_picked":["Flex+1","Heavy Blade"],"picked":"Sentinel+1","floor":34},{"not_picked":["Flex+1","Heavy Blade+1","Sever Soul+1"],"picked":"SKIP","floor":35},{"not_picked":["Pummel+1","Dropkick"],"picked":"Exhume","floor":36},{"not_picked":["Cleave","Heavy Blade"],"picked":"Inflame","floor":37},{"not_picked":["Clash","Hemokinesis+1"],"picked":"Blood for Blood+1","floor":40},{"not_picked":["Inflame","Cleave+1","Second Wind+1"],"picked":"SKIP","floor":42},{"not_picked":["Headbutt+1","Battle Trance+1"],"picked":"Rage","floor":45},{"not_picked":["Clash","Burning Pact","Rampage"],"picked":"SKIP","floor":48}],"player_experience":82263,"relics_obtained":[{"floor":9,"key":"Happy Flower"},{"floor":12,"key":"Potion Belt"},{"floor":23,"key":"PreservedInsect"},{"floor":26,"key":"Meat on the Bone"},{"floor":30,"key":"Whetstone"},{"floor":40,"key":"Art of War"},{"floor":42,"key":"Paper Frog"},{"floor":43,"key":"Vajra"}],"event_choices":[{"event_name":"Shining Light","player_choice":"Entered Light","floor":2,"damage_taken":0},{"event_name":"World of Goop","player_choice":"Gather Gold","floor":3,"damage_taken":0},{"event_name":"Golden Wing","player_choice":"Card Removal","floor":4,"damage_taken":0},{"event_name":"The Lab","player_choice":"Got Potions","floor":11,"damage_taken":0},{"event_name":"Golden Shrine","player_choice":"Pray","floor":19,"damage_taken":0},{"event_name":"Beggar","player_choice":"Ignored","floor":22,"damage_taken":0},{"event_name":"Tomb of Lord Red Mask","player_choice":"Paid","floor":39,"damage_taken":0},{"event_name":"Falling","player_choice":"Removed Power","floor":46,"damage_taken":0}],"is_beta":false,"boss_relics":[{"not_picked":["Snecko Eye","Cursed Key"],"picked":"Pandora\u0027s Box"},{"not_picked":["Black Star","Runic Cube"],"picked":"Orrery"}],"items_purged_floors":[38],"is_endless":false,"potions_floor_spawned":[1,12,14,16,21,27,28,30,31,33,40,42,45,48],"ascension_level":1}