{"gold_per_floor":[111,124,142,142,317,350,350,381,404,123,149,164,71,87,87,183,183,193,203,203,163,180,180,213,225,252,264,280,306,306,331,343,459,471,497,528,540,68,79,79,89,107,107,107,132,132,150,150,150,150],"floor_reached":50,"playtime":4048,"items_purged":["Doubt"],"score":594,"play_id":"88a946f0-5540-494f-a88b-a0203090bfb7","local_time":"20190215081257","is_ascension_mode":false,"campfire_choices":[{"data":"Bouncing Flask","floor":7.0,"key":"SMITH"},{"data":"Noxious Fumes","floor":15.0,"key":"SMITH"},{"floor":23.0,"key":"REST"},{"floor":30,"key":"REST"},{"floor":32,"key":"REST"},{"floor":40,"key":"REST"},{"floor":49,"key":"REST"}],"neow_cost":"NONE","seed_source_timestamp":0,"circlet_count":0,"master_deck":["Defend_G","Defend_G","Defend_G+1","Defend_G","Defend_G","Strike_G","Strike_G","Strike_G","Strike_G","Strike_G","Survivor","Neutralize","Bouncing Flask+1","Dodge and Roll+1","Dagger Spray","Bouncing Flask+1","Bane","Quick Slash","Poisoned Stab","Discovery","Noxious Fumes+1","Die Die Die+1","Deadly Poison+1","Backflip","Underhanded Strike+1","Dagger Throw","Die Die Die","Quick Slash","Dagger Spray","Backstab+1","Deflect","Wraith Form v2","Flechettes+1","Poisoned Stab+1","Backstab+1","Dagger Throw","Footwork+1","Backstab","Quick Slash+1","Crippling Poison+1"],"special_seed":0,"relics":["Ring of the Snake","Lantern","Orichalcum","War Paint","Snake Skull","Regal Pillow","Happy Flower","Lizard Tail","Ginger","Vajra","Strawberry","MawBank","Sozu","StoneCalendar","Strange Spoon","Bottled Lightning","Pen Nib"],"potions_floor_usage":[31,33],"damage_taken":[{"damage":0.0,"enemies":"2 Louse","floor":1.0,"turns":3.0},{"damage":0.0,"enemies":"Small Slimes","floor":2.0,"turns":3.0},{"damage":2.0,"enemies":"Jaw Worm","floor":3.0,"turns":4.0},{"damage":7.0,"enemies":"Gremlin Nob","floor":6.0,"turns":3.0},{"damage":13.0,"enemies":"3 Sentries","floor":8.0,"turns":9.0},{"damage":1.0,"enemies":"Looter","floor":12.0,"turns":3.0},{"damage":0.0,"enemies":"2 Fungi Beasts","floor":14.0,"turns":2.0},{"damage":40.0,"enemies":"Slime Boss","floor":16.0,"turns":6.0},{"damage":10.0,"enemies":"2 Thieves","floor":18.0,"turns":3.0},{"damage":4.0,"enemies":"3 Byrds","floor":19.0,"turns":3.0},{"damage":15.0,"enemies":"3 Cultists","floor":22.0,"turns":4.0},{"damage":36.0,"enemies":"Gremlin Leader","floor":24.0,"turns":8.0},{"damage":12,"enemies":"Centurion and Healer","floor":25,"turns":7},{"damage":7,"enemies":"Snake Plant","floor":27,"turns":3},{"damage":18,"enemies":"Shelled Parasite and Fungi","floor":28,"turns":3},{"damage":22,"enemies":"Book of Stabbing","floor":29,"turns":4},{"damage":12,"enemies":"Gremlin Leader","floor":31,"turns":4},{"damage":63,"enemies":"Automaton","floor":33,"turns":7},{"damage":12,"enemies":"Orb Walker","floor":35,"turns":3},{"damage":33,"enemies":"3 Darklings","floor":36,"turns":4},{"damage":6,"enemies":"Sphere and 2 Shapes","floor":39,"turns":3},{"damage":33,"enemies":"4 Shapes","floor":41,"turns":3},{"damage":12,"enemies":"Spire Growth","floor":42,"turns":5},{"damage":46,"enemies":"Giant Head","floor":45,"turns":7},{"damage":16,"enemies":"Sphere and 2 Shapes","floor":47,"turns":4},{"damage":43,"enemies":"Awakened One","floor":50,"turns":6}],"seed_played":"-299351332543986393","potions_obtained":[{"floor":2.0,"key":"SkillPotion"},{"floor":3.0,"key":"AttackPotion"},{"floor":6.0,"key":"SneckoOil"},{"floor":22.0,"key":"Dexterity Potion"},{"floor":25,"key":"LiquidBronze"}],"is_trial":false,"path_per_floor":["M","M","M","?","?","E","R","E","T","$","T","M","$","M","R","B",null,"M","M","?","?","M","R","E","M","T","M","M","E","R","E","R","B",null,"M","M","?","$","M","R","M","M","T","?","E","$","M","?","R","B"],"character_chosen":"THE_SILENT","items_purchased":["Regal Pillow","Quick Slash","Discovery","StoneCalendar","Strange Spoon"],"campfire_rested":5,"item_purchase_floors":[10,10,13,38,38],"current_hp_per_floor":[70,70,68,68,68,61,61,48,48,48,48,47,47,47,47,7,70,60,56,56,56,41,70,34,22,22,15,35,20,58,46,77,14,77,65,32,32,32,26,64,31,19,19,67,21,21,5,5,40,0],"gold":150,"neow_bonus":"RANDOM_COMMON_RELIC","is_prod":false,"is_daily":false,"chose_seed":false,"campfire_upgraded":2,"win_rate":0.0,"timestamp":1550214777,"path_taken":["M","M","M","?","?","E","R","E","T","$","?","M","$","M","R","BOSS","M","M","?","?","?","R","E","M","T","?","M","E","R","E","R","BOSS","M","M","?","?","M","R","?","M","T","?","E","$","M","?","R","BOSS"],"build_version":"2019-01-23","purchased_purges":1,"victory":false,"max_hp_per_floor":[70,70,70,70,70,70,70,70,70,70,70,70,70,70,70,70,70,70,70,70,70,70,70,70,70,70,70,70,77,77,77,77,77,77,77,77,77,77,77,77,77,77,77,67,67,67,67,67,67,67],"card_choices":[{"not_picked":["Dodge and Roll","Sucker Punch"],"picked":"Bouncing Flask","floor":1.0},{"not_picked":["Calculated Gamble","Blur"],"picked":"Dodge and Roll","floor":2.0},{"not_picked":["Infinite Blades","Escape Plan"],"picked":"Dagger Spray","floor":3.0},{"not_picked":["Backflip","Eviscerate"],"picked":"Bouncing Flask","floor":6.0},{"not_picked":["Poisoned Stab","Blade Dance"],"picked":"Bane","floor":8.0},{"not_picked":["Blade Dance","Deadly Poison"],"picked":"Poisoned Stab","floor":12.0},{"not_picked":["Poisoned Stab","Glass Knife"],"picked":"Noxious Fumes","floor":14.0},{"not_picked":["Bullet Time","Wraith Form v2"],"picked":"Die Die Die","floor":16.0},{"not_picked":["Outmaneuver","Crippling Poison"],"picked":"Deadly Poison+1","floor":18.0},{"not_picked":["Reflex+1","Finisher"],"picked":"Backflip","floor":19.0},{"not_picked":["Crippling Poison","Slice"],"picked":"Underhanded Strike+1","floor":22.0},{"not_picked":["Sucker Punch","PiercingWail"],"picked":"Dagger Throw","floor":24.0},{"not_picked":["Flechettes","Blur+1"],"picked":"Die Die Die","floor":25},{"not_picked":["Blur","Deadly Poison"],"picked":"Quick Slash","floor":27},{"not_picked":["Caltrops+1","Prepared"],"picked":"Dagger Spray","floor":28},{"not_picked":["Predator+1","Dagger Spray"],"picked":"Backstab+1","floor":29},{"not_picked":["Masterful Stab","Skewer"],"picked":"Deflect","floor":31},{"not_picked":["Glass Knife","Night Terror"],"picked":"Wraith Form v2","floor":33},{"not_picked":["Sucker Punch","Blade Dance+1"],"picked":"Flechettes+1","floor":35},{"not_picked":["Flying Knee","Prepared+1"],"picked":"Poisoned Stab+1","floor":36},{"not_picked":["Bane","Outmaneuver"],"picked":"Dagger Throw","floor":39},{"not_picked":["Deadly Poison","Calculated Gamble"],"picked":"Footwork+1","floor":41},{"not_picked":["Deadly Poison","Flechettes"],"picked":"Backstab","floor":42},{"not_picked":["Prepared","Flying Knee"],"picked":"Quick Slash+1","floor":45},{"not_picked":["Deflect+1","Prepared"],"picked":"Crippling Poison+1","floor":47}],"player_experience":28153,"relics_obtained":[{"floor":6.0,"key":"Orichalcum"},{"floor":8.0,"key":"War Paint"},{"floor":9.0,"key":"Snake Skull"},{"floor":11.0,"key":"Happy Flower"},{"floor":24.0,"key":"Ginger"},{"floor":26,"key":"Vajra"},{"floor":29,"key":"Strawberry"},{"floor":31,"key":"MawBank"},{"floor":43,"key":"Bottled Lightning"},{"floor":45,"key":"Pen Nib"}],"event_choices":[{"damage_healed":0.0,"max_hp_gain":0.0,"max_hp_loss":0.0,"gold_gain":0.0,"event_name":"Living Wall","player_choice":"Grow","floor":4.0,"gold_loss":0.0,"damage_taken":0.0,"cards_upgraded":["Bouncing Flask"]},{"damage_healed":0.0,"max_hp_gain":0.0,"max_hp_loss":0.0,"gold_gain":175.0,"event_name":"Liars Game","player_choice":"AGREE","floor":5.0,"gold_loss":0.0,"damage_taken":0.0,"cards_obtained":["Doubt"]},{"damage_healed":0.0,"max_hp_gain":0.0,"max_hp_loss":0.0,"gold_gain":0.0,"event_name":"Beggar","player_choice":"Ignored","floor":20.0,"gold_loss":0.0,"damage_taken":0.0},{"damage_healed":0.0,"max_hp_gain":0.0,"max_hp_loss":0.0,"gold_gain":0.0,"event_name":"Designer","player_choice":"Upgrade","floor":21.0,"gold_loss":40.0,"damage_taken":0.0,"cards_upgraded":["Die Die Die"]},{"damage_healed":0,"gold_gain":0,"player_choice":"Copied","damage_taken":0,"max_hp_gain":0,"max_hp_loss":0,"event_name":"Duplicator","floor":37,"gold_loss":0,"cards_obtained":["Backstab"]},{"damage_healed":67,"gold_gain":0,"player_choice":"Heal","damage_taken":0,"max_hp_gain":0,"max_hp_loss":10,"event_name":"The Moai Head","floor":44,"gold_loss":0},{"damage_healed":0,"gold_gain":0,"player_choice":"Ignored","damage_taken":0,"max_hp_gain":0,"max_hp_loss":0,"event_name":"Mysterious Sphere","floor":48,"gold_loss":0}],"is_beta":false,"boss_relics":[{"not_picked":["Cursed Key","White Beast Statue"],"picked":"Lizard Tail"},{"not_picked":["Snecko Eye","Orrery"],"picked":"Sozu"}],"items_purged_floors":[10],"is_endless":false,"potions_floor_spawned":[2,3,6,22,25,29,39,41,45],"killed_by":"Awakened One","ascension_level":0}