{"gold_per_floor":[113,124,124,124,49,76,92,109,109,119,119,44,119,133,133,207,207,225,243,243,243],"floor_reached":21,"playtime":363,"items_purged":["Defend_R"],"score":412,"play_id":"2a8e5beb-037f-4a02-885d-d32cd5dfdf0b","local_time":"20190107045658","is_ascension_mode":true,"campfire_choices":[{"data":"Flex","floor":11,"key":"SMITH"},{"data":"Evolve","floor":15,"key":"SMITH"}],"neow_cost":"NONE","seed_source_timestamp":1259923554259946,"circlet_count":0,"master_deck":["AscendersBane","Strike_R","Strike_R","Strike_R","Defend_R","Bash","Flex+1","Shrug It Off","Evolve+1","Pommel Strike","Anger","Sword Boomerang","Fiend Fire","Iron Wave+1","Ghostly Armor"],"relics":["Burning Blood","NeowsBlessing","Self Forming Clay","Pantograph","Bottled Tornado","Empty Cage"],"potions_floor_usage":[16,18,19,19],"damage_taken":[{"damage":0,"enemies":"Cultist","floor":1,"turns":1},{"damage":0,"enemies":"2 Louse","floor":2,"turns":1},{"damage":0,"enemies":"Gremlin Nob","floor":6,"turns":1},{"damage":16,"enemies":"Jaw Worm","floor":7,"turns":4},{"damage":14,"enemies":"3 Louse","floor":8,"turns":3},{"damage":15,"enemies":"2 Fungi Beasts","floor":10,"turns":3},{"damage":8,"enemies":"Blue Slaver","floor":14,"turns":3},{"damage":26,"enemies":"Hexaghost","floor":16,"turns":7},{"damage":38,"enemies":"2 Thieves","floor":18,"turns":4},{"damage":20,"enemies":"Shell Parasite","floor":19,"turns":3},{"damage":16,"enemies":"Colosseum Slavers","floor":21,"turns":3}],"seed_played":"-726810893046884947","potions_obtained":[{"floor":8,"key":"FearPotion"},{"floor":10,"key":"FearPotion"},{"floor":16,"key":"LiquidBronze"},{"floor":18,"key":"Poison Potion"}],"is_trial":false,"path_per_floor":["M","M","?","?","$","E","M","M","T","M","R","?","?","M","R","B",null,"M","M","?","?"],"character_chosen":"IRONCLAD","items_purchased":[],"campfire_rested":0,"item_purchase_floors":[],"current_hp_per_floor":[74,75,75,64,64,70,60,52,52,43,43,43,32,30,30,35,65,33,19,34,18],"gold":243,"neow_bonus":"THREE_ENEMY_KILL","is_prod":false,"is_daily":false,"chose_seed":false,"campfire_upgraded":2,"win_rate":0,"timestamp":1546804618,"path_taken":["M","?","?","?","$","E","M","M","T","M","R","?","?","M","R","BOSS","M","M","?","?"],"build_version":"2019-01-03v4","purchased_purges":1,"victory":false,"max_hp_per_floor":[75,75,75,75,75,75,75,75,75,75,75,75,75,75,75,75,75,75,75,75,75],"card_choices":[{"not_picked":["Anger","Warcry"],"picked":"Flex","floor":1},{"not_picked":["Havoc","Searing Blow"],"picked":"Shrug It Off","floor":2},{"not_picked":["Dark Embrace","Havoc"],"picked":"Evolve","floor":6},{"not_picked":["Iron Wave","Flex"],"picked":"Pommel Strike","floor":7},{"not_picked":["Body Slam","Evolve"],"picked":"Anger","floor":8},{"not_picked":["Clothesline","Flex"],"picked":"Sword Boomerang","floor":10},{"not_picked":["Body Slam","Rupture","Hemokinesis"],"picked":"SKIP","floor":14},{"not_picked":["Dark Embrace","Bludgeon"],"picked":"Fiend Fire","floor":16},{"not_picked":["Clothesline","Headbutt+1"],"picked":"Iron Wave+1","floor":18},{"not_picked":["Thunderclap","Wild Strike"],"picked":"Ghostly Armor","floor":19}],"player_experience":842173,"relics_obtained":[{"floor":6,"key":"Pantograph"},{"floor":9,"key":"Bottled Tornado"}],"event_choices":[{"cards_removed":["Defend_R"],"damage_healed":0,"gold_gain":0,"player_choice":"Forget","damage_taken":0,"max_hp_gain":0,"max_hp_loss":0,"event_name":"Living Wall","floor":3,"gold_loss":0},{"damage_healed":0,"gold_gain":0,"player_choice":"Success","damage_taken":11,"relics_obtained":["Self Forming Clay"],"max_hp_gain":0,"max_hp_loss":0,"event_name":"Scrap Ooze","floor":4,"gold_loss":0},{"cards_removed":["Strike_R"],"damage_healed":0,"gold_gain":0,"player_choice":"Card Removal","damage_taken":0,"max_hp_gain":0,"max_hp_loss":0,"event_name":"The Cleric","floor":12,"gold_loss":75},{"damage_healed":0,"gold_gain":75,"player_choice":"Gather Gold","damage_taken":11,"max_hp_gain":0,"max_hp_loss":0,"event_name":"World of Goop","floor":13,"gold_loss":0},{"damage_healed":15,"gold_gain":0,"player_choice":"Heal","damage_taken":0,"max_hp_gain":0,"max_hp_loss":0,"event_name":"The Library","floor":20,"gold_loss":0},{"damage_healed":0,"gold_gain":0,"player_choice":"Fight","damage_taken":0,"max_hp_gain":0,"max_hp_loss":0,"event_name":"Colosseum","floor":21,"gold_loss":0}],"is_beta":false,"boss_relics":[{"not_picked":["Cursed Key","Runic Cube"],"picked":"Empty Cage"}],"items_purged_floors":[5],"is_endless":false,"potions_floor_spawned":[8,10,16,18],"killed_by":"Colosseum Slavers","ascension_level":20}