{"gold_per_floor":[109,129,429,449,467,467,467,136,136,156,106,125,125,137,137,235,235,255,265,282,282,301,301,320,320],"floor_reached":25,"playtime":1575,"items_purged":["Strike_G"],"score":199,"play_id":"f0fe2f80-1e8a-4993-be15-f5dda0e2e236","local_time":"20180825211741","is_ascension_mode":false,"campfire_choices":[{"data":"Leg Sweep","floor":6,"key":"SMITH"},{"data":"Deadly Poison","floor":13,"key":"SMITH"},{"data":"Doppelganger","floor":15,"key":"SMITH"},{"data":"Bane","floor":23,"key":"SMITH"}],"neow_cost":"CURSE","seed_source_timestamp":133165116645163,"circlet_count":0,"master_deck":["Defend_G","Defend_G","Defend_G","Strike_G","Strike_G","Strike_G+1","Survivor","Neutralize","Clumsy","Bane+1","Bullet Time","Bane+1","Leg Sweep+1","Prepared","Backflip","Deadly Poison+1","Doppelganger+1","Die Die Die","Quick Slash+1","Deadly Poison+1","Blur","Caltrops+1","Bouncing Flask"],"relics":["Ring of the Snake","Old Coin","Frozen Egg 2","Dodecahedron","Runic Pyramid"],"potions_floor_usage":[20,22,25],"damage_taken":[{"damage":1,"enemies":"Cultist","floor":1,"turns":4},{"damage":0,"enemies":"2 Louse","floor":2,"turns":3},{"damage":0,"enemies":"Small Slimes","floor":4,"turns":3},{"damage":5,"enemies":"3 Louse","floor":5,"turns":6},{"damage":10,"enemies":"Large Slime","floor":10,"turns":10},{"damage":0,"enemies":"Looter","floor":12,"turns":3},{"damage":7,"enemies":"Blue Slaver","floor":14,"turns":3},{"damage":14,"enemies":"Hexaghost","floor":16,"turns":10},{"damage":10,"enemies":"Shell Parasite","floor":18,"turns":4},{"damage":17,"enemies":"Spheric Guardian","floor":19,"turns":4},{"damage":22,"enemies":"Snake Plant","floor":20,"turns":3},{"damage":25,"enemies":"Sentry and Sphere","floor":22,"turns":6},{"damage":9,"enemies":"Snecko","floor":24,"turns":4},{"damage":24,"enemies":"Gremlin Leader","floor":25,"turns":2}],"seed_played":"-1248158148929135498","potions_obtained":[{"floor":4,"key":"Ancient Potion"},{"floor":10,"key":"Regen Potion"},{"floor":12,"key":"FearPotion"},{"floor":16,"key":"SteroidPotion"},{"floor":19,"key":"PowerPotion"},{"floor":20,"key":"PowerPotion"}],"is_trial":false,"path_per_floor":["M","M","T","M","M","R","?","$","T","M","?","M","R","M","R","B",null,"M","M","M","?","M","R","M"],"character_chosen":"THE_SILENT","items_purchased":["Frozen Egg 2"],"campfire_rested":0,"item_purchase_floors":[8],"current_hp_per_floor":[69,69,69,69,64,64,50,50,50,40,40,40,40,33,33,19,70,60,43,30,53,28,28,19,0],"gold":320,"neow_bonus":"TRANSFORM_TWO_CARDS","is_prod":false,"is_daily":false,"chose_seed":false,"campfire_upgraded":4,"win_rate":0.0,"timestamp":1535197661,"path_taken":["M","M","?","?","M","R","?","$","T","M","?","M","R","?","R","BOSS","M","?","M","?","M","R","M","E"],"build_version":"2018-08-23v2","purchased_purges":1,"victory":false,"max_hp_per_floor":[70,70,70,70,70,70,70,70,70,70,70,70,70,70,70,70,70,70,70,70,70,70,70,70,70],"card_choices":[{"not_picked":["Dagger Throw","Finisher"],"picked":"Bane","floor":1},{"not_picked":["Reflex","Flying Knee"],"picked":"Leg Sweep","floor":2},{"not_picked":["Blur","Dagger Throw"],"picked":"Prepared","floor":4},{"not_picked":["Terror","Dodge and Roll"],"picked":"Backflip","floor":5},{"not_picked":["Tactician","Backflip"],"picked":"Deadly Poison","floor":10},{"not_picked":["Sucker Punch","Backflip","Acrobatics"],"picked":"SKIP","floor":12},{"not_picked":["Heel Hook","Dagger Throw"],"picked":"Doppelganger","floor":14},{"not_picked":["Venomology","Unload"],"picked":"Die Die Die","floor":16},{"not_picked":["Calculated Gamble","Eviscerate"],"picked":"Quick Slash+1","floor":18},{"not_picked":["Infinite Blades+1","Dagger Spray+1"],"picked":"Deadly Poison+1","floor":19},{"not_picked":["Underhanded Strike","Blade Dance+1"],"picked":"Blur","floor":20},{"not_picked":["Quick Slash","Underhanded Strike+1"],"picked":"Caltrops+1","floor":22},{"not_picked":["Reflex","Masterful Stab+1"],"picked":"Bouncing Flask","floor":24}],"player_experience":42341,"relics_obtained":[{"floor":3,"key":"Old Coin"},{"floor":9,"key":"Dodecahedron"}],"event_choices":[{"event_name":"Shining Light","player_choice":"Entered Light","floor":7,"damage_taken":0},{"event_name":"The Cleric","player_choice":"Card Removal","floor":11,"damage_taken":0},{"event_name":"The Library","player_choice":"Heal","floor":21,"damage_taken":0}],"is_beta":false,"boss_relics":[{"not_picked":["Astrolabe","Empty Cage"],"picked":"Runic Pyramid"}],"items_purged_floors":[8],"is_endless":false,"potions_floor_spawned":[4,10,12,14,16,19,20],"killed_by":"Gremlin Leader","ascension_level":0}