{"gold_per_floor":[212,212,222,34,34,34,45,45,45,59,59,93,93,17,17,112,112,123,134,146,163,14,14,14,14,88,113,130,55,55],"floor_reached":30,"playtime":1079,"items_purged":[],"score":253,"play_id":"1a7ad5fe-2e9a-4b5b-9b44-f2f1ea0107c7","local_time":"20190114203654","is_ascension_mode":false,"campfire_choices":[{"data":"Poisoned Stab","floor":6,"key":"SMITH"},{"data":"Sucker Punch","floor":8,"key":"SMITH"},{"data":"Bane","floor":13,"key":"SMITH"},{"data":"Deadly Poison","floor":15,"key":"SMITH"},{"floor":23,"key":"REST"}],"neow_cost":"NONE","seed_source_timestamp":4366180204336,"circlet_count":0,"master_deck":["Defend_G","Defend_G","Defend_G","Defend_G","Defend_G","Survivor","Neutralize","Neutralize","Poisoned Stab+1","Noxious Fumes+1","Sucker Punch+1","Backflip","Bane+1","Deadly Poison+1","Bane","Burst","Deadly Poison","Catalyst","Corpse Explosion","Bite","Bite","Bite","Bite","Bite"],"relics":["Ring of the Snake","Oddly Smooth Stone","Nunchaku","Gremlin Horn","Ice Cream","Orrery","Vajra","Nilry\u0027s Codex","Ornamental Fan","Happy Flower"],"potions_floor_usage":[12,21],"damage_taken":[{"damage":0,"enemies":"Small Slimes","floor":1,"turns":4},{"damage":2,"enemies":"Cultist","floor":3,"turns":6},{"damage":0,"enemies":"2 Louse","floor":7,"turns":2},{"damage":0,"enemies":"2 Fungi Beasts","floor":10,"turns":3},{"damage":16,"enemies":"Lagavulin","floor":12,"turns":8},{"damage":22,"enemies":"Slime Boss","floor":16,"turns":8},{"damage":13,"enemies":"2 Thieves","floor":18,"turns":4},{"damage":9,"enemies":"Shell Parasite","floor":19,"turns":4},{"damage":12,"enemies":"Snecko","floor":20,"turns":5},{"damage":12,"enemies":"3 Cultists","floor":21,"turns":4},{"damage":29,"enemies":"Sentry and Sphere","floor":28,"turns":4},{"damage":8,"enemies":"Gremlin Leader","floor":30,"turns":1}],"seed_played":"7997096588842053681","potions_obtained":[{"floor":3,"key":"EssenceOfSteel"},{"floor":7,"key":"Dexterity Potion"},{"floor":10,"key":"GamblersBrew"},{"floor":18,"key":"Ancient Potion"}],"is_trial":false,"path_per_floor":["M","?","M","$","?","R","M","R","T","M","?","E","R","$","R","B",null,"M","M","M","M","$","R","?","?","T","T","M","?","E"],"character_chosen":"THE_SILENT","items_purchased":["Noxious Fumes","Oddly Smooth Stone","Deadly Poison","Bane","Vajra"],"campfire_rested":1,"item_purchase_floors":[4,4,14,14,22],"current_hp_per_floor":[70,70,68,68,68,68,68,68,68,68,68,52,52,52,52,30,70,57,48,36,24,24,45,45,29,29,29,6,6,0],"gold":55,"neow_bonus":"HUNDRED_GOLD","is_prod":false,"is_daily":false,"chose_seed":false,"campfire_upgraded":4,"win_rate":0,"timestamp":1547460414,"path_taken":["M","?","?","$","?","R","?","R","T","M","?","E","R","$","R","BOSS","M","M","?","M","$","R","?","?","T","?","?","?","E"],"build_version":"2019-01-10","purchased_purges":0,"victory":false,"max_hp_per_floor":[70,70,70,70,70,70,70,70,70,70,70,70,70,70,70,70,70,70,70,70,70,70,70,49,49,49,49,49,49,49],"card_choices":[{"not_picked":["Underhanded Strike","Quick Slash"],"picked":"Prepared","floor":1},{"not_picked":["Blade Dance","Skewer"],"picked":"Poisoned Stab","floor":3},{"not_picked":["Flying Knee","Deflect"],"picked":"Sucker Punch","floor":7},{"not_picked":["Slice","Tactician"],"picked":"Backflip","floor":10},{"not_picked":["Well Laid Plans","Dagger Spray"],"picked":"Bane","floor":12},{"not_picked":["Unload","Wraith Form v2"],"picked":"Burst","floor":16},{"not_picked":["Quick Slash","Cloak And Dagger"],"picked":"Deadly Poison","floor":17},{"not_picked":["PiercingWail","Dodge and Roll"],"picked":"Catalyst","floor":17},{"not_picked":["Backflip","Blade Dance"],"picked":"Corpse Explosion","floor":17},{"not_picked":["Dagger Throw","Underhanded Strike"],"picked":"Deadly Poison","floor":18},{"not_picked":["Underhanded Strike","Prepared","Blade Dance"],"picked":"SKIP","floor":19},{"not_picked":["Sucker Punch","Deadly Poison","Underhanded Strike"],"picked":"SKIP","floor":20},{"not_picked":["Distraction","Backflip","Underhanded Strike"],"picked":"SKIP","floor":21},{"not_picked":["Acrobatics","Dodge and Roll","Reflex"],"picked":"SKIP","floor":28}],"player_experience":432468,"relics_obtained":[{"floor":9,"key":"Nunchaku"},{"floor":12,"key":"Ice Cream"},{"floor":25,"key":"Nilry\u0027s Codex"},{"floor":26,"key":"Ornamental Fan"},{"floor":27,"key":"Happy Flower"}],"event_choices":[{"damage_healed":0,"gold_gain":0,"player_choice":"1 cards matched","damage_taken":0,"max_hp_gain":0,"max_hp_loss":0,"event_name":"Match and Keep!","floor":2,"gold_loss":0,"cards_obtained":["Neutralize"]},{"damage_healed":0,"gold_gain":0,"player_choice":"Upgraded","damage_taken":0,"max_hp_gain":0,"max_hp_loss":0,"event_name":"Upgrade Shrine","floor":5,"gold_loss":0,"cards_upgraded":["Noxious Fumes"]},{"cards_removed":["Prepared"],"damage_healed":0,"gold_gain":0,"player_choice":"Gave Card","damage_taken":0,"relics_obtained":["Gremlin Horn"],"max_hp_gain":0,"max_hp_loss":0,"event_name":"WeMeetAgain","floor":11,"gold_loss":0},{"damage_healed":0,"gold_gain":0,"player_choice":"Became a vampire","damage_taken":0,"max_hp_gain":0,"max_hp_loss":21,"event_name":"Vampires","floor":24,"gold_loss":0,"cards_obtained":["Bite","Bite","Bite","Bite","Bite"]},{"damage_healed":0,"gold_gain":0,"player_choice":"Obtained Book","damage_taken":16,"max_hp_gain":0,"max_hp_loss":0,"event_name":"Cursed Tome","floor":25,"gold_loss":0},{"cards_removed":["Deadly Poison"],"damage_healed":0,"gold_gain":0,"player_choice":"Gave Gold","damage_taken":0,"max_hp_gain":0,"max_hp_loss":0,"event_name":"Beggar","floor":29,"gold_loss":75}],"is_beta":false,"boss_relics":[{"not_picked":["Calling Bell","White Beast Statue"],"picked":"Orrery"}],"items_purged_floors":[],"is_endless":false,"potions_floor_spawned":[3,7,10,18,19],"killed_by":"Gremlin Leader","ascension_level":0}