{"gold_per_floor":[114,289,92,108,118,118,40,40,40,40,40,71,71,91,91,192,192,117,135,135,135,135,164,164,187,187,187,202,21,21,39,39,141,141,154,172,59,77,7,7,59,59,107,107],"floor_reached":44,"playtime":2153,"items_purged":["Doubt","Defend_B+1"],"score":508,"play_id":"222ad1e8-bd26-43fd-b494-6deee6aef8d6","local_time":"20180923194138","is_ascension_mode":true,"campfire_choices":[{"data":"Zap","floor":6,"key":"SMITH"},{"data":"Defragment","floor":8,"key":"SMITH"},{"data":"Loop","floor":10,"key":"SMITH"},{"data":"Steam","floor":15,"key":"SMITH"},{"data":"Glacier","floor":24,"key":"SMITH"},{"data":"White Noise","floor":27,"key":"SMITH"},{"data":"Defragment","floor":32,"key":"SMITH"},{"data":"Capacitor","floor":40,"key":"SMITH"}],"neow_cost":"PERCENT_DAMAGE","seed_source_timestamp":869049124927622,"circlet_count":0,"master_deck":["Strike_B+1","Strike_B+1","Strike_B+1","Strike_B+1","Defend_B+1","Defend_B+1","Zap+1","Dualcast","Conserve Battery","Coolheaded","Loop+1","Leap+1","Streamline","Defragment+1","Steam+1","Leap","Core Surge","Conserve Battery","Streamline","Seek","White Noise+1","Glacier+1","Barrage","Machine Learning","Writhe","Reboot","White Noise+1","Defragment+1","Shame","Electrodynamics","White Noise","Defragment","Capacitor+1","Glacier","Madness","Madness"],"relics":["Cracked Core","StoneCalendar","Meat on the Bone","Thread and Needle","Orrery","Pantograph","Happy Flower","Centennial Puzzle","Bronze Scales","Symbiotic Virus","Lizard Tail","WingedGreaves","Strawberry"],"potions_floor_usage":[12,16,23,28,31],"damage_taken":[{"damage":0,"enemies":"Cultist","floor":1,"turns":3},{"damage":4,"enemies":"2 Louse","floor":4,"turns":2},{"damage":5,"enemies":"Jaw Worm","floor":5,"turns":4},{"damage":3,"enemies":"Lagavulin","floor":12,"turns":5},{"damage":3,"enemies":"Exordium Thugs","floor":14,"turns":4},{"damage":1,"enemies":"Hexaghost","floor":16,"turns":9},{"damage":5,"enemies":"2 Thieves","floor":18,"turns":5},{"damage":5,"enemies":"3 Byrds","floor":19,"turns":7},{"damage":34,"enemies":"Book of Stabbing","floor":23,"turns":7},{"damage":8,"enemies":"Cultist and Chosen","floor":28,"turns":5},{"damage":8,"enemies":"Chosen and Byrds","floor":31,"turns":4},{"damage":14,"enemies":"Automaton","floor":33,"turns":12},{"damage":27,"enemies":"3 Darklings","floor":35,"turns":5},{"damage":5,"enemies":"3 Shapes","floor":36,"turns":4},{"damage":18,"enemies":"Sphere and 2 Shapes","floor":38,"turns":4},{"damage":38,"enemies":"Mysterious Sphere","floor":41,"turns":4},{"damage":52,"enemies":"Transient","floor":44,"turns":5}],"seed_played":"-1390127313564624959","potions_obtained":[{"floor":5,"key":"SkillPotion"},{"floor":12,"key":"Strength Potion"},{"floor":16,"key":"Fire Potion"},{"floor":23,"key":"Explosive Potion"},{"floor":28,"key":"Fire Potion"},{"floor":31,"key":"FearPotion"},{"floor":35,"key":"Weak Potion"},{"floor":36,"key":"Weak Potion"}],"is_trial":false,"path_per_floor":["M","?","$","M","M","R","$","R","T","R","$","E","?","M","R","B",null,"M","M","?","?","?","E","R","T","T","R","M","$","?","M","R","B",null,"M","M","$","M","$","R","?","?","T"],"character_chosen":"DEFECT","items_purchased":["Coolheaded","Loop","Defragment","Defragment","White Noise","Defragment","Capacitor"],"campfire_rested":0,"item_purchase_floors":[3,3,7,29,37,37,39],"current_hp_per_floor":[54,54,54,50,45,45,45,45,45,45,45,42,27,36,36,47,75,70,72,72,72,72,38,38,38,38,38,42,42,42,46,46,57,75,48,43,43,37,37,37,49,40,47,0],"gold":107,"neow_bonus":"ONE_RARE_RELIC","is_prod":false,"is_daily":false,"chose_seed":false,"campfire_upgraded":8,"win_rate":0,"timestamp":1537697498,"path_taken":["M","?","$","M","M","R","?","R","T","R","$","E","?","M","R","BOSS","M","M","?","?","?","E","R","?","T","R","?","$","?","M","R","BOSS","M","M","$","M","$","R","?","?","T","?"],"build_version":"2018-09-20","purchased_purges":2,"victory":false,"max_hp_per_floor":[75,75,75,75,75,75,75,75,75,75,75,75,75,75,75,75,75,75,75,75,75,75,75,75,75,75,75,75,75,75,75,75,75,75,75,75,75,75,75,75,75,75,82,82],"card_choices":[{"not_picked":["Hologram","Rebound"],"picked":"Conserve Battery","floor":1},{"not_picked":["Lockon","Steam"],"picked":"Leap","floor":4},{"not_picked":["BootSequence","Chaos"],"picked":"Streamline","floor":5},{"not_picked":["Tempest","Meteor Strike"],"picked":"Steam","floor":12},{"not_picked":["Gash","Tempest"],"picked":"Leap","floor":14},{"not_picked":["Machine Learning","Multi-Cast"],"picked":"Core Surge","floor":16},{"not_picked":["Ball Lightning","Redo"],"picked":"Conserve Battery","floor":17},{"not_picked":["BootSequence","Gash"],"picked":"Streamline","floor":17},{"not_picked":["Compile Driver","Chaos"],"picked":"Seek","floor":17},{"not_picked":["Gash","Ball Lightning"],"picked":"White Noise","floor":17},{"not_picked":["Gash","Redo"],"picked":"Glacier","floor":17},{"not_picked":["Streamline+1","Leap"],"picked":"Barrage","floor":18},{"not_picked":["Turbo","Rip and Tear"],"picked":"Machine Learning","floor":19},{"not_picked":["Sweeping Beam+1","Blizzard"],"picked":"Reboot","floor":23},{"not_picked":["Streamline","Force Field"],"picked":"White Noise+1","floor":28},{"not_picked":["Beam Cell+1","Redo+1","Cold Snap+1"],"picked":"SKIP","floor":31},{"not_picked":["Thunder Strike","Machine Learning"],"picked":"Electrodynamics","floor":33},{"not_picked":["Streamline","Stack","Gash+1"],"picked":"SKIP","floor":35},{"not_picked":["Stack+1","Barrage","Turbo+1"],"picked":"SKIP","floor":36},{"not_picked":["Stack","Coolheaded+1","Streamline"],"picked":"SKIP","floor":38},{"not_picked":["Reprogram+1","Leap"],"picked":"Glacier","floor":41}],"player_experience":206376,"relics_obtained":[{"floor":9,"key":"Meat on the Bone"},{"floor":12,"key":"Thread and Needle"},{"floor":23,"key":"Happy Flower"},{"floor":25,"key":"Centennial Puzzle"},{"floor":26,"key":"Bronze Scales"},{"floor":41,"key":"WingedGreaves"},{"floor":43,"key":"Strawberry"}],"event_choices":[{"event_name":"Liars Game","player_choice":"agreed","floor":2,"damage_taken":0},{"event_name":"Shining Light","player_choice":"Entered Light","floor":13,"damage_taken":0},{"event_name":"Back to Basics","player_choice":"Simplicity","floor":20,"damage_taken":0},{"event_name":"Purifier","player_choice":"One Purge","floor":21,"damage_taken":0},{"event_name":"The Mausoleum","player_choice":"Yes","floor":22,"damage_taken":0},{"event_name":"Addict","player_choice":"Stole Relic","floor":30,"damage_taken":0},{"event_name":"Mysterious Sphere","player_choice":"Fight","floor":41,"damage_taken":0},{"event_name":"Winding Halls","player_choice":"Embrace Madness","floor":42,"damage_taken":0}],"is_beta":false,"boss_relics":[{"not_picked":["Pandora\u0027s Box","Black Star"],"picked":"Orrery"},{"not_picked":["Coffee Dripper","White Beast Statue"],"picked":"Lizard Tail"}],"items_purged_floors":[3,29],"is_endless":false,"potions_floor_spawned":[5,12,16,23,28,31,35,36],"killed_by":"Transient","ascension_level":3}