{"gold_per_floor":[112,112,28,38,38,38,72,72,72,72,92,92,102,118,118,196,196,207,132,132,151,151,151,151,168,220,220,240,268,268,288,288,288],"floor_reached":33,"playtime":1102,"items_purged":["Genetic Algorithm"],"score":580,"play_id":"3164b47c-5976-4e80-97ab-7a6e7fc648ea","local_time":"20181216194539","is_ascension_mode":true,"campfire_choices":[{"data":"Defragment","floor":6,"key":"SMITH"},{"data":"FTL","floor":12,"key":"SMITH"},{"data":"Conserve Battery","floor":15,"key":"SMITH"},{"data":"Buffer","floor":23,"key":"SMITH"},{"data":"Coolheaded","floor":27,"key":"SMITH"},{"floor":32,"key":"REST"}],"neow_cost":"NONE","seed_source_timestamp":264279142409213,"circlet_count":0,"master_deck":["AscendersBane","Zap+1","Dualcast","Double Energy","Defragment+1","Compile Driver","FTL+1","Force Field","Leap","Ball Lightning","Conserve Battery+1","Core Surge","Meteor Strike","Reboot","Recycle","Buffer+1","Sweeping Beam","Cold Snap","Coolheaded+1","Cold Snap","Reboot","Coolheaded"],"relics":["Cracked Core","NeowsBlessing","PreservedInsect","Sundial","Happy Flower","Pandora\u0027s Box","Blood Vial","Letter Opener","Meat on the Bone"],"potions_floor_usage":[16,29],"damage_taken":[{"damage":0,"enemies":"Jaw Worm","floor":1,"turns":1},{"damage":0,"enemies":"Cultist","floor":4,"turns":1},{"damage":0,"enemies":"Lagavulin","floor":7,"turns":1},{"damage":9,"enemies":"2 Louse","floor":11,"turns":2},{"damage":4,"enemies":"Blue Slaver","floor":13,"turns":4},{"damage":3,"enemies":"Looter","floor":14,"turns":3},{"damage":20,"enemies":"The Guardian","floor":16,"turns":9},{"damage":3,"enemies":"3 Byrds","floor":18,"turns":3},{"damage":5,"enemies":"Shell Parasite","floor":21,"turns":5},{"damage":0,"enemies":"Snecko","floor":25,"turns":4},{"damage":19,"enemies":"Centurion and Healer","floor":28,"turns":9},{"damage":20,"enemies":"Slavers","floor":29,"turns":5},{"damage":3,"enemies":"Snake Plant","floor":31,"turns":4},{"damage":61,"enemies":"Champ","floor":33,"turns":16}],"seed_played":"7885197304776144013","potions_obtained":[{"floor":1,"key":"Energy Potion"},{"floor":11,"key":"FairyPotion"},{"floor":13,"key":"PowerPotion"},{"floor":21,"key":"Fire Potion"}],"is_trial":false,"path_per_floor":["M","?","$","M","?","R","E","T","T","?","M","R","M","M","R","B",null,"M","$","?","M","?","R","?","M","T","R","M","E","T","M","R","B"],"character_chosen":"DEFECT","items_purchased":["Defragment"],"campfire_rested":1,"item_purchase_floors":[3],"current_hp_per_floor":[64,64,64,64,64,64,64,64,64,64,55,55,51,48,48,28,60,57,57,37,32,32,32,32,32,32,32,15,7,7,18,40,0],"gold":288,"neow_bonus":"THREE_ENEMY_KILL","is_prod":false,"is_daily":false,"chose_seed":false,"campfire_upgraded":5,"win_rate":0,"timestamp":1544957139,"path_taken":["M","?","$","?","?","R","E","?","T","?","M","R","?","M","R","BOSS","M","$","?","M","?","R","?","?","T","R","M","E","?","M","R","BOSS"],"build_version":"2018-12-13","purchased_purges":1,"victory":false,"max_hp_per_floor":[71,71,71,71,71,71,71,71,71,71,71,71,71,71,71,71,71,71,71,76,76,76,76,76,76,76,76,76,76,76,76,76,76],"card_choices":[{"not_picked":["Genetic Algorithm","Storm"],"picked":"Double Energy","floor":1},{"not_picked":["Redo","Coolheaded"],"picked":"Compile Driver","floor":4},{"not_picked":["Hologram","Stack"],"picked":"FTL","floor":7},{"not_picked":["Streamline","Go for the Eyes"],"picked":"Leap","floor":11},{"not_picked":["Compile Driver","Sweeping Beam"],"picked":"Ball Lightning","floor":13},{"not_picked":["Gash","Sweeping Beam"],"picked":"Conserve Battery","floor":14},{"not_picked":["Biased Cognition","Buffer"],"picked":"Core Surge","floor":16},{"not_picked":["Turbo","Force Field"],"picked":"Sweeping Beam","floor":18},{"not_picked":["Fusion","Hello World"],"picked":"Cold Snap","floor":21},{"not_picked":["Fusion","Barrage"],"picked":"Coolheaded","floor":25},{"not_picked":["Barrage","Hologram"],"picked":"Cold Snap","floor":28},{"not_picked":["All For One","Hello World+1"],"picked":"Reboot","floor":29},{"not_picked":["Rebound","Go for the Eyes"],"picked":"Coolheaded","floor":31}],"player_experience":800562,"relics_obtained":[{"floor":7,"key":"PreservedInsect"},{"floor":8,"key":"Sundial"},{"floor":9,"key":"Happy Flower"},{"floor":26,"key":"Blood Vial"},{"floor":29,"key":"Letter Opener"},{"floor":30,"key":"Meat on the Bone"}],"event_choices":[{"cards_removed":["Defend_B"],"damage_healed":0,"gold_gain":0,"player_choice":"Offered Basic","damage_taken":0,"max_hp_gain":0,"max_hp_loss":0,"event_name":"Bonfire Elementals","floor":2,"gold_loss":0},{"damage_healed":0,"gold_gain":0,"player_choice":"Grow","damage_taken":0,"max_hp_gain":0,"max_hp_loss":0,"event_name":"Living Wall","floor":5,"gold_loss":0,"cards_upgraded":["Zap"]},{"damage_healed":0,"gold_gain":0,"cards_transformed":["Strike_B"],"player_choice":"Transformed","damage_taken":0,"max_hp_gain":0,"max_hp_loss":0,"event_name":"Transmorgrifier","floor":10,"gold_loss":0,"cards_obtained":["Force Field"]},{"damage_healed":0,"gold_gain":0,"player_choice":"Shed Blood","damage_taken":25,"max_hp_gain":5,"max_hp_loss":0,"event_name":"Forgotten Altar","floor":20,"gold_loss":0},{"damage_healed":0,"gold_gain":0,"player_choice":"Ignored","damage_taken":0,"max_hp_gain":0,"max_hp_loss":0,"event_name":"Ghosts","floor":22,"gold_loss":0},{"cards_removed":["Redo"],"damage_healed":0,"gold_gain":0,"player_choice":"Elegance","damage_taken":0,"max_hp_gain":0,"max_hp_loss":0,"event_name":"Back to Basics","floor":24,"gold_loss":0}],"is_beta":false,"boss_relics":[{"not_picked":["Fusion Hammer","Ectoplasm"],"picked":"Pandora\u0027s Box"}],"items_purged_floors":[19],"is_endless":false,"potions_floor_spawned":[1,11,13,14,21],"killed_by":"Champ","ascension_level":20}