{"gold_per_floor":[119,119,69,80,5,5,25,35,35,49,68,100,100,0,0,0],"floor_reached":16,"playtime":681,"items_purged":["Defend_B","Strike_B"],"score":112,"play_id":"4015b297-6857-4c1a-a147-92c9647bfe32","local_time":"20180902154924","is_ascension_mode":true,"campfire_choices":[{"data":"Zap","floor":6,"key":"SMITH"},{"data":"White Noise","floor":13,"key":"SMITH"},{"data":"Go for the Eyes","floor":15,"key":"SMITH"}],"neow_cost":"PERCENT_DAMAGE","seed_source_timestamp":461923603768691,"circlet_count":0,"master_deck":["Strike_B","Strike_B","Defend_B","Defend_B","Defend_B","Zap+1","Dualcast","FTL","Rebound","Auto Shields","Self Repair","Go for the Eyes+1","Gash","White Noise+1"],"relics":["Cracked Core","Lantern","Bottled Tornado"],"potions_floor_usage":[16],"damage_taken":[{"damage":2,"enemies":"Jaw Worm","floor":1,"turns":5},{"damage":3,"enemies":"2 Louse","floor":4,"turns":3},{"damage":0,"enemies":"Small Slimes","floor":7,"turns":2},{"damage":0,"enemies":"2 Fungi Beasts","floor":8,"turns":3},{"damage":0,"enemies":"Large Slime","floor":10,"turns":5},{"damage":12,"enemies":"Exordium Thugs","floor":11,"turns":4},{"damage":15,"enemies":"Lagavulin","floor":12,"turns":6},{"damage":60,"enemies":"Hexaghost","floor":16,"turns":10}],"seed_played":"1328397050800210618","potions_obtained":[{"floor":11,"key":"Explosive Potion"}],"is_trial":false,"path_per_floor":["M","?","?","M","$","R","M","M","T","M","M","E","R","$","R"],"character_chosen":"DEFECT","items_purchased":[],"campfire_rested":0,"item_purchase_floors":[],"current_hp_per_floor":[63,63,63,60,60,60,60,60,60,67,62,54,54,54,54,0],"gold":0,"neow_bonus":"TWENTY_PERCENT_HP_BONUS","is_prod":false,"is_daily":false,"chose_seed":false,"campfire_upgraded":3,"win_rate":0,"timestamp":1535869164,"path_taken":["M","?","?","M","?","R","M","M","T","?","M","E","R","$","R","BOSS"],"build_version":"2018-08-30","purchased_purges":2,"victory":false,"max_hp_per_floor":[89,89,89,89,89,89,89,89,89,89,89,89,89,89,89,89],"card_choices":[{"not_picked":["Coolheaded","Barrage"],"picked":"FTL","floor":1},{"not_picked":["Hologram","Turbo"],"picked":"Rebound","floor":4},{"not_picked":["Streamline","Cold Snap"],"picked":"Auto Shields","floor":7},{"not_picked":["Rebound","Loop"],"picked":"Self Repair","floor":8},{"not_picked":["Hologram","Fusion"],"picked":"Go for the Eyes","floor":10},{"not_picked":["Beam Cell","Coolheaded"],"picked":"Gash","floor":11},{"not_picked":["Multi-Cast","Darkness"],"picked":"White Noise","floor":12}],"player_experience":111400,"relics_obtained":[{"floor":9,"key":"Lantern"},{"floor":12,"key":"Bottled Tornado"}],"event_choices":[{"event_name":"Liars Game","player_choice":"disagreed","floor":2,"damage_taken":0},{"event_name":"The Cleric","player_choice":"Card Removal","floor":3,"damage_taken":0}],"is_beta":false,"boss_relics":[],"items_purged_floors":[5,14],"is_endless":false,"potions_floor_spawned":[11],"killed_by":"Hexaghost","ascension_level":2}