{"gold_per_floor":[113,133,133,152,83,83,102,102,102,102,112,129,141,141,141,241,241,259,271,15,32,32],"floor_reached":22,"playtime":1248,"items_purged":["Writhe"],"score":205,"play_id":"847b67a1-90ba-4b15-8122-314b77eb68b8","local_time":"20180711161108","is_ascension_mode":false,"campfire_choices":[{"data":"Blade Dance","floor":6,"key":"SMITH"},{"data":"Well Laid Plans","floor":10,"key":"SMITH"},{"floor":15,"key":"REST"}],"neow_cost":"CURSE","seed_source_timestamp":143248635131872,"circlet_count":0,"master_deck":["Defend_G","Defend_G+1","Defend_G+1","Defend_G","Defend_G","Strike_G","Strike_G","Strike_G","Strike_G","Strike_G","Survivor","Neutralize","Injury","Distraction","Expertise","Blade Dance+1","Well Laid Plans+1","Prepared","Night Terror","Dagger Spray","After Image","Injury","Injury","Footwork","Prepared+1","Magnetism","PiercingWail+1"],"relics":["Ring of the Snake","Mango","CultistMask","Mercury Hourglass","Du-Vu Doll","Calling Bell","Happy Flower","Pear","Ginger"],"potions_floor_usage":[16,16,21,22,22],"damage_taken":[{"damage":0,"enemies":"2 Louse","floor":1,"turns":3},{"damage":0,"enemies":"Small Slimes","floor":2,"turns":4},{"damage":1,"enemies":"Cultist","floor":4,"turns":5},{"damage":19,"enemies":"Lots of Slimes","floor":7,"turns":4},{"damage":5,"enemies":"Exordium Wildlife","floor":11,"turns":4},{"damage":6,"enemies":"3 Louse","floor":12,"turns":2},{"damage":8,"enemies":"Exordium Thugs","floor":13,"turns":5},{"damage":52,"enemies":"Hexaghost","floor":16,"turns":12},{"damage":29,"enemies":"2 Thieves","floor":18,"turns":3},{"damage":15,"enemies":"Shell Parasite","floor":19,"turns":4},{"damage":25,"enemies":"Chosen and Byrds","floor":21,"turns":9},{"damage":26,"enemies":"Centurion and Healer","floor":22,"turns":2}],"seed_played":"701604887370120517","potions_obtained":[{"floor":2,"key":"FairyPotion"},{"floor":4,"key":"Weak Potion"},{"floor":13,"key":"GhostInAJar"},{"floor":16,"key":"LiquidBronze"},{"floor":18,"key":"SteroidPotion"},{"floor":19,"key":"EssenceOfSteel"}],"is_trial":false,"path_per_floor":["M","M","?","M","$","R","M","?","T","R","M","M","M","?","R","B",null,"M","M","$","M"],"character_chosen":"THE_SILENT","items_purchased":["Well Laid Plans","Magnetism"],"campfire_rested":1,"item_purchase_floors":[5,20],"current_hp_per_floor":[84,84,67,66,66,66,47,47,47,47,42,36,28,16,41,1,94,65,50,50,25,0],"gold":32,"neow_bonus":"ONE_RARE_RELIC","is_prod":false,"is_daily":false,"chose_seed":false,"campfire_upgraded":2,"win_rate":0,"timestamp":1531293068,"path_taken":["M","M","?","?","?","R","?","?","T","R","M","M","?","?","R","BOSS","M","M","$","M","M"],"build_version":"2018-07-05","purchased_purges":1,"victory":false,"max_hp_per_floor":[84,84,84,84,84,84,84,84,84,84,84,84,84,84,84,84,94,94,94,94,94,94],"card_choices":[{"not_picked":["Bouncing Flask","Underhanded Strike"],"picked":"Distraction","floor":1},{"not_picked":["Deflect","Dagger Spray"],"picked":"Expertise","floor":2},{"not_picked":["Leg Sweep","PiercingWail"],"picked":"Blade Dance","floor":4},{"not_picked":["Slice","Quick Slash"],"picked":"Prepared","floor":7},{"not_picked":["Blur","Sucker Punch"],"picked":"Night Terror","floor":11},{"not_picked":["Dagger Throw","Outmaneuver","Blade Dance"],"picked":"SKIP","floor":12},{"not_picked":["Poisoned Stab","Acrobatics"],"picked":"Dagger Spray","floor":13},{"not_picked":["Adrenaline","Unload"],"picked":"After Image","floor":16},{"not_picked":["Blur","Deflect+1"],"picked":"Footwork","floor":18},{"not_picked":["Acrobatics","Sucker Punch"],"picked":"Prepared+1","floor":19},{"not_picked":["Backflip+1","Slice"],"picked":"PiercingWail+1","floor":21}],"player_experience":25017,"relics_obtained":[{"floor":9,"key":"Mercury Hourglass"},{"floor":17,"key":"Happy Flower"},{"floor":17,"key":"Pear"},{"floor":17,"key":"Ginger"}],"event_choices":[{"event_name":"Shining Light","player_choice":"Entered Light","floor":3,"damage_taken":0},{"event_name":"FaceTrader","player_choice":"Trade","floor":8,"damage_taken":0},{"event_name":"Scrap Ooze","player_choice":"success","floor":14,"damage_taken":12}],"boss_relics":[{"not_picked":["Sozu","Eternal Feather"],"picked":"Calling Bell"}],"items_purged_floors":[20],"is_endless":false,"potions_floor_spawned":[2,4,11,13,16,18,19],"killed_by":"Centurion and Healer","ascension_level":0}