{"gold_per_floor":[110,72,83,83,8,34,50,50,50,50,50,85,103,103],"floor_reached":14,"playtime":350,"items_purged":["Strike_G"],"score":154,"play_id":"a6a020b7-4f35-417b-a915-5ae072d4ecc7","local_time":"20181026150207","is_ascension_mode":true,"campfire_choices":[{"data":"Adrenaline","floor":8,"key":"SMITH"},{"data":"Footwork","floor":10,"key":"SMITH"}],"neow_cost":"NONE","seed_source_timestamp":608223800454520,"circlet_count":0,"master_deck":["Defend_G","Defend_G","Defend_G","Defend_G","Defend_G","Strike_G+1","Strike_G","Strike_G","Strike_G","Survivor+1","Neutralize","Dagger Spray","Footwork+1","Outmaneuver","Adrenaline+1","Deadly Poison","Die Die Die+1","Poisoned Stab+1"],"relics":["Ring of the Snake","NeowsBlessing","Molten Egg 2","Happy Flower","Dodecahedron","Smiling Mask"],"potions_floor_usage":[12,14,14],"damage_taken":[{"damage":0,"enemies":"Cultist","floor":1,"turns":1},{"damage":0,"enemies":"Small Slimes","floor":3,"turns":1},{"damage":0,"enemies":"Lagavulin","floor":6,"turns":1},{"damage":4,"enemies":"2 Louse","floor":7,"turns":3},{"damage":39,"enemies":"Gremlin Nob","floor":12,"turns":6},{"damage":0,"enemies":"2 Fungi Beasts","floor":13,"turns":2},{"damage":2,"enemies":"3 Sentries","floor":14,"turns":4}],"seed_played":"666895891242490043","potions_obtained":[{"floor":7,"key":"Regen Potion"},{"floor":12,"key":"Block Potion"},{"floor":13,"key":"Fire Potion"}],"is_trial":false,"path_per_floor":["M","$","M","?","$","E","M","R","T","R","?","E","M"],"character_chosen":"THE_SILENT","items_purchased":["Footwork"],"campfire_rested":0,"item_purchase_floors":[2],"current_hp_per_floor":[70,70,70,45,45,45,41,41,41,41,27,2,2,0],"gold":103,"neow_bonus":"THREE_ENEMY_KILL","is_prod":false,"is_daily":false,"chose_seed":false,"campfire_upgraded":2,"win_rate":0,"timestamp":1540528327,"path_taken":["M","$","?","?","$","E","M","R","T","R","?","E","M","E"],"build_version":"2018-10-25","purchased_purges":1,"victory":false,"max_hp_per_floor":[70,70,70,70,70,70,70,70,70,70,70,70,70,70],"card_choices":[{"not_picked":["Acrobatics","Concentrate"],"picked":"Dagger Spray","floor":1},{"not_picked":["Slice","Caltrops"],"picked":"Outmaneuver","floor":3},{"not_picked":["Reflex","Slice+1"],"picked":"Adrenaline","floor":6},{"not_picked":["Dodge and Roll","Dagger Spray+1"],"picked":"Deadly Poison","floor":7},{"not_picked":["Poisoned Stab+1","Blade Dance"],"picked":"Die Die Die+1","floor":12},{"not_picked":["Deflect","Reflex"],"picked":"Poisoned Stab+1","floor":13}],"player_experience":348534,"relics_obtained":[{"floor":6,"key":"Happy Flower"},{"floor":9,"key":"Dodecahedron"},{"floor":12,"key":"Smiling Mask"}],"event_choices":[{"damage_healed":0,"gold_gain":0,"player_choice":"Success","damage_taken":25,"relics_obtained":["Molten Egg 2"],"max_hp_gain":0,"max_hp_loss":0,"event_name":"Scrap Ooze","floor":4,"gold_loss":0},{"damage_healed":0,"gold_gain":0,"player_choice":"Entered Light","damage_taken":14,"max_hp_gain":0,"max_hp_loss":0,"event_name":"Shining Light","floor":11,"gold_loss":0,"cards_upgraded":["Survivor","Strike_G"]}],"is_beta":false,"boss_relics":[],"items_purged_floors":[5],"is_endless":false,"potions_floor_spawned":[7,12,13],"killed_by":"3 Sentries","ascension_level":5}