{"gold_per_floor":[113,130,143,113,130,9,9,9,35,53,67,32,32,60,60,158,158,175,175,175],"floor_reached":20,"playtime":610,"items_purged":["Strike_B"],"score":291,"play_id":"65f84c3c-ab93-4b36-ae85-a331090de70b","local_time":"20190216230418","is_ascension_mode":true,"campfire_choices":[{"data":"Chaos","floor":7,"key":"SMITH"},{"data":"Zap","floor":13,"key":"SMITH"},{"data":"White Noise","floor":15,"key":"SMITH"}],"neow_cost":"PERCENT_DAMAGE","seed_source_timestamp":31108850885800,"circlet_count":0,"master_deck":["Strike_B","Strike_B","Strike_B","Defend_B+1","Defend_B","Defend_B+1","Defend_B","Zap+1","Dualcast","Chaos+1","White Noise+1","Cold Snap","Leap","Seek","Auto Shields"],"relics":["Cracked Core","Dead Branch","Meat on the Bone","War Paint","Bottled Lightning","Nuclear Battery","Boot"],"potions_floor_usage":[11,16,20,20],"damage_taken":[{"damage":1,"enemies":"Cultist","floor":1,"turns":3},{"damage":5,"enemies":"Small Slimes","floor":2,"turns":3},{"damage":3,"enemies":"Jaw Worm","floor":3,"turns":4},{"damage":8,"enemies":"Blue Slaver","floor":5,"turns":5},{"damage":3,"enemies":"Looter","floor":10,"turns":3},{"damage":0,"enemies":"Exordium Wildlife","floor":11,"turns":2},{"damage":21,"enemies":"Gremlin Nob","floor":14,"turns":4},{"damage":0,"enemies":"Slime Boss","floor":16,"turns":5},{"damage":15,"enemies":"Chosen","floor":18,"turns":6},{"damage":51,"enemies":"Masked Bandits","floor":20,"turns":4}],"seed_played":"-5148799755485825233","potions_obtained":[{"floor":2,"key":"SkillPotion"},{"floor":4,"key":"Ancient Potion"},{"floor":4,"key":"SmokeBomb"},{"floor":5,"key":"Fire Potion"},{"floor":11,"key":"GamblersBrew"},{"floor":16,"key":"Weak Potion"},{"floor":18,"key":"Block Potion"}],"is_trial":false,"path_per_floor":["M","M","M","?","M","$","R","T","T","M","M","?","R","E","R","B",null,"M","?","?"],"character_chosen":"DEFECT","items_purchased":["Cold Snap"],"campfire_rested":0,"item_purchase_floors":[6],"current_hp_per_floor":[49,44,41,41,33,33,33,33,33,42,42,60,60,39,39,39,66,51,51,0],"gold":175,"neow_bonus":"ONE_RARE_RELIC","is_prod":false,"is_daily":false,"chose_seed":false,"campfire_upgraded":3,"win_rate":0,"timestamp":1550351058,"path_taken":["M","M","M","?","?","$","R","?","T","M","M","?","R","E","R","BOSS","M","?","?"],"build_version":"2019-01-23","purchased_purges":1,"victory":false,"max_hp_per_floor":[75,75,75,75,75,75,75,75,75,75,75,75,75,75,75,75,75,75,75,75],"card_choices":[{"not_picked":["Hologram","Barrage","Coolheaded"],"picked":"SKIP","floor":1},{"not_picked":["Steam","All For One"],"picked":"Chaos","floor":2},{"not_picked":["Compile Driver","Rip and Tear","Stack"],"picked":"SKIP","floor":3},{"not_picked":["Conserve Battery","Leap"],"picked":"White Noise","floor":5},{"not_picked":["Undo","Rip and Tear","Barrage"],"picked":"SKIP","floor":10},{"not_picked":["Reprogram","Redo","Beam Cell"],"picked":"SKIP","floor":11},{"not_picked":["Aggregate","Gash"],"picked":"Leap","floor":14},{"not_picked":["All For One","Multi-Cast"],"picked":"Seek","floor":16},{"not_picked":["Sweeping Beam+1","Cold Snap"],"picked":"Auto Shields","floor":18}],"player_experience":785420,"relics_obtained":[{"floor":8,"key":"Meat on the Bone"},{"floor":9,"key":"War Paint"},{"floor":14,"key":"Bottled Lightning"}],"event_choices":[{"damage_healed":0,"gold_gain":0,"player_choice":"Bought 2 Potions","damage_taken":0,"max_hp_gain":0,"max_hp_loss":0,"event_name":"The Woman in Blue","floor":4,"gold_loss":0},{"damage_healed":18,"gold_gain":0,"player_choice":"Healed","damage_taken":0,"max_hp_gain":0,"max_hp_loss":0,"event_name":"The Cleric","floor":12,"gold_loss":35},{"damage_healed":0,"gold_gain":0,"player_choice":"Opened","damage_taken":0,"relics_obtained":["Boot"],"max_hp_gain":0,"max_hp_loss":0,"event_name":"The Mausoleum","floor":19,"gold_loss":0},{"damage_healed":0,"gold_gain":0,"player_choice":"Fought Bandits","damage_taken":0,"max_hp_gain":0,"max_hp_loss":0,"event_name":"Masked Bandits","floor":20,"gold_loss":0}],"is_beta":false,"boss_relics":[{"not_picked":["Calling Bell","Lizard Tail"],"picked":"Nuclear Battery"}],"items_purged_floors":[6],"is_endless":false,"potions_floor_spawned":[2,5,11,16,18],"killed_by":"Masked Bandits","ascension_level":6}