{"gold_per_floor":[361,361,379,150,168,203,203,234,287,287,297,297,297,314,314,412,412,429,17,17,36,36,36],"floor_reached":23,"playtime":1140,"items_purged":["Regret","Defend_G"],"score":219,"play_id":"db92f979-6306-4cf1-9209-7f8300c1b8fd","local_time":"20180907190531","is_ascension_mode":true,"campfire_choices":[{"data":"Noxious Fumes","floor":7.0,"key":"SMITH"},{"floor":10.0,"key":"REST"},{"floor":15.0,"key":"REST"}],"neow_cost":"PERCENT_DAMAGE","seed_source_timestamp":0,"circlet_count":0,"master_deck":["Defend_G","Defend_G","Defend_G","Defend_G","Strike_G","Strike_G","Strike_G","Strike_G","Survivor","Neutralize","Acrobatics","Noxious Fumes+1","Poisoned Stab","Bane","Catalyst","Crippling Poison","Catalyst","Envenom","Catalyst","Dash","Shame"],"special_seed":0,"relics":["Ring of the Snake","Ornamental Fan","Centennial Puzzle","Potion Belt","Art of War","Orichalcum","Regal Pillow","Black Star","Membership Card","Strawberry","Ancient Tea Set"],"potions_floor_usage":[],"damage_taken":[{"damage":1.0,"enemies":"Small Slimes","floor":1.0,"turns":5.0},{"damage":10.0,"enemies":"Jaw Worm","floor":3.0,"turns":4.0},{"damage":1.0,"enemies":"2 Louse","floor":5.0,"turns":3.0},{"damage":17.0,"enemies":"Gremlin Nob","floor":6.0,"turns":5.0},{"damage":12.0,"enemies":"3 Sentries","floor":8.0,"turns":8.0},{"damage":3.0,"enemies":"2 Fungi Beasts","floor":11.0,"turns":3.0},{"damage":4.0,"enemies":"Exordium Thugs","floor":14.0,"turns":6.0},{"damage":16.0,"enemies":"Hexaghost","floor":16.0,"turns":8.0},{"damage":20,"enemies":"Spheric Guardian","floor":18,"turns":5},{"damage":2,"enemies":"Chosen","floor":21,"turns":4},{"damage":41,"enemies":"Slavers","floor":23,"turns":4}],"seed_played":"-4661407029369221013","potions_obtained":[{"floor":3.0,"key":"PowerPotion"},{"floor":5.0,"key":"Strength Potion"},{"floor":6.0,"key":"Weak Potion"},{"floor":11.0,"key":"SteroidPotion"},{"floor":16.0,"key":"Strength Potion"},{"floor":21,"key":"Strength Potion"}],"is_trial":false,"path_per_floor":["M","?","M","$","M","E","R","E","T","R","M","?","?","M","R","B",null,"M","$","?","M","?"],"character_chosen":"THE_SILENT","items_purchased":["Centennial Puzzle","Membership Card","Strawberry","Dash"],"campfire_rested":2,"item_purchase_floors":[4,19,19,19],"current_hp_per_floor":[48,48,38,38,37,20,20,8,8,29,26,14,7,3,39,23,70,50,57,43,41,41,0],"gold":36,"neow_bonus":"TWO_FIFTY_GOLD","is_prod":false,"is_daily":false,"chose_seed":false,"campfire_upgraded":1,"win_rate":0,"timestamp":1536312931,"path_taken":["M","?","M","$","M","E","R","E","T","R","M","?","?","M","R","BOSS","M","$","?","M","?","E"],"build_version":"2018-09-06","purchased_purges":2,"victory":false,"max_hp_per_floor":[70,70,70,70,70,70,70,70,70,70,70,70,70,70,70,70,70,70,77,77,77,77,77],"card_choices":[{"not_picked":["Outmaneuver","Dagger Throw"],"picked":"Acrobatics","floor":1.0},{"not_picked":["Prepared","Flying Knee"],"picked":"Noxious Fumes","floor":3.0},{"not_picked":["Calculated Gamble","Slice"],"picked":"Poisoned Stab","floor":5.0},{"not_picked":["Endless Agony","Riddle With Holes"],"picked":"Bane","floor":6.0},{"not_picked":["Escape Plan","Flying Knee"],"picked":"Catalyst","floor":8.0},{"not_picked":["Deflect","Backflip"],"picked":"Crippling Poison","floor":11.0},{"not_picked":["Prepared","Acrobatics"],"picked":"Catalyst","floor":14.0},{"not_picked":["After Image","A Thousand Cuts"],"picked":"Envenom","floor":16.0},{"not_picked":["Infinite Blades+1","Riddle With Holes"],"picked":"Catalyst","floor":18},{"not_picked":["Underhanded Strike","Slice+1","Endless Agony"],"picked":"SKIP","floor":21}],"player_experience":143437,"relics_obtained":[{"floor":6.0,"key":"Potion Belt"},{"floor":8.0,"key":"Art of War"},{"floor":9.0,"key":"Orichalcum"}],"event_choices":[{"event_name":"Big Fish","player_choice":"Box","floor":2.0,"damage_taken":0.0},{"event_name":"Scrap Ooze","player_choice":"success","floor":12.0,"damage_taken":12.0},{"event_name":"Golden Wing","player_choice":"Card Removal","floor":13.0,"damage_taken":0.0},{"event_name":"Knowing Skull","player_choice":"POTION ","floor":20,"damage_taken":0},{"event_name":"Addict","player_choice":"Stole Relic","floor":22,"damage_taken":0}],"is_beta":false,"boss_relics":[{"not_picked":["Runic Dome","Pandora\u0027s Box"],"picked":"Black Star"}],"items_purged_floors":[4,19],"is_endless":false,"potions_floor_spawned":[3,5,6,11,16,21],"killed_by":"Slavers","ascension_level":2}