{"gold_per_floor":[110,35,185,185,110,149,149,180,180,194,194,194,229,129,129,227,227,252,271,271,289,16,16,56,56,80,103,103,103,103,130,130,202,202,218,234,284,303,314,314,339,39,39,57,157,69,69,84,84,84],"floor_reached":51,"playtime":5497,"items_purged":["Strike_R","Doubt","Strike_R","Strike_R","Strike_R+1"],"score":1472,"play_id":"cc66087a-ec9e-40e0-9c31-d58345b021ac","local_time":"20190119161956","is_ascension_mode":true,"campfire_choices":[{"data":"Bash","floor":7.0,"key":"SMITH"},{"data":"Heavy Blade","floor":12.0,"key":"SMITH"},{"data":"Whirlwind","floor":15.0,"key":"SMITH"},{"data":"Limit Break","floor":23.0,"key":"SMITH"},{"data":"Shockwave","floor":25.0,"key":"SMITH"},{"floor":32.0,"key":"REST"},{"floor":40.0,"key":"REST"},{"floor":49,"key":"REST"}],"neow_cost":"NONE","seed_source_timestamp":0,"circlet_count":0,"master_deck":["AscendersBane","Defend_R","Defend_R","Defend_R","Defend_R+1","Bash+1","Heavy Blade+1","Pommel Strike+1","Inflame","Shrug It Off","Whirlwind+1","Limit Break+1","Shrug It Off","Disarm","Whirlwind+1","Shockwave+1","Feel No Pain","Disarm+1","Flame Barrier","Reaper+1","Shrug It Off","Heavy Blade+1","Pommel Strike+1","Master of Strategy","Good Instincts","Offering","Shrug It Off","Shrug It Off+1"],"special_seed":0,"relics":["Burning Blood","NeowsBlessing","Bloody Idol","Pear","Happy Flower","Bottled Tornado","Pocketwatch","Velvet Choker","Membership Card","Bottled Flame","Blood Vial","Gremlin Horn","Enchiridion","Thread and Needle","Fusion Hammer","Whetstone","Regal Pillow","Dodecahedron","Gambling Chip","Incense Burner"],"potions_floor_usage":[50,50],"damage_taken":[{"damage":0.0,"enemies":"Cultist","floor":1.0,"turns":1.0},{"damage":0.0,"enemies":"Lagavulin","floor":6.0,"turns":1.0},{"damage":0.0,"enemies":"3 Sentries","floor":8.0,"turns":2.0},{"damage":7.0,"enemies":"2 Louse","floor":10.0,"turns":2.0},{"damage":24.0,"enemies":"Lagavulin","floor":13.0,"turns":6.0},{"damage":6.0,"enemies":"The Guardian","floor":16.0,"turns":12.0},{"damage":3.0,"enemies":"Spheric Guardian","floor":18.0,"turns":3.0},{"damage":0.0,"enemies":"3 Byrds","floor":19.0,"turns":3.0},{"damage":6.0,"enemies":"Centurion and Healer","floor":21.0,"turns":4.0},{"damage":14.0,"enemies":"Book of Stabbing","floor":24.0,"turns":5.0},{"damage":0.0,"enemies":"Snecko","floor":27.0,"turns":4.0},{"damage":27.0,"enemies":"Slavers","floor":31.0,"turns":4.0},{"damage":63.0,"enemies":"Automaton","floor":33.0,"turns":8.0},{"damage":0.0,"enemies":"3 Shapes","floor":35.0,"turns":8.0},{"damage":0.0,"enemies":"3 Darklings","floor":36.0,"turns":1.0},{"damage":14.0,"enemies":"Spire Growth","floor":38.0,"turns":6.0},{"damage":20.0,"enemies":"4 Shapes","floor":39.0,"turns":6.0},{"damage":62.0,"enemies":"Giant Head","floor":41.0,"turns":9.0},{"damage":0.0,"enemies":"Sphere and 2 Shapes","floor":44.0,"turns":3.0},{"damage":5.0,"enemies":"Mind Bloom Boss Battle","floor":45.0,"turns":6.0},{"damage":6,"enemies":"Writhing Mass","floor":48,"turns":5},{"damage":1,"enemies":"Awakened One","floor":50,"turns":15}],"seed_played":"9188023262104179759","potions_obtained":[{"floor":8.0,"key":"Poison Potion"},{"floor":13.0,"key":"Weak Potion"},{"floor":27.0,"key":"SpeedPotion"},{"floor":31.0,"key":"Regen Potion"},{"floor":33.0,"key":"FearPotion"},{"floor":35.0,"key":"SteroidPotion"}],"is_trial":false,"path_per_floor":["M","$","?","?","?","E","R","E","T","M","?","R","E","$","R","B",null,"M","M","?","M","$","R","E","R","T","M","T","?","?","E","R","B",null,"M","M","?","M","M","R","E","$","T","M","?","$","T","M","R","B",null],"character_chosen":"IRONCLAD","items_purchased":["Membership Card","Master of Strategy","Regal Pillow","Good Instincts"],"campfire_rested":3,"item_purchase_floors":[22,42,42,42],"current_hp_per_floor":[74,74,74,48,48,64,64,70,70,69,43,43,25,25,25,25,70,73,79,79,79,79,79,71,71,71,79,79,58,58,44,69,19,69,85,85,85,85,85,85,47,47,47,60,85,85,85,85,85,85],"gold":84,"neow_bonus":"THREE_ENEMY_KILL","is_prod":false,"is_daily":false,"chose_seed":false,"campfire_upgraded":5,"win_rate":0,"timestamp":1547907596,"path_taken":["M","?","?","?","?","E","R","E","T","M","?","R","E","$","R","BOSS","M","M","?","?","$","R","E","R","T","M","?","?","?","E","R","BOSS","M","M","?","M","M","R","E","$","T","?","?","$","?","M","R","BOSS"],"build_version":"2019-01-17v2","purchased_purges":5,"victory":true,"max_hp_per_floor":[75,75,75,75,75,85,85,85,85,85,85,85,85,85,85,85,85,85,85,85,85,85,85,85,85,85,85,85,85,85,85,85,85,85,85,85,85,85,85,85,85,85,85,85,85,85,85,85,85,85],"card_choices":[{"not_picked":["Armaments","Flex"],"picked":"Heavy Blade","floor":1.0},{"not_picked":["Carnage","Flex"],"picked":"Pommel Strike","floor":6.0},{"not_picked":["Headbutt","Infernal Blade"],"picked":"Inflame","floor":8.0},{"not_picked":["Burning Pact","Pummel"],"picked":"Shrug It Off","floor":10.0},{"not_picked":["Disarm","Spot Weakness"],"picked":"Whirlwind","floor":13.0},{"not_picked":["Reaper","Juggernaut"],"picked":"Limit Break","floor":16.0},{"not_picked":["Carnage+1","Headbutt+1"],"picked":"Shrug It Off","floor":18.0},{"not_picked":["Twin Strike","Havoc"],"picked":"Disarm","floor":19.0},{"not_picked":["Armaments","Infernal Blade"],"picked":"Shockwave","floor":21.0},{"not_picked":["Fire Breathing+1","Entrench"],"picked":"Feel No Pain","floor":24.0},{"not_picked":["Wild Strike","Anger"],"picked":"Disarm+1","floor":27.0},{"not_picked":["Iron Wave","Armaments"],"picked":"Flame Barrier","floor":31.0},{"not_picked":["Barricade","Immolate"],"picked":"Reaper","floor":33.0},{"not_picked":["Iron Wave","Feel No Pain"],"picked":"Shrug It Off","floor":35.0},{"not_picked":["Wild Strike","Twin Strike"],"picked":"Heavy Blade+1","floor":36.0},{"not_picked":["Sword Boomerang","Perfected Strike"],"picked":"Pommel Strike+1","floor":38.0},{"not_picked":["Rupture+1","Thunderclap","Fire Breathing"],"picked":"SKIP","floor":39.0},{"not_picked":["Dual Wield+1","Thunderclap","Anger"],"picked":"SKIP","floor":41.0},{"not_picked":["Dual Wield+1","Thunderclap","Anger"],"picked":"SKIP","floor":41.0},{"not_picked":["Infernal Blade","Metallicize+1"],"picked":"Offering","floor":44.0},{"not_picked":["Clothesline","Twin Strike+1"],"picked":"Shrug It Off","floor":45.0},{"not_picked":["Clash+1","Armaments"],"picked":"Shrug It Off+1","floor":48}],"player_experience":890184,"relics_obtained":[{"floor":6.0,"key":"Pear"},{"floor":8.0,"key":"Happy Flower"},{"floor":9.0,"key":"Bottled Tornado"},{"floor":13.0,"key":"Pocketwatch"},{"floor":24.0,"key":"Bottled Flame"},{"floor":26.0,"key":"Blood Vial"},{"floor":28.0,"key":"Gremlin Horn"},{"floor":29.0,"key":"Enchiridion"},{"floor":31.0,"key":"Thread and Needle"},{"floor":41.0,"key":"Whetstone"},{"floor":43.0,"key":"Dodecahedron"},{"floor":45.0,"key":"Gambling Chip"},{"floor":47,"key":"Incense Burner"}],"event_choices":[{"damage_healed":0.0,"max_hp_gain":0.0,"max_hp_loss":0.0,"gold_gain":150.0,"event_name":"Liars Game","player_choice":"AGREE","floor":3.0,"gold_loss":0.0,"damage_taken":0.0,"cards_obtained":["Doubt"]},{"damage_healed":0.0,"max_hp_gain":0.0,"max_hp_loss":0.0,"gold_gain":0.0,"event_name":"Golden Idol","player_choice":"Take Damage","floor":4.0,"gold_loss":0.0,"damage_taken":26.0,"relics_obtained":["Golden Idol"]},{"cards_removed":["Strike_R"],"damage_healed":0.0,"max_hp_gain":0.0,"max_hp_loss":0.0,"gold_gain":0.0,"event_name":"The Cleric","player_choice":"Card Removal","floor":5.0,"gold_loss":75.0,"damage_taken":0.0},{"damage_healed":0.0,"max_hp_gain":0.0,"max_hp_loss":0.0,"gold_gain":0.0,"event_name":"Shining Light","player_choice":"Entered Light","floor":11.0,"gold_loss":0.0,"damage_taken":26.0,"cards_upgraded":["Strike_R","Defend_R"]},{"damage_healed":0.0,"max_hp_gain":0.0,"max_hp_loss":0.0,"gold_gain":0.0,"event_name":"Duplicator","player_choice":"Copied","floor":20.0,"gold_loss":0.0,"damage_taken":0.0,"cards_obtained":["Whirlwind"]},{"damage_healed":0.0,"max_hp_gain":0.0,"max_hp_loss":0.0,"gold_gain":0.0,"event_name":"Cursed Tome","player_choice":"Obtained Book","floor":29.0,"gold_loss":0.0,"damage_taken":21.0},{"damage_healed":0.0,"max_hp_gain":0.0,"max_hp_loss":0.0,"gold_gain":0.0,"event_name":"Forgotten Altar","player_choice":"Gave Idol","floor":30.0,"relics_lost":["Golden Idol"],"gold_loss":0.0,"damage_taken":0.0,"relics_obtained":["Bloody Idol"]},{"damage_healed":0.0,"max_hp_gain":0.0,"max_hp_loss":0.0,"gold_gain":50.0,"event_name":"Golden Shrine","player_choice":"Pray","floor":37.0,"gold_loss":0.0,"damage_taken":0.0},{"damage_healed":0.0,"max_hp_gain":0.0,"max_hp_loss":0.0,"gold_gain":0.0,"event_name":"MindBloom","player_choice":"Fight","floor":45.0,"gold_loss":0.0,"damage_taken":0.0}],"is_beta":false,"boss_relics":[{"not_picked":["Philosopher\u0027s Stone","Black Star"],"picked":"Velvet Choker"},{"not_picked":["Black Blood","Runic Pyramid"],"picked":"Fusion Hammer"}],"items_purged_floors":[2,14,22,42,46],"is_endless":false,"potions_floor_spawned":[8,13,27,31,33,35,36,38,45,48],"ascension_level":16}