{"gold_per_floor":[110,122,122,102,112,139,157,67,67,87,87,102,102,102,102,173,173,173],"floor_reached":18,"playtime":543,"items_purged":[],"score":324,"play_id":"75df49d4-fe5c-4534-a37c-acd857e506fb","local_time":"20190213180638","is_ascension_mode":true,"campfire_choices":[{"floor":11.0,"key":"REST"},{"floor":13.0,"key":"DIG"},{"floor":15.0,"key":"DIG"}],"neow_cost":"PERCENT_DAMAGE","seed_source_timestamp":798378831818463,"circlet_count":0,"master_deck":["AscendersBane","Strike_R","Strike_R","Strike_R","Strike_R","Strike_R","Defend_R","Defend_R","Defend_R","Defend_R","Bash","Pommel Strike","Feel No Pain","Inflame","Anger","Body Slam+1","Corruption","Clash","Evolve","Offering"],"special_seed":0,"relics":["Burning Blood","Unceasing Top","Shovel","Singing Bowl","Pantograph","Frozen Egg 2","Lizard Tail"],"potions_floor_usage":[],"damage_taken":[{"damage":9.0,"enemies":"Jaw Worm","floor":1.0,"turns":5.0},{"damage":6.0,"enemies":"Cultist","floor":2.0,"turns":3.0},{"damage":3.0,"enemies":"2 Louse","floor":5.0,"turns":3.0},{"damage":20.0,"enemies":"Lagavulin","floor":6.0,"turns":5.0},{"damage":21.0,"enemies":"Lots of Slimes","floor":7.0,"turns":5.0},{"damage":7.0,"enemies":"Looter","floor":10.0,"turns":3.0},{"damage":10.0,"enemies":"Gremlin Gang","floor":12.0,"turns":3.0},{"damage":65.0,"enemies":"Hexaghost","floor":16.0,"turns":8.0},{"damage":41,"enemies":"3 Byrds","floor":18,"turns":4}],"seed_played":"4423189206119736756","potions_obtained":[{"floor":4.0,"key":"FairyPotion"},{"floor":5.0,"key":"AttackPotion"},{"floor":6.0,"key":"Strength Potion"}],"is_trial":false,"path_per_floor":["M","M","$","?","M","E","M","$","T","M","R","M","R","?","R","B",null,"M"],"character_chosen":"IRONCLAD","items_purchased":["Corruption","Clash"],"campfire_rested":1,"item_purchase_floors":[8,8],"current_hp_per_floor":[47,47,47,47,50,36,21,21,21,20,42,40,40,40,40,13,61,20],"gold":173,"neow_bonus":"ONE_RARE_RELIC","is_prod":false,"is_daily":false,"chose_seed":false,"campfire_upgraded":0,"win_rate":0,"timestamp":1550106398,"path_taken":["M","M","$","?","?","E","?","?","T","M","R","M","R","?","R","BOSS","M"],"build_version":"2019-01-23","purchased_purges":0,"victory":false,"max_hp_per_floor":[75,75,75,75,75,75,75,75,75,75,75,77,77,77,77,77,77,77],"card_choices":[{"not_picked":["Hemokinesis","Wild Strike"],"picked":"Pommel Strike","floor":1.0},{"not_picked":["Twin Strike","Burning Pact"],"picked":"Feel No Pain","floor":2.0},{"not_picked":["Whirlwind","Heavy Blade"],"picked":"Inflame","floor":5.0},{"not_picked":["Twin Strike","Berserk"],"picked":"Anger","floor":6.0},{"not_picked":["Wild Strike","Sever Soul"],"picked":"Body Slam","floor":7.0},{"not_picked":["Clothesline","Shrug It Off"],"picked":"Evolve","floor":10.0},{"not_picked":["Rupture","Pommel Strike","Clothesline"],"picked":"Singing Bowl","floor":12.0},{"not_picked":["Juggernaut+1","Impervious"],"picked":"Offering","floor":16.0}],"player_experience":819116,"relics_obtained":[{"floor":6.0,"key":"Shovel"},{"floor":9.0,"key":"Singing Bowl"},{"floor":13.0,"key":"Pantograph"},{"floor":15.0,"key":"Frozen Egg 2"}],"event_choices":[{"damage_healed":0.0,"max_hp_gain":0.0,"max_hp_loss":0.0,"gold_gain":0.0,"event_name":"The Woman in Blue","player_choice":"Bought 1 Potion","floor":4.0,"gold_loss":0.0,"damage_taken":0.0},{"damage_healed":0.0,"max_hp_gain":0.0,"max_hp_loss":0.0,"gold_gain":0.0,"event_name":"Accursed Blacksmith","player_choice":"Forge","floor":14.0,"gold_loss":0.0,"damage_taken":0.0,"cards_upgraded":["Body Slam"]}],"is_beta":false,"boss_relics":[{"not_picked":["Sozu","Snecko Eye"],"picked":"Lizard Tail"}],"items_purged_floors":[],"is_endless":false,"potions_floor_spawned":[5,6,7],"killed_by":"3 Byrds","ascension_level":20}