{"gold_per_floor":[110,110,110,125,50,50,76,96,96,107,107,124,104,117,117,191,191,211,95,107,107],"floor_reached":21,"playtime":507,"items_purged":["Strike_B"],"score":362,"play_id":"b2943dfe-e055-43e6-91ba-e04be1cbae76","local_time":"20181007110732","is_ascension_mode":true,"campfire_choices":[{"data":"Zap","floor":6,"key":"SMITH"},{"floor":11,"key":"REST"},{"data":"Consume","floor":15,"key":"SMITH"}],"neow_cost":"NONE","seed_source_timestamp":1003361495242231,"circlet_count":0,"master_deck":["Strike_B","Strike_B","Strike_B","Defend_B","Defend_B","Defend_B","Zap+1","Dualcast","AscendersBane","Cold Snap","Doom and Gloom","Consume+1","Cold Snap","Conserve Battery","Loop","Echo Form","Self Repair","Reinforced Body"],"relics":["Cracked Core","Mummified Hand","Shuriken","Question Card","Inserter","Kunai"],"potions_floor_usage":[7,7,16,16],"damage_taken":[{"damage":13,"enemies":"Small Slimes","floor":1,"turns":3},{"damage":0,"enemies":"Cultist","floor":4,"turns":4},{"damage":8,"enemies":"Lagavulin","floor":7,"turns":5},{"damage":10,"enemies":"2 Louse","floor":8,"turns":2},{"damage":10,"enemies":"Red Slaver","floor":10,"turns":3},{"damage":0,"enemies":"Large Slime","floor":12,"turns":4},{"damage":3,"enemies":"Exordium Wildlife","floor":14,"turns":2},{"damage":18,"enemies":"Hexaghost","floor":16,"turns":10},{"damage":35,"enemies":"Shell Parasite","floor":18,"turns":6},{"damage":18,"enemies":"Spheric Guardian","floor":20,"turns":5},{"damage":0,"enemies":"Cultist and Chosen","floor":21,"turns":2}],"seed_played":"3773534452351202885","potions_obtained":[{"floor":2,"key":"Poison Potion"},{"floor":2,"key":"SpeedPotion"},{"floor":4,"key":"Explosive Potion"},{"floor":7,"key":"PowerPotion"},{"floor":12,"key":"FearPotion"},{"floor":13,"key":"Block Potion"}],"is_trial":false,"path_per_floor":["M","?","?","M","$","R","E","M","T","M","R","M","?","M","R","B",null,"M","?","M"],"character_chosen":"DEFECT","items_purchased":[],"campfire_rested":1,"item_purchase_floors":[],"current_hp_per_floor":[51,51,33,33,33,33,25,15,15,5,26,26,26,23,23,5,55,20,20,9,9],"gold":107,"neow_bonus":"REMOVE_CARD","is_prod":false,"is_daily":false,"chose_seed":false,"campfire_upgraded":2,"win_rate":0,"timestamp":1538878052,"path_taken":["M","?","?","M","$","R","E","M","T","?","R","M","?","M","R","BOSS","M","?","?","?"],"build_version":"2018-10-04v2","purchased_purges":1,"victory":false,"max_hp_per_floor":[71,71,71,71,71,71,71,71,71,71,71,71,71,71,71,71,71,71,71,71,71],"card_choices":[{"not_picked":["Streamline","Doom and Gloom"],"picked":"Cold Snap","floor":1},{"not_picked":["Fusion","Melter"],"picked":"Doom and Gloom","floor":4},{"not_picked":["Go for the Eyes","Coolheaded"],"picked":"Consume","floor":7},{"not_picked":["Stack","Scrape","Redo"],"picked":"SKIP","floor":8},{"not_picked":["Double Energy","Barrage","Sweeping Beam"],"picked":"Cold Snap","floor":10},{"not_picked":["Beam Cell","Leap","Redo"],"picked":"Conserve Battery","floor":12},{"not_picked":["Rip and Tear","Sunder","Compile Driver"],"picked":"Loop","floor":14},{"not_picked":["Rainbow","Buffer","Hyperbeam"],"picked":"Echo Form","floor":16},{"not_picked":["Beam Cell","White Noise","Rebound"],"picked":"Self Repair","floor":18},{"not_picked":["Turbo","Beam Cell","Hello World+1"],"picked":"Reinforced Body","floor":20}],"player_experience":748485,"relics_obtained":[{"floor":7,"key":"Shuriken"},{"floor":9,"key":"Question Card"}],"event_choices":[{"event_name":"The Lab","player_choice":"Got Potions","floor":2,"damage_taken":0},{"event_name":"Scrap Ooze","player_choice":"success","floor":3,"damage_taken":18},{"event_name":"The Woman in Blue","player_choice":"Bought 1 Potion","floor":13,"damage_taken":0},{"event_name":"WeMeetAgain","player_choice":"Gold","floor":19,"damage_taken":0}],"is_beta":false,"boss_relics":[{"not_picked":["Runic Pyramid","Fusion Hammer"],"picked":"Inserter"}],"items_purged_floors":[5],"is_endless":false,"potions_floor_spawned":[4,7,12,14],"killed_by":"Cultist and Chosen","ascension_level":20}