{"gold_per_floor":[117,267,342,173,173,173,185,245,245,277,277,297,331,348,348,426,426,426,426,426,236,236,236,236,236],"floor_reached":25,"playtime":589,"items_purged":["Doubt","Defend_R"],"score":524,"play_id":"29e05e60-326e-4b84-b882-51a6532263f1","local_time":"20181214022908","is_ascension_mode":true,"campfire_choices":[{"data":"Trip","floor":6,"key":"SMITH"},{"data":"Blood for Blood","floor":11,"key":"SMITH"},{"floor":15,"key":"REST"},{"data":"Whirlwind","floor":23,"key":"SMITH"}],"neow_cost":"NONE","seed_source_timestamp":29801956920949,"circlet_count":0,"master_deck":["AscendersBane","Strike_R","Strike_R","Strike_R","Strike_R","Strike_R","Defend_R","Defend_R","Bash","Burning Pact","Trip+1","Twin Strike","Impervious","Blood for Blood+1","Whirlwind+1","Disarm","Pommel Strike","Double Tap","Metallicize","Headbutt","Metallicize"],"relics":["Burning Blood","NeowsBlessing","Tiny Chest","Matryoshka","Letter Opener","Paper Frog","Ectoplasm","Enchiridion","Bird Faced Urn"],"potions_floor_usage":[10,12,16,24,25],"damage_taken":[{"damage":0,"enemies":"2 Louse","floor":1,"turns":1},{"damage":0,"enemies":"Jaw Worm","floor":7,"turns":1},{"damage":0,"enemies":"Lagavulin","floor":8,"turns":1},{"damage":35,"enemies":"3 Sentries","floor":10,"turns":8},{"damage":7,"enemies":"Small Slimes","floor":12,"turns":2},{"damage":30,"enemies":"Lagavulin","floor":13,"turns":7},{"damage":1,"enemies":"Looter","floor":14,"turns":2},{"damage":22,"enemies":"The Guardian","floor":16,"turns":10},{"damage":18,"enemies":"Shell Parasite","floor":18,"turns":4},{"damage":12,"enemies":"Chosen","floor":22,"turns":4},{"damage":15,"enemies":"Gremlin Leader","floor":24,"turns":3},{"damage":18,"enemies":"Snake Plant","floor":25,"turns":2}],"seed_played":"3398644754496851213","potions_obtained":[{"floor":1,"key":"Strength Potion"},{"floor":7,"key":"Energy Potion"},{"floor":13,"key":"Fire Potion"},{"floor":14,"key":"LiquidBronze"},{"floor":22,"key":"FearPotion"}],"is_trial":false,"path_per_floor":["M","?","?","$","?","R","M","E","T","E","R","M","E","M","R","B",null,"M","?","?","$","M","R","E","M"],"character_chosen":"IRONCLAD","items_purchased":["Trip","Metallicize"],"campfire_rested":1,"item_purchase_floors":[4,21],"current_hp_per_floor":[74,74,63,63,56,56,62,68,68,39,39,38,14,19,41,25,63,51,30,30,30,24,24,15,0],"gold":236,"neow_bonus":"THREE_ENEMY_KILL","is_prod":false,"is_daily":false,"chose_seed":false,"campfire_upgraded":3,"win_rate":0,"timestamp":1544722148,"path_taken":["M","?","?","$","?","R","M","E","T","E","R","M","E","M","R","BOSS","M","?","?","$","M","R","E","?"],"build_version":"2018-12-06","purchased_purges":2,"victory":false,"max_hp_per_floor":[75,75,75,75,75,75,75,75,75,75,75,75,75,75,75,75,75,75,75,75,75,75,75,75,75],"card_choices":[{"not_picked":["Wild Strike","Clothesline"],"picked":"Burning Pact","floor":1},{"not_picked":["Dual Wield","Combust"],"picked":"Twin Strike","floor":7},{"not_picked":["Body Slam","Iron Wave"],"picked":"Impervious","floor":8},{"not_picked":["Body Slam","Havoc"],"picked":"Blood for Blood","floor":10},{"not_picked":["Flex","Heavy Blade"],"picked":"Whirlwind","floor":12},{"not_picked":["Twin Strike","Searing Blow"],"picked":"Disarm","floor":13},{"not_picked":["Sword Boomerang","Twin Strike"],"picked":"Pommel Strike","floor":14},{"not_picked":["Limit Break","Exhume"],"picked":"Double Tap","floor":16},{"not_picked":["Warcry","Sword Boomerang"],"picked":"Metallicize","floor":18},{"not_picked":["Evolve","Sentinel","Bloodletting"],"picked":"SKIP","floor":22},{"not_picked":["Thunderclap","Warcry","Pummel"],"picked":"SKIP","floor":24}],"player_experience":789037,"relics_obtained":[{"floor":8,"key":"Tiny Chest"},{"floor":9,"key":"Matryoshka"},{"floor":10,"key":"Letter Opener"},{"floor":13,"key":"Paper Frog"},{"floor":19,"key":"Enchiridion"},{"floor":24,"key":"Bird Faced Urn"}],"event_choices":[{"damage_healed":0,"gold_gain":150,"player_choice":"AGREE","damage_taken":0,"max_hp_gain":0,"max_hp_loss":0,"event_name":"Liars Game","floor":2,"gold_loss":0,"cards_obtained":["Doubt"]},{"damage_healed":0,"gold_gain":75,"player_choice":"Gather Gold","damage_taken":11,"max_hp_gain":0,"max_hp_loss":0,"event_name":"World of Goop","floor":3,"gold_loss":0},{"cards_removed":["Defend_R"],"damage_healed":0,"gold_gain":0,"player_choice":"Card Removal","damage_taken":7,"max_hp_gain":0,"max_hp_loss":0,"event_name":"Golden Wing","floor":5,"gold_loss":0},{"damage_healed":0,"gold_gain":0,"player_choice":"Obtained Book","damage_taken":21,"max_hp_gain":0,"max_hp_loss":0,"event_name":"Cursed Tome","floor":19,"gold_loss":0},{"damage_healed":0,"gold_gain":0,"player_choice":"1 cards matched","damage_taken":0,"max_hp_gain":0,"max_hp_loss":0,"event_name":"Match and Keep!","floor":20,"gold_loss":0,"cards_obtained":["Headbutt"]}],"is_beta":false,"boss_relics":[{"not_picked":["Philosopher\u0027s Stone","Runic Pyramid"],"picked":"Ectoplasm"}],"items_purged_floors":[4,21],"is_endless":false,"potions_floor_spawned":[1,7,13,14,22],"killed_by":"Snake Plant","ascension_level":20}