{"gold_per_floor":[115,125,125,9,9,39,50,50,50,65,65,65,99,99,99,176,176,192,192,206,206,222,222,233,244,289,289,307,307,337,355,355,434,434,451,451,471,471,471,496,496,509,509,537,537,0,10,26,26,26],"floor_reached":50,"playtime":909,"items_purged":[],"score":1289,"play_id":"bbb360b1-b42f-4da7-ae64-d1a412b3e6b0","local_time":"20180829060406","is_ascension_mode":true,"campfire_choices":[{"data":"Perfected Strike","floor":8,"key":"SMITH"},{"data":"Perfected Strike","floor":11,"key":"SMITH"},{"data":"Perfected Strike","floor":15,"key":"SMITH"},{"data":"J.A.X.","floor":23,"key":"SMITH"},{"data":"Perfected Strike","floor":27,"key":"SMITH"},{"floor":29,"key":"REST"},{"floor":32,"key":"REST"},{"floor":41,"key":"REST"},{"data":"Perfected Strike","floor":49,"key":"SMITH"}],"neow_cost":"NONE","seed_source_timestamp":1018746950348577,"circlet_count":0,"master_deck":["Strike_R","Strike_R","Strike_R","Strike_R","Strike_R","Defend_R","Defend_R","Defend_R","Bash","AscendersBane","Perfected Strike+1","Perfected Strike+1","Perfected Strike+1","Pommel Strike","Clash","Flex+1","Twin Strike","Perfected Strike+1","J.A.X.+1","Double Tap","Twin Strike","Perfected Strike","Pommel Strike","Perfected Strike","Offering","Perfected Strike+1","Perfected Strike","Second Wind+1","Perfected Strike","Inflame+1","Enlightenment+1","Thunderclap+1","Perfected Strike","Pommel Strike"],"relics":["Burning Blood","NeowsBlessing","Bag of Marbles","Pear","Juzu Bracelet","Black Star","Vajra","Blood Vial","Orichalcum","Orrery","Torii","Dodecahedron","Shuriken","Kunai","Pen Nib","War Paint","Red Mask"],"potions_floor_usage":[20,28,40,42,44,50],"damage_taken":[{"damage":0,"enemies":"2 Louse","floor":1,"turns":1},{"damage":0,"enemies":"Cultist","floor":2,"turns":1},{"damage":0,"enemies":"Lagavulin","floor":6,"turns":1},{"damage":2,"enemies":"Jaw Worm","floor":7,"turns":2},{"damage":19,"enemies":"Gremlin Gang","floor":10,"turns":5},{"damage":20,"enemies":"3 Sentries","floor":13,"turns":4},{"damage":0,"enemies":"Slime Boss","floor":16,"turns":6},{"damage":12,"enemies":"Chosen","floor":18,"turns":3},{"damage":16,"enemies":"3 Byrds","floor":20,"turns":4},{"damage":10,"enemies":"Cultist and Chosen","floor":22,"turns":3},{"damage":9,"enemies":"Centurion and Healer","floor":24,"turns":3},{"damage":9,"enemies":"3 Cultists","floor":25,"turns":3},{"damage":28,"enemies":"Shelled Parasite and Fungi","floor":28,"turns":3},{"damage":35,"enemies":"Slavers","floor":30,"turns":4},{"damage":0,"enemies":"Snake Plant","floor":31,"turns":1},{"damage":49,"enemies":"Automaton","floor":33,"turns":6},{"damage":6,"enemies":"Orb Walker","floor":35,"turns":1},{"damage":35,"enemies":"3 Shapes","floor":37,"turns":3},{"damage":38,"enemies":"Giant Head","floor":40,"turns":5},{"damage":3,"enemies":"Spire Growth","floor":42,"turns":2},{"damage":42,"enemies":"Nemesis","floor":44,"turns":3},{"damage":1,"enemies":"Sphere and 2 Shapes","floor":47,"turns":3},{"damage":1,"enemies":"3 Darklings","floor":48,"turns":2},{"damage":79,"enemies":"Time Eater","floor":50,"turns":5}],"seed_played":"3685999094621009036","potions_obtained":[{"floor":1,"key":"SpeedPotion"},{"floor":10,"key":"SpeedPotion"},{"floor":13,"key":"SkillPotion"},{"floor":24,"key":"Swift Potion"},{"floor":28,"key":"BloodPotion"},{"floor":37,"key":"Block Potion"},{"floor":40,"key":"Energy Potion"},{"floor":47,"key":"GamblersBrew"}],"is_trial":false,"path_per_floor":["M","M","?","$","$","E","M","R","T","M","R","$","E","?","R","B",null,"M","?","M","?","M","R","M","M","T","R","M","R","E","M","R","B",null,"M","?","M","?","?","E","R","M","T","E","?","?","M","M","R"],"character_chosen":"IRONCLAD","items_purchased":["Perfected Strike","Pommel Strike"],"campfire_rested":3,"item_purchase_floors":[4,4],"current_hp_per_floor":[74,75,80,80,80,80,80,80,90,77,77,77,63,63,63,69,85,79,79,69,69,65,65,62,59,59,59,37,64,35,43,70,29,75,77,77,50,50,50,20,47,52,52,27,74,74,74,74,74,0],"gold":26,"neow_bonus":"THREE_ENEMY_KILL","is_prod":false,"is_daily":false,"chose_seed":false,"campfire_upgraded":6,"win_rate":0,"timestamp":1535490246,"path_taken":["M","M","?","?","$","E","?","R","T","M","R","$","E","?","R","BOSS","M","?","M","?","M","R","M","M","T","R","M","R","E","M","R","BOSS","M","?","M","?","?","E","R","M","T","E","?","?","M","M","R","BOSS"],"build_version":"2018-08-23v2","purchased_purges":0,"victory":false,"max_hp_per_floor":[75,75,80,80,80,80,80,80,90,90,90,90,90,90,90,90,90,90,90,90,90,90,90,90,90,90,90,90,90,90,90,90,90,90,90,90,90,90,90,90,90,90,90,90,74,74,74,74,74,74],"card_choices":[{"not_picked":["Body Slam","True Grit"],"picked":"Perfected Strike","floor":1},{"not_picked":["Sentinel","Shrug It Off"],"picked":"Perfected Strike","floor":2},{"not_picked":["Rage","Fiend Fire"],"picked":"Clash","floor":6},{"not_picked":["Havoc","True Grit"],"picked":"Flex","floor":7},{"not_picked":["Thunderclap","Flame Barrier"],"picked":"Twin Strike","floor":10},{"not_picked":["Rampage","Dark Embrace","Iron Wave"],"picked":"SKIP","floor":13},{"not_picked":["Sever Soul","Rupture"],"picked":"Perfected Strike","floor":18},{"not_picked":["Warcry","Sever Soul","Cleave"],"picked":"SKIP","floor":20},{"not_picked":["Flame Barrier","Pummel","Dual Wield"],"picked":"SKIP","floor":22},{"not_picked":["Body Slam","Havoc"],"picked":"Twin Strike","floor":24},{"not_picked":["Iron Wave+1","Sword Boomerang"],"picked":"Perfected Strike","floor":25},{"not_picked":["Headbutt","Rupture"],"picked":"Pommel Strike","floor":28},{"not_picked":["Barricade","Clothesline"],"picked":"Perfected Strike","floor":30},{"not_picked":["Power Through","Metallicize","Clothesline"],"picked":"SKIP","floor":31},{"not_picked":["Berserk","Dark Embrace"],"picked":"Offering","floor":33},{"not_picked":["Flex","True Grit"],"picked":"Perfected Strike","floor":34},{"not_picked":["Uppercut","Burning Pact"],"picked":"Perfected Strike","floor":34},{"not_picked":["Thunderclap","Rage"],"picked":"Second Wind+1","floor":34},{"not_picked":["Power Through","Inflame+1"],"picked":"Perfected Strike","floor":34},{"not_picked":["Disarm","Searing Blow","Combust+1"],"picked":"SKIP","floor":35},{"not_picked":["Warcry","Limit Break"],"picked":"Inflame+1","floor":37},{"not_picked":["Finesse","Blind"],"picked":"Enlightenment","floor":39},{"not_picked":["True Grit","Sword Boomerang","Sever Soul"],"picked":"SKIP","floor":40},{"not_picked":["Sever Soul","Uppercut"],"picked":"Thunderclap+1","floor":42},{"not_picked":["Heavy Blade","Feed"],"picked":"Perfected Strike","floor":44},{"not_picked":["Twin Strike","Carnage"],"picked":"Pommel Strike","floor":47},{"not_picked":["Clothesline","Iron Wave","Infernal Blade+1"],"picked":"SKIP","floor":48}],"player_experience":533817,"relics_obtained":[{"floor":6,"key":"Bag of Marbles"},{"floor":9,"key":"Pear"},{"floor":13,"key":"Juzu Bracelet"},{"floor":26,"key":"Vajra"},{"floor":30,"key":"Blood Vial"},{"floor":30,"key":"Orichalcum"},{"floor":40,"key":"Dodecahedron"},{"floor":40,"key":"Shuriken"},{"floor":43,"key":"Kunai"},{"floor":44,"key":"Pen Nib"},{"floor":44,"key":"War Paint"}],"event_choices":[{"event_name":"Big Fish","player_choice":"Donut","floor":3,"damage_taken":0},{"event_name":"Bonfire Elementals","player_choice":"BASIC","floor":14,"damage_taken":0},{"event_name":"Drug Dealer","player_choice":"Got JAX","floor":19,"damage_taken":0},{"event_name":"Match and Keep!","player_choice":"1 cards matched","floor":21,"damage_taken":0},{"event_name":"WeMeetAgain","player_choice":"Potion","floor":36,"damage_taken":0},{"event_name":"Mysterious Sphere","player_choice":"Ignore","floor":38,"damage_taken":0},{"event_name":"SensoryStone","player_choice":"Memory 1","floor":39,"damage_taken":0},{"event_name":"The Moai Head","player_choice":"Heal","floor":45,"damage_taken":0},{"event_name":"Tomb of Lord Red Mask","player_choice":"Paid","floor":46,"damage_taken":0}],"is_beta":false,"boss_relics":[{"not_picked":["Runic Pyramid","Runic Cube"],"picked":"Black Star"},{"not_picked":["Coffee Dripper","Snecko Eye"],"picked":"Orrery"}],"items_purged_floors":[],"is_endless":false,"potions_floor_spawned":[1,10,13,24,25,28,37,40,47],"killed_by":"Time Eater","ascension_level":20}