{"gold_per_floor":[116,116,127,127,152,189,201,232,244,256,268,330,357,27,27,101,101,116,116,116,130,230,230,246,246,269,40,374,390,390,61,61,137,187,207,132,132,132,132,132,161,176,203,217,217,217,217,267,267,267,267],"floor_reached":51,"playtime":905,"items_purged":["Defend_R"],"score":1378,"play_id":"70ab2383-bdcd-416c-9d0d-851ed46ee688","local_time":"20181212020227","is_ascension_mode":true,"campfire_choices":[{"data":"Uppercut","floor":7.0,"key":"SMITH"},{"data":"Uppercut","floor":15.0,"key":"SMITH"},{"floor":23.0,"key":"RECALL"},{"data":"Heavy Blade","floor":30.0,"key":"SMITH"},{"data":"Bash","floor":32.0,"key":"SMITH"},{"data":"Madness","floor":40.0,"key":"SMITH"},{"data":"Madness","floor":45.0,"key":"SMITH"},{"data":"Double Tap","floor":49.0,"key":"SMITH"}],"neow_cost":"NONE","seed_source_timestamp":419976662683564,"circlet_count":0,"master_deck":["AscendersBane","Strike_R","Strike_R","Strike_R","Strike_R","Defend_R+1","Defend_R","Defend_R","Bash+1","Uppercut+1","Whirlwind","Uppercut+1","Demon Form+1","Heavy Blade+1","Limit Break+1","Shrug It Off+1","Necronomicurse","Ghostly Armor","Rupture+1","Power Through+1","Whirlwind","Double Tap+1","Twin Strike+1","Limit Break+1","Madness+1","Madness+1","Shrug It Off+1"],"special_seed":0,"relics":["Burning Blood","NeowsBlessing","MawBank","Frozen Egg 2","Red Skull","Happy Flower","Coffee Dripper","Necronomicon","MutagenicStrength","Bird Faced Urn","Dodecahedron","Juzu Bracelet","ClockworkSouvenir","Old Coin","Magic Flower","Tiny House","Pen Nib","Smiling Mask","Kunai"],"potions_floor_usage":[],"damage_taken":[{"damage":0.0,"enemies":"2 Louse","floor":1.0,"turns":2.0},{"damage":0.0,"enemies":"Cultist","floor":3.0,"turns":1.0},{"damage":0.0,"enemies":"Small Slimes","floor":5.0,"turns":1.0},{"damage":50.0,"enemies":"Gremlin Nob","floor":6.0,"turns":5.0},{"damage":5.0,"enemies":"Gremlin Gang","floor":8.0,"turns":3.0},{"damage":6.0,"enemies":"Looter","floor":13.0,"turns":3.0},{"damage":16.0,"enemies":"The Guardian","floor":16.0,"turns":8.0},{"damage":35.0,"enemies":"Shell Parasite","floor":18.0,"turns":4.0},{"damage":0.0,"enemies":"Chosen","floor":21.0,"turns":2.0},{"damage":0.0,"enemies":"Colosseum Slavers","floor":22.0,"turns":1.0},{"damage":0.0,"enemies":"Colosseum Nobs","floor":22.0,"turns":2.0},{"damage":18.0,"enemies":"Centurion and Healer","floor":24.0,"turns":3.0},{"damage":12.0,"enemies":"Gremlin Leader","floor":28.0,"turns":2.0},{"damage":0.0,"enemies":"Shelled Parasite and Fungi","floor":29.0,"turns":1.0},{"damage":21.0,"enemies":"Collector","floor":33.0,"turns":4.0},{"damage":8.0,"enemies":"Orb Walker","floor":35.0,"turns":2.0},{"damage":21.0,"enemies":"Nemesis","floor":41.0,"turns":3.0},{"damage":11.0,"enemies":"3 Shapes","floor":42.0,"turns":6.0},{"damage":0.0,"enemies":"Spire Growth","floor":44.0,"turns":2.0},{"damage":45.0,"enemies":"Time Eater","floor":50.0,"turns":5.0},{"damage":26,"enemies":"Donu and Deca","floor":51,"turns":2}],"seed_played":"662015774708755103","potions_obtained":[{"floor":1.0,"key":"SpeedPotion"},{"floor":2.0,"key":"SpeedPotion"},{"floor":3.0,"key":"Explosive Potion"},{"floor":6.0,"key":"PowerPotion"},{"floor":13.0,"key":"AttackPotion"},{"floor":16.0,"key":"Explosive Potion"},{"floor":21.0,"key":"EntropicBrew"},{"floor":33.0,"key":"AttackPotion"}],"is_trial":false,"path_per_floor":["M","?","M","?","M","E","R","M","T","?","?","?","M","$","R","B",null,"M","?","?","M","?","R","M","?","T","$","E","M","R","$","R","B",null,"M","$","?","$","?","R","E","M","T","M","R","T","?","?","R","B","B"],"character_chosen":"IRONCLAD","items_purchased":["Red Skull","Happy Flower","ClockworkSouvenir","Magic Flower"],"campfire_rested":0,"item_purchase_floors":[14,14,27,31],"current_hp_per_floor":[74,74,75,75,75,31,31,32,32,32,32,25,25,25,25,15,60,31,10,10,16,28,28,20,20,20,20,14,20,20,20,20,14,65,66,66,66,66,52,52,40,44,44,53,53,53,53,53,53,20,0],"gold":267,"neow_bonus":"THREE_ENEMY_KILL","is_prod":false,"is_daily":false,"chose_seed":false,"campfire_upgraded":7,"win_rate":0,"timestamp":1544547747,"path_taken":["M","?","?","?","?","E","R","M","T","?","?","?","M","$","R","BOSS","M","?","?","M","?","R","?","?","T","$","E","M","R","$","R","BOSS","M","$","?","?","?","R","E","M","T","M","R","?","?","?","R","BOSS","BOSS"],"build_version":"2018-12-06","purchased_purges":1,"victory":false,"max_hp_per_floor":[75,75,75,75,75,75,75,75,75,75,75,75,75,75,75,75,75,75,75,75,75,75,75,75,75,75,75,75,75,75,75,75,75,80,80,80,80,80,80,80,80,80,80,80,80,80,80,80,80,80,80],"card_choices":[{"not_picked":["Searing Blow","Ghostly Armor"],"picked":"Uppercut","floor":1.0},{"not_picked":["Second Wind","Flex"],"picked":"Whirlwind","floor":3.0},{"not_picked":["Clothesline","Sever Soul"],"picked":"Uppercut","floor":5.0},{"not_picked":["Berserk","Iron Wave"],"picked":"Demon Form","floor":6.0},{"not_picked":["Second Wind","Perfected Strike"],"picked":"Heavy Blade","floor":8.0},{"not_picked":["Armaments","Iron Wave","Heavy Blade"],"picked":"SKIP","floor":13.0},{"not_picked":["Impervious","Double Tap"],"picked":"Limit Break","floor":16.0},{"not_picked":["Ghostly Armor","Second Wind"],"picked":"Shrug It Off+1","floor":18.0},{"not_picked":["Sever Soul","Dropkick"],"picked":"Ghostly Armor","floor":21.0},{"not_picked":["Combust+1","Headbutt"],"picked":"Rupture+1","floor":22.0},{"not_picked":["Seeing Red","Flame Barrier","Ghostly Armor"],"picked":"SKIP","floor":24.0},{"not_picked":["Berserk+1","Perfected Strike"],"picked":"Power Through+1","floor":28.0},{"not_picked":["Headbutt","Body Slam"],"picked":"Whirlwind","floor":29.0},{"not_picked":["Exhume","Immolate"],"picked":"Double Tap","floor":33.0},{"not_picked":["Pommel Strike","Pummel"],"picked":"Twin Strike+1","floor":34.0},{"not_picked":["Uppercut","Hemokinesis","Disarm"],"picked":"SKIP","floor":35.0},{"not_picked":["Iron Wave","Wild Strike","Shrug It Off"],"picked":"SKIP","floor":41.0},{"not_picked":["Carnage","Armaments","Hemokinesis"],"picked":"SKIP","floor":42.0},{"not_picked":["Sentinel","Sever Soul+1"],"picked":"Shrug It Off+1","floor":44.0}],"player_experience":784978,"relics_obtained":[{"floor":6.0,"key":"Frozen Egg 2"},{"floor":19.0,"key":"Necronomicon"},{"floor":22.0,"key":"Bird Faced Urn"},{"floor":22.0,"key":"Dodecahedron"},{"floor":26.0,"key":"Juzu Bracelet"},{"floor":28.0,"key":"Old Coin"},{"floor":41.0,"key":"Pen Nib"},{"floor":43.0,"key":"Smiling Mask"},{"floor":46.0,"key":"Kunai"}],"event_choices":[{"damage_healed":0.0,"max_hp_gain":0.0,"max_hp_loss":0.0,"gold_gain":0.0,"event_name":"Lab","player_choice":"Got Potions","floor":2.0,"gold_loss":0.0,"damage_taken":0.0},{"damage_healed":0.0,"max_hp_gain":0.0,"max_hp_loss":0.0,"gold_gain":0.0,"event_name":"WeMeetAgain","player_choice":"Gave Potion","floor":4.0,"gold_loss":0.0,"damage_taken":0.0,"relics_obtained":["MawBank"]},{"damage_healed":0.0,"max_hp_gain":0.0,"max_hp_loss":0.0,"gold_gain":0.0,"event_name":"Liars Game","player_choice":"Ignored","floor":10.0,"gold_loss":0.0,"damage_taken":0.0},{"damage_healed":0.0,"max_hp_gain":0.0,"max_hp_loss":0.0,"gold_gain":0.0,"event_name":"Shining Light","player_choice":"Ignored","floor":11.0,"gold_loss":0.0,"damage_taken":0.0},{"damage_healed":0.0,"max_hp_gain":0.0,"max_hp_loss":0.0,"gold_gain":50.0,"event_name":"FaceTrader","player_choice":"Touch","floor":12.0,"gold_loss":0.0,"damage_taken":7.0},{"damage_healed":0.0,"max_hp_gain":0.0,"max_hp_loss":0.0,"gold_gain":0.0,"event_name":"Cursed Tome","player_choice":"Obtained Book","floor":19.0,"gold_loss":0.0,"damage_taken":21.0},{"damage_healed":0.0,"max_hp_gain":0.0,"max_hp_loss":0.0,"gold_gain":0.0,"event_name":"Drug Dealer","player_choice":"Inject Mutagens","floor":20.0,"gold_loss":0.0,"damage_taken":0.0,"relics_obtained":["MutagenicStrength"]},{"damage_healed":0.0,"max_hp_gain":0.0,"max_hp_loss":0.0,"gold_gain":0.0,"event_name":"Colosseum","player_choice":"Fight","floor":22.0,"gold_loss":0.0,"damage_taken":0.0},{"damage_healed":0.0,"max_hp_gain":0.0,"max_hp_loss":0.0,"gold_gain":0.0,"event_name":"Colosseum","player_choice":"Fought Nobs","floor":22.0,"gold_loss":0.0,"damage_taken":0.0},{"damage_healed":0.0,"max_hp_gain":0.0,"max_hp_loss":0.0,"gold_gain":0.0,"event_name":"Upgrade Shrine","player_choice":"Upgraded","floor":25.0,"gold_loss":0.0,"damage_taken":0.0,"cards_upgraded":["Limit Break"]},{"damage_healed":0.0,"max_hp_gain":0.0,"max_hp_loss":0.0,"gold_gain":0.0,"event_name":"Duplicator","player_choice":"Copied","floor":37.0,"gold_loss":0.0,"damage_taken":0.0,"cards_obtained":["Limit Break"]},{"damage_healed":0.0,"max_hp_gain":0.0,"max_hp_loss":0.0,"gold_gain":0.0,"event_name":"Winding Halls","player_choice":"Embrace Madness","floor":39.0,"gold_loss":0.0,"damage_taken":14.0,"cards_obtained":["Madness","Madness"]},{"cards_removed":["Strike_R"],"damage_healed":0.0,"max_hp_gain":0.0,"max_hp_loss":0.0,"gold_gain":0.0,"event_name":"Falling","player_choice":"Removed Attack","floor":47.0,"gold_loss":0.0,"damage_taken":0.0},{"damage_healed":0.0,"max_hp_gain":0.0,"max_hp_loss":0.0,"gold_gain":50.0,"event_name":"Golden Shrine","player_choice":"Pray","floor":48.0,"gold_loss":0.0,"damage_taken":0.0}],"is_beta":false,"boss_relics":[{"not_picked":["Snecko Eye","White Beast Statue"],"picked":"Coffee Dripper"},{"not_picked":["Runic Pyramid","Astrolabe"],"picked":"Tiny House"}],"items_purged_floors":[36],"is_endless":false,"potions_floor_spawned":[1,3,6,13,16,21,28,29,33,35],"killed_by":"Donu and Deca","ascension_level":20}