{"gold_per_floor":[131,154,116,128,215,246,258,286,298,375,387,399,35,56,56,181,181,195,195,220,220,74,74],"floor_reached":23,"playtime":981,"items_purged":["Injury"],"score":204,"play_id":"f70c79cb-0e4d-497e-bd3f-be8066a7150d","local_time":"20190110193647","is_ascension_mode":false,"campfire_choices":[{"data":"Entrench","floor":7,"key":"SMITH"},{"data":"Juggernaut","floor":11,"key":"SMITH"},{"floor":15,"key":"REST"}],"neow_cost":"NONE","seed_source_timestamp":1321524308566,"circlet_count":0,"master_deck":["Defend_R+1","Defend_R+1","Defend_R+1","Defend_R+1","Bash","Entrench+1","Cleave","Shrug It Off","Pommel Strike","Juggernaut+1","Clothesline","Juggernaut","Intimidate+1","Bite","Bite","Bite","Bite","Bite","Disarm+1"],"relics":["Black Blood","MawBank","Nunchaku","Incense Burner","Golden Idol","Ice Cream","Lantern"],"potions_floor_usage":[6,10],"damage_taken":[{"damage":7,"enemies":"2 Louse","floor":1,"turns":3},{"damage":12,"enemies":"Small Slimes","floor":2,"turns":4},{"damage":0,"enemies":"Jaw Worm","floor":6,"turns":4},{"damage":0,"enemies":"Blue Slaver","floor":8,"turns":5},{"damage":24,"enemies":"Gremlin Nob","floor":10,"turns":4},{"damage":12,"enemies":"2 Fungi Beasts","floor":14,"turns":2},{"damage":44,"enemies":"Hexaghost","floor":16,"turns":13},{"damage":9,"enemies":"Spheric Guardian","floor":18,"turns":6},{"damage":10,"enemies":"Shell Parasite","floor":20,"turns":9},{"damage":61,"enemies":"Slavers","floor":23,"turns":4}],"seed_played":"7500491467048735453","potions_obtained":[{"floor":1,"key":"Strength Potion"},{"floor":2,"key":"Swift Potion"}],"is_trial":false,"path_per_floor":["M","M","?","?","?","M","R","M","T","?","R","?","$","M","R","B",null,"M","?","M","?","$","E"],"character_chosen":"IRONCLAD","items_purchased":["Ice Cream","Lantern"],"campfire_rested":1,"item_purchase_floors":[13,22],"current_hp_per_floor":[79,73,73,57,46,52,52,58,58,40,40,40,40,34,58,20,80,80,56,56,56,56,0],"gold":74,"neow_bonus":"RANDOM_COMMON_RELIC","is_prod":false,"is_daily":false,"chose_seed":false,"campfire_upgraded":2,"win_rate":0,"timestamp":1547111207,"path_taken":["M","M","?","?","?","M","R","M","T","?","R","?","?","?","R","BOSS","M","?","M","?","$","E"],"build_version":"2019-01-03v4","purchased_purges":1,"victory":false,"max_hp_per_floor":[80,80,80,80,80,80,80,80,80,80,80,80,80,80,80,80,80,80,56,56,56,56,56],"card_choices":[{"not_picked":["Corruption","Armaments"],"picked":"Entrench","floor":1},{"not_picked":["Wild Strike","Clash"],"picked":"Cleave","floor":2},{"not_picked":["Havoc","Armaments"],"picked":"Shrug It Off","floor":6},{"not_picked":["Wild Strike","Reckless Charge"],"picked":"Pommel Strike","floor":8},{"not_picked":["Body Slam","Heavy Blade"],"picked":"Juggernaut","floor":10},{"not_picked":["Heavy Blade","Twin Strike"],"picked":"Clothesline","floor":14},{"not_picked":["Feed","Limit Break"],"picked":"Juggernaut","floor":16},{"not_picked":["Body Slam","Cleave"],"picked":"Intimidate+1","floor":18},{"not_picked":["Sentinel","True Grit"],"picked":"Disarm+1","floor":20}],"player_experience":428254,"relics_obtained":[{"floor":9,"key":"Nunchaku"},{"floor":10,"key":"Incense Burner"}],"event_choices":[{"cards_removed":["Strike_R"],"damage_healed":0,"gold_gain":0,"player_choice":"Card Removal","damage_taken":0,"max_hp_gain":0,"max_hp_loss":0,"event_name":"The Cleric","floor":3,"gold_loss":50},{"damage_healed":0,"gold_gain":0,"player_choice":"Entered Light","damage_taken":16,"max_hp_gain":0,"max_hp_loss":0,"event_name":"Shining Light","floor":4,"gold_loss":0,"cards_upgraded":["Defend_R","Defend_R"]},{"damage_healed":0,"gold_gain":75,"player_choice":"Gather Gold","damage_taken":11,"max_hp_gain":0,"max_hp_loss":0,"event_name":"World of Goop","floor":5,"gold_loss":0},{"damage_healed":0,"gold_gain":30,"player_choice":"Searched \u00272\u0027 times","damage_taken":0,"max_hp_gain":0,"max_hp_loss":0,"event_name":"Dead Adventurer","floor":10,"gold_loss":0},{"damage_healed":0,"gold_gain":0,"player_choice":"Take Wound","damage_taken":0,"relics_obtained":["Golden Idol"],"max_hp_gain":0,"max_hp_loss":0,"event_name":"Golden Idol","floor":12,"gold_loss":0,"cards_obtained":["Injury"]},{"damage_healed":0,"gold_gain":0,"player_choice":"Became a vampire","damage_taken":0,"max_hp_gain":0,"max_hp_loss":24,"event_name":"Vampires","floor":19,"gold_loss":0,"cards_obtained":["Bite","Bite","Bite","Bite","Bite"]},{"damage_healed":0,"gold_gain":0,"player_choice":"Simplicity","damage_taken":0,"max_hp_gain":0,"max_hp_loss":0,"event_name":"Back to Basics","floor":21,"gold_loss":0,"cards_upgraded":["Defend_R","Defend_R"]}],"is_beta":false,"boss_relics":[{"not_picked":["Calling Bell","Empty Cage"],"picked":"Black Blood"}],"items_purged_floors":[13],"is_endless":false,"potions_floor_spawned":[1,2],"killed_by":"Slavers","ascension_level":0}