{"gold_per_floor":[13,13,25,43,60,92,92,92,92,92],"floor_reached":10,"playtime":212,"items_purged":[],"score":136,"play_id":"8e9f2e0a-3fde-46c3-b778-85e485211e29","local_time":"20181218060444","is_ascension_mode":true,"campfire_choices":[{"data":"Zap","floor":7,"key":"SMITH"}],"neow_cost":"NO_GOLD","seed_source_timestamp":388715807058931,"circlet_count":0,"master_deck":["AscendersBane","Strike_B","Strike_B","Strike_B","Strike_B","Defend_B","Defend_B","Defend_B","Defend_B","Zap+1","Dualcast","Defragment","Go for the Eyes","Go for the Eyes","Chill"],"relics":["Cracked Core","FaceOfCleric","Omamori","Potion Belt"],"potions_floor_usage":[6,6],"damage_taken":[{"damage":10,"enemies":"Small Slimes","floor":1,"turns":4},{"damage":1,"enemies":"Cultist","floor":3,"turns":3},{"damage":9,"enemies":"Jaw Worm","floor":4,"turns":2},{"damage":3,"enemies":"Looter","floor":5,"turns":3},{"damage":37,"enemies":"Lagavulin","floor":6,"turns":8},{"damage":22,"enemies":"3 Louse","floor":10,"turns":2}],"seed_played":"-4888989222349399954","potions_obtained":[{"floor":1,"key":"SkillPotion"},{"floor":5,"key":"Poison Potion"}],"is_trial":false,"path_per_floor":["M","?","M","M","M","E","R","T","T","M"],"character_chosen":"DEFECT","items_purchased":[],"campfire_rested":0,"item_purchase_floors":[],"current_hp_per_floor":[68,68,68,60,58,22,22,22,22,0],"gold":92,"neow_bonus":"TWENTY_PERCENT_HP_BONUS","is_prod":false,"is_daily":false,"chose_seed":false,"campfire_upgraded":1,"win_rate":0,"timestamp":1545080684,"path_taken":["M","?","?","M","M","E","R","?","T","?"],"build_version":"2018-12-13","purchased_purges":0,"victory":false,"max_hp_per_floor":[85,85,86,87,88,89,89,89,89,89],"card_choices":[{"not_picked":["Scrape","Leap"],"picked":"Defragment","floor":1},{"not_picked":["Barrage","Stack"],"picked":"Go for the Eyes","floor":3},{"not_picked":["Turbo","Steam"],"picked":"Go for the Eyes","floor":4},{"not_picked":["Barrage","Redo","Blizzard"],"picked":"SKIP","floor":5},{"not_picked":["Doom and Gloom","Sweeping Beam"],"picked":"Chill","floor":6}],"player_experience":816427,"relics_obtained":[{"floor":6,"key":"Omamori"},{"floor":8,"key":"Potion Belt"}],"event_choices":[{"damage_healed":0,"gold_gain":0,"player_choice":"Trade","damage_taken":0,"relics_obtained":["FaceOfCleric"],"max_hp_gain":0,"max_hp_loss":0,"event_name":"FaceTrader","floor":2,"gold_loss":0}],"is_beta":false,"boss_relics":[],"items_purged_floors":[],"is_endless":false,"potions_floor_spawned":[1,5],"killed_by":"3 Louse","ascension_level":20}