{"gold_per_floor":[10,56,36,54,54,54,83,97,97,44,44,69,82,96,96,96],"floor_reached":16,"playtime":290,"items_purged":[],"score":220,"play_id":"371da929-0a79-4ce3-9694-4344c0fdf3ea","local_time":"20180829065529","is_ascension_mode":true,"campfire_choices":[{"data":"Bash","floor":6,"key":"SMITH"},{"floor":11,"key":"REST"},{"floor":15,"key":"REST"}],"neow_cost":"NO_GOLD","seed_source_timestamp":1022450424194994,"circlet_count":0,"master_deck":["Strike_R","Strike_R","Strike_R","Strike_R","Strike_R","Defend_R","Defend_R","Defend_R","Defend_R","Bash+1","AscendersBane","Shockwave","Twin Strike","Perfected Strike","Pommel Strike","Ghostly Armor","Twin Strike"],"relics":["Burning Blood","Oddly Smooth Stone","Omamori","Boot","Mummified Hand"],"potions_floor_usage":[7,8,8,8],"damage_taken":[{"damage":11,"enemies":"Cultist","floor":1,"turns":4},{"damage":3,"enemies":"2 Louse","floor":4,"turns":3},{"damage":58,"enemies":"Gremlin Nob","floor":7,"turns":5},{"damage":6,"enemies":"Small Slimes","floor":8,"turns":3},{"damage":32,"enemies":"3 Sentries","floor":12,"turns":7},{"damage":0,"enemies":"3 Louse","floor":13,"turns":4},{"damage":12,"enemies":"Exordium Wildlife","floor":14,"turns":4},{"damage":0,"enemies":"The Guardian","floor":16,"turns":2}],"seed_played":"7495615034332885007","potions_obtained":[{"floor":1,"key":"GamblersBrew"},{"floor":3,"key":"EntropicBrew"},{"floor":7,"key":"Dexterity Potion"}],"is_trial":false,"path_per_floor":["M","T","?","M","?","R","E","M","T","$","R","E","M","M","R"],"character_chosen":"IRONCLAD","items_purchased":["Pommel Strike"],"campfire_rested":2,"item_purchase_floors":[10],"current_hp_per_floor":[77,77,77,80,80,80,28,28,28,28,54,28,34,28,54,54],"gold":96,"neow_bonus":"TWENTY_PERCENT_HP_BONUS","is_prod":false,"is_daily":false,"chose_seed":false,"campfire_upgraded":1,"win_rate":0,"timestamp":1535493329,"path_taken":["M","?","?","?","?","R","E","M","T","?","R","E","M","?","R","BOSS"],"build_version":"2018-08-23v2","purchased_purges":0,"victory":false,"max_hp_per_floor":[89,89,89,89,89,89,89,89,89,89,89,89,89,89,89,89],"card_choices":[{"not_picked":["Burning Pact","True Grit"],"picked":"Shockwave","floor":1},{"not_picked":["Perfected Strike","Armaments","Feel No Pain"],"picked":"SKIP","floor":4},{"not_picked":["Second Wind","Warcry"],"picked":"Twin Strike","floor":7},{"not_picked":["Armaments","Iron Wave"],"picked":"Perfected Strike","floor":8},{"not_picked":["Wild Strike","Headbutt"],"picked":"Ghostly Armor","floor":12},{"not_picked":["Power Through","Entrench","Evolve"],"picked":"SKIP","floor":13},{"not_picked":["Rage","Warcry"],"picked":"Twin Strike","floor":14}],"player_experience":537225,"relics_obtained":[{"floor":2,"key":"Oddly Smooth Stone"},{"floor":7,"key":"Omamori"},{"floor":9,"key":"Boot"},{"floor":12,"key":"Mummified Hand"}],"event_choices":[{"event_name":"The Woman in Blue","player_choice":"Bought 1 Potion","floor":3,"damage_taken":0},{"event_name":"Liars Game","player_choice":"disagreed","floor":5,"damage_taken":0}],"is_beta":false,"boss_relics":[],"items_purged_floors":[],"is_endless":false,"potions_floor_spawned":[1,7],"killed_by":"The Guardian","ascension_level":20}