{"gold_per_floor":[114,39,39,39,51,80,96,96,173,173,4,22,55,66,66,139,139,149,160,180,191,191,191,218,218,218,229,264,264,296,307,307,382,382,396,22,244,263,273,273,273,293,293,293,303,320,320,337,337,337],"floor_reached":50,"playtime":2119,"items_purged":[],"score":1067,"play_id":"77403c7d-e8f2-40dc-ba0e-3a91900a3bbd","local_time":"20190213230705","is_ascension_mode":true,"campfire_choices":[{"data":"Anger","floor":8.0,"key":"SMITH"},{"data":"Flame Barrier","floor":10.0,"key":"SMITH"},{"data":"Fire Breathing","floor":15.0,"key":"SMITH"},{"floor":23.0,"key":"REST"},{"floor":25.0,"key":"REST"},{"floor":29.0,"key":"REST"},{"floor":32,"key":"REST"},{"floor":40,"key":"REST"},{"data":"Armaments","floor":44,"key":"SMITH"},{"floor":47,"key":"REST"},{"floor":49,"key":"REST"}],"neow_cost":"NONE","seed_source_timestamp":69265523339681,"circlet_count":0,"master_deck":["AscendersBane","Strike_R","Strike_R","Strike_R","Strike_R","Defend_R","Defend_R","Defend_R","Defend_R","Bash+1","Heavy Blade","Flame Barrier+1","Anger+1","Shrug It Off","Shrug It Off","Fire Breathing+1","Clothesline","Limit Break","Metallicize+1","Battle Trance","Metallicize","Decay","Cleave+1","Armaments+1","True Grit","Inflame+1","Flame Barrier","Feed","Feel No Pain","Good Instincts","Metallicize","Limit Break","Uppercut","Wild Strike","Iron Wave","Heavy Blade+1"],"special_seed":0,"relics":["Burning Blood","NeowsBlessing","Blood Vial","Ginger","Mummified Hand","Vajra","StoneCalendar","Mark of Pain","Regal Pillow","Charon\u0027s Ashes","Red Mask","Pen Nib","Lizard Tail","Shuriken","Gremlin Horn"],"potions_floor_usage":[33,39,46],"damage_taken":[{"damage":0.0,"enemies":"Cultist","floor":1.0,"turns":1.0},{"damage":0.0,"enemies":"Jaw Worm","floor":5.0,"turns":1.0},{"damage":0.0,"enemies":"Gremlin Nob","floor":6.0,"turns":1.0},{"damage":3.0,"enemies":"2 Louse","floor":7.0,"turns":3.0},{"damage":0.0,"enemies":"Large Slime","floor":12.0,"turns":3.0},{"damage":18.0,"enemies":"3 Sentries","floor":13.0,"turns":8.0},{"damage":3.0,"enemies":"Blue Slaver","floor":14.0,"turns":3.0},{"damage":20.0,"enemies":"The Guardian","floor":16.0,"turns":11.0},{"damage":20.0,"enemies":"2 Thieves","floor":18.0,"turns":4.0},{"damage":13.0,"enemies":"Shell Parasite","floor":19.0,"turns":5.0},{"damage":17.0,"enemies":"Cultist and Chosen","floor":20.0,"turns":7.0},{"damage":25.0,"enemies":"Centurion and Healer","floor":21.0,"turns":5.0},{"damage":33.0,"enemies":"Slavers","floor":24.0,"turns":7.0},{"damage":25.0,"enemies":"Snake Plant","floor":27.0,"turns":4.0},{"damage":30.0,"enemies":"Masked Bandits","floor":28.0,"turns":4.0},{"damage":43.0,"enemies":"Book of Stabbing","floor":30.0,"turns":7.0},{"damage":19,"enemies":"Sentry and Sphere","floor":31,"turns":6},{"damage":51,"enemies":"Collector","floor":33,"turns":11},{"damage":0,"enemies":"3 Shapes","floor":35,"turns":7},{"damage":32,"enemies":"3 Darklings","floor":38,"turns":5},{"damage":75,"enemies":"Jaw Worm Horde","floor":39,"turns":6},{"damage":30,"enemies":"Maw","floor":42,"turns":8},{"damage":11,"enemies":"4 Shapes","floor":45,"turns":3},{"damage":38,"enemies":"Spire Growth","floor":46,"turns":6},{"damage":35,"enemies":"Writhing Mass","floor":48,"turns":6},{"damage":80,"enemies":"Donu and Deca","floor":50,"turns":5}],"seed_played":"2204259049097482995","potions_obtained":[{"floor":5.0,"key":"Weak Potion"},{"floor":14.0,"key":"Fruit Juice"},{"floor":16.0,"key":"Weak Potion"},{"floor":21.0,"key":"PowerPotion"},{"floor":24.0,"key":"EssenceOfSteel"},{"floor":31,"key":"Block Potion"},{"floor":38,"key":"Strength Potion"},{"floor":42,"key":"AttackPotion"}],"is_trial":false,"path_per_floor":["M","?","?","T","M","E","M","R","T","R","$","M","E","M","R","B",null,"M","M","M","M","?","R","E","R","T","M","?","R","E","M","R","B",null,"M","$","?","M","M","R","?","M","T","R","M","M","R","M","R","B"],"character_chosen":"IRONCLAD","items_purchased":["Vajra","Shuriken","Good Instincts"],"campfire_rested":7,"item_purchase_floors":[11,36,36],"current_hp_per_floor":[74,74,74,74,75,75,75,75,75,75,75,75,63,73,73,61,75,63,58,49,32,32,56,31,70,70,53,31,70,35,24,63,20,65,73,73,73,49,24,63,63,41,41,41,41,14,54,27,67,0],"gold":337,"neow_bonus":"THREE_ENEMY_KILL","is_prod":false,"is_daily":false,"chose_seed":false,"campfire_upgraded":4,"win_rate":0,"timestamp":1550099225,"path_taken":["M","?","?","?","?","E","M","R","T","R","$","?","E","M","R","BOSS","M","M","M","M","?","R","E","R","T","M","?","R","E","M","R","BOSS","M","$","?","M","M","R","?","M","T","R","M","M","R","M","R","BOSS"],"build_version":"2019-01-23","purchased_purges":0,"victory":false,"max_hp_per_floor":[75,75,75,75,75,75,75,75,75,75,75,75,75,80,80,80,80,80,80,80,80,80,80,80,80,80,80,80,80,80,80,80,80,80,80,80,80,80,80,80,80,80,80,80,83,86,86,86,86,86],"card_choices":[{"not_picked":["Flex","Sword Boomerang"],"picked":"Heavy Blade","floor":1.0},{"not_picked":["Shockwave","Wild Strike"],"picked":"Flame Barrier","floor":5.0},{"not_picked":["Headbutt","Combust"],"picked":"Anger","floor":6.0},{"not_picked":["Flex","Hemokinesis"],"picked":"Shrug It Off","floor":7.0},{"not_picked":["Anger","Combust"],"picked":"Shrug It Off","floor":12.0},{"not_picked":["Brutality","Cleave"],"picked":"Fire Breathing","floor":13.0},{"not_picked":["Wild Strike","Sword Boomerang"],"picked":"Clothesline","floor":14.0},{"not_picked":["Impervious","Barricade"],"picked":"Limit Break","floor":16.0},{"not_picked":["Iron Wave","Burning Pact"],"picked":"Metallicize+1","floor":18.0},{"not_picked":["Pommel Strike","Sword Boomerang"],"picked":"Battle Trance","floor":19.0},{"not_picked":["Body Slam","Pummel","Rampage"],"picked":"SKIP","floor":20.0},{"not_picked":["Anger","Heavy Blade"],"picked":"Metallicize","floor":21.0},{"not_picked":["Clash","Pummel+1"],"picked":"Cleave+1","floor":24.0},{"not_picked":["Perfected Strike","Searing Blow"],"picked":"Armaments","floor":27.0},{"not_picked":["Corruption","Second Wind"],"picked":"True Grit","floor":28.0},{"not_picked":["Fiend Fire","Searing Blow"],"picked":"Inflame+1","floor":30.0},{"not_picked":["Dropkick","Anger"],"picked":"Flame Barrier","floor":31},{"not_picked":["Fiend Fire","Barricade"],"picked":"Feed","floor":33},{"not_picked":["Twin Strike","Anger"],"picked":"Feel No Pain","floor":35},{"not_picked":["True Grit","Havoc","Anger"],"picked":"SKIP","floor":38},{"not_picked":["Pummel+1","Combust"],"picked":"Metallicize","floor":39},{"not_picked":["Pommel Strike","Body Slam"],"picked":"Uppercut","floor":42},{"not_picked":["Flex","Havoc"],"picked":"Wild Strike","floor":45},{"not_picked":["Havoc","Brutality"],"picked":"Iron Wave","floor":46},{"not_picked":["Hemokinesis","Rampage"],"picked":"Heavy Blade+1","floor":48}],"player_experience":1301259,"relics_obtained":[{"floor":4.0,"key":"Blood Vial"},{"floor":6.0,"key":"Ginger"},{"floor":9.0,"key":"Mummified Hand"},{"floor":13.0,"key":"StoneCalendar"},{"floor":24.0,"key":"Regal Pillow"},{"floor":26.0,"key":"Charon\u0027s Ashes"},{"floor":28.0,"key":"Red Mask"},{"floor":30.0,"key":"Pen Nib"},{"floor":43,"key":"Gremlin Horn"}],"event_choices":[{"cards_removed":["Strike_R"],"damage_healed":0.0,"max_hp_gain":0.0,"max_hp_loss":0.0,"gold_gain":0.0,"event_name":"The Cleric","player_choice":"Card Removal","floor":2.0,"gold_loss":75.0,"damage_taken":0.0},{"damage_healed":0.0,"max_hp_gain":0.0,"max_hp_loss":0.0,"gold_gain":0.0,"event_name":"Living Wall","player_choice":"Grow","floor":3.0,"gold_loss":0.0,"damage_taken":0.0,"cards_upgraded":["Bash"]},{"damage_healed":0.0,"max_hp_gain":0.0,"max_hp_loss":0.0,"gold_gain":0.0,"event_name":"Forgotten Altar","player_choice":"Smashed Altar","floor":22.0,"gold_loss":0.0,"damage_taken":0.0,"cards_obtained":["Decay"]},{"damage_healed":0.0,"max_hp_gain":0.0,"max_hp_loss":0.0,"gold_gain":0.0,"event_name":"Masked Bandits","player_choice":"Fought Bandits","floor":28.0,"gold_loss":0.0,"damage_taken":0.0},{"damage_healed":0,"gold_gain":222,"player_choice":"Wore Mask","damage_taken":0,"max_hp_gain":0,"max_hp_loss":0,"event_name":"Tomb of Lord Red Mask","floor":37,"gold_loss":0},{"damage_healed":0,"gold_gain":0,"player_choice":"Copied","damage_taken":0,"max_hp_gain":0,"max_hp_loss":0,"event_name":"Duplicator","floor":41,"gold_loss":0,"cards_obtained":["Limit Break"]}],"is_beta":false,"boss_relics":[{"not_picked":["Fusion Hammer","Astrolabe"],"picked":"Mark of Pain"},{"not_picked":["Tiny House","Black Star"],"picked":"Lizard Tail"}],"items_purged_floors":[],"is_endless":false,"potions_floor_spawned":[5,14,16,21,24,31,38,42],"killed_by":"Donu and Deca","ascension_level":20}