{"gold_per_floor":[360,360,510,186,186,220,220,248,273,341,27,27,38,70,70,145,145,155,155,155,105,125,125,142,162,162,162,180,192,192,210,210,210],"floor_reached":33,"playtime":2889,"items_purged":["Doubt","Regret"],"score":487,"play_id":"d1ab27a1-6922-43d8-89b4-1df9771f4358","local_time":"20190126144127","is_ascension_mode":true,"campfire_choices":[{"floor":7.0,"key":"REST"},{"data":"Strike_R","floor":12.0,"key":"PURGE"},{"data":"True Grit","floor":15.0,"key":"SMITH"},{"data":"Heavy Blade","floor":23.0,"key":"SMITH"},{"data":"Strike_R","floor":27.0,"key":"PURGE"},{"floor":30.0,"key":"REST"},{"data":"Strike_R","floor":32,"key":"PURGE"}],"neow_cost":"TEN_PERCENT_HP_LOSS","seed_source_timestamp":0,"circlet_count":0,"master_deck":["AscendersBane","Strike_R","Strike_R","Defend_R+1","Defend_R","Defend_R","Defend_R+1","Bash","Inflame+1","Heavy Blade+1","True Grit+1","Shrug It Off","Ghostly Armor","Ghostly Armor","Reaper","Disarm","Immolate","Shockwave+1"],"special_seed":0,"relics":["Burning Blood","Juzu Bracelet","PreservedInsect","Orichalcum","Peace Pipe","Red Skull","Potion Belt","War Paint","Velvet Choker","Regal Pillow"],"potions_floor_usage":[33],"damage_taken":[{"damage":4.0,"enemies":"2 Louse","floor":1.0,"turns":4.0},{"damage":50.0,"enemies":"3 Sentries","floor":6.0,"turns":8.0},{"damage":29.0,"enemies":"Gremlin Nob","floor":8.0,"turns":4.0},{"damage":2.0,"enemies":"Jaw Worm","floor":13.0,"turns":3.0},{"damage":3.0,"enemies":"3 Sentries","floor":14.0,"turns":7.0},{"damage":17.0,"enemies":"Slime Boss","floor":16.0,"turns":9.0},{"damage":3.0,"enemies":"Shell Parasite","floor":18.0,"turns":14.0},{"damage":24.0,"enemies":"2 Thieves","floor":22.0,"turns":5.0},{"damage":45.0,"enemies":"Cultist and Chosen","floor":24.0,"turns":11.0},{"damage":3.0,"enemies":"Centurion and Healer","floor":25.0,"turns":4.0},{"damage":43.0,"enemies":"Sentry and Sphere","floor":28.0,"turns":8.0},{"damage":12.0,"enemies":"Snake Plant","floor":29.0,"turns":5.0},{"damage":3,"enemies":"Cultist and Chosen","floor":31,"turns":6},{"damage":71,"enemies":"Collector","floor":33,"turns":10}],"seed_played":"-1121460709373157865","potions_obtained":[{"floor":8.0,"key":"PowerPotion"},{"floor":16.0,"key":"SteroidPotion"},{"floor":18.0,"key":"Explosive Potion"},{"floor":22.0,"key":"AttackPotion"},{"floor":31,"key":"BloodPotion"}],"is_trial":false,"path_per_floor":["M","?","?","$","?","E","R","E","T","?","$","R","M","E","R","B",null,"M","?","?","?","M","R","M","M","T","R","M","M","R","M","R","B"],"character_chosen":"IRONCLAD","items_purchased":["PreservedInsect","Inflame","Shrug It Off","Potion Belt"],"campfire_rested":2,"item_purchase_floors":[4,4,11,11],"current_hp_per_floor":[68,68,68,68,68,24,44,21,21,21,21,21,25,28,28,17,55,65,65,46,46,59,59,27,45,45,45,8,7,43,60,60,0],"gold":210,"neow_bonus":"TWO_FIFTY_GOLD","is_prod":false,"is_daily":false,"chose_seed":false,"campfire_upgraded":2,"win_rate":0,"timestamp":1548506487,"path_taken":["M","?","?","$","?","E","R","E","T","?","$","R","M","E","R","BOSS","M","?","?","?","M","R","M","M","T","R","M","M","R","M","R","BOSS"],"build_version":"2019-01-23","purchased_purges":2,"victory":false,"max_hp_per_floor":[68,68,68,68,68,68,68,68,68,68,68,68,68,68,68,68,68,68,68,73,73,73,73,73,73,73,73,73,73,73,73,73,73],"card_choices":[{"not_picked":["Warcry","Clash","Dual Wield"],"picked":"SKIP","floor":1.0},{"not_picked":["Corruption","Havoc"],"picked":"Heavy Blade","floor":6.0},{"not_picked":["Clash","Searing Blow"],"picked":"True Grit","floor":8.0},{"not_picked":["Rage","Warcry"],"picked":"Ghostly Armor","floor":13.0},{"not_picked":["Cleave","Body Slam"],"picked":"Ghostly Armor","floor":14.0},{"not_picked":["Dark Embrace","Fiend Fire"],"picked":"Reaper","floor":16.0},{"not_picked":["Twin Strike+1","Seeing Red","Anger"],"picked":"SKIP","floor":18.0},{"not_picked":["Sever Soul","Pommel Strike"],"picked":"Disarm","floor":22.0},{"not_picked":["Heavy Blade","Intimidate","Iron Wave"],"picked":"SKIP","floor":24.0},{"not_picked":["True Grit","Perfected Strike"],"picked":"Immolate","floor":25.0},{"not_picked":["Body Slam","Thunderclap"],"picked":"Shockwave+1","floor":28.0},{"not_picked":["Warcry","Perfected Strike","Corruption"],"picked":"SKIP","floor":29.0},{"not_picked":["Havoc","Warcry","Headbutt"],"picked":"SKIP","floor":31}],"player_experience":900376,"relics_obtained":[{"floor":6.0,"key":"Orichalcum"},{"floor":8.0,"key":"Peace Pipe"},{"floor":9.0,"key":"Red Skull"},{"floor":14.0,"key":"War Paint"},{"floor":26.0,"key":"Regal Pillow"}],"event_choices":[{"damage_healed":0.0,"max_hp_gain":0.0,"max_hp_loss":0.0,"gold_gain":0.0,"event_name":"Big Fish","player_choice":"Box","floor":2.0,"gold_loss":0.0,"damage_taken":0.0,"relics_obtained":["Juzu Bracelet"],"cards_obtained":["Regret"]},{"damage_healed":0.0,"max_hp_gain":0.0,"max_hp_loss":0.0,"gold_gain":150.0,"event_name":"Liars Game","player_choice":"AGREE","floor":3.0,"gold_loss":0.0,"damage_taken":0.0,"cards_obtained":["Doubt"]},{"damage_healed":0.0,"max_hp_gain":0.0,"max_hp_loss":0.0,"gold_gain":0.0,"event_name":"Upgrade Shrine","player_choice":"Upgraded","floor":5.0,"gold_loss":0.0,"damage_taken":0.0,"cards_upgraded":["Inflame"]},{"damage_healed":0.0,"max_hp_gain":0.0,"max_hp_loss":0.0,"gold_gain":68.0,"event_name":"Golden Wing","player_choice":"Gained Gold","floor":10.0,"gold_loss":0.0,"damage_taken":0.0},{"damage_healed":0.0,"max_hp_gain":0.0,"max_hp_loss":0.0,"gold_gain":0.0,"event_name":"Ghosts","player_choice":"Ignored","floor":19.0,"gold_loss":0.0,"damage_taken":0.0},{"damage_healed":0.0,"max_hp_gain":5.0,"max_hp_loss":0.0,"gold_gain":0.0,"event_name":"Forgotten Altar","player_choice":"Shed Blood","floor":20.0,"gold_loss":0.0,"damage_taken":24.0},{"damage_healed":0.0,"max_hp_gain":0.0,"max_hp_loss":0.0,"gold_gain":0.0,"event_name":"The Joust","player_choice":"Bet on Murderer","floor":21.0,"gold_loss":50.0,"damage_taken":0.0}],"is_beta":false,"boss_relics":[{"not_picked":["White Beast Statue","Eternal Feather"],"picked":"Velvet Choker"}],"items_purged_floors":[4,11],"is_endless":false,"potions_floor_spawned":[8,16,18,22,31],"killed_by":"Collector","ascension_level":17}