{"gold_per_floor":[140,90,104,120,195,195,227,227,227,227,227,243,254,254,254,359,359,369,284,301,301,1,1,11,11,11,28,28,42,68,88,88,88],"floor_reached":33,"playtime":1848,"items_purged":[],"score":460,"play_id":"a73f33c4-c212-4857-bdb2-acb50c53e47b","local_time":"20181012012725","is_ascension_mode":true,"campfire_choices":[{"data":"Zap","floor":6,"key":"SMITH"},{"floor":8,"key":"REST"},{"floor":10,"key":"REST"},{"data":"Dualcast","floor":15,"key":"SMITH"},{"floor":23,"key":"REST"},{"data":"Creative AI","floor":25,"key":"SMITH"},{"floor":28,"key":"REST"},{"floor":32,"key":"REST"}],"neow_cost":"NONE","seed_source_timestamp":0,"circlet_count":0,"master_deck":["Strike_B","Strike_B","Defend_B","Defend_B","Zap+1","Dualcast+1","AscendersBane","Ball Lightning","FTL","Leap","Leap","Coolheaded","Doom and Gloom+1","Steam","Creative AI+1","Rip and Tear+1","Streamline+1","Redo+1","Beam Cell+1","Defragment","Compile Driver+1","Self Repair","Aggregate+1","Cold Snap+1","Ball Lightning+1","Defragment","Sweeping Beam+1"],"special_seed":0,"relics":["Cracked Core","Tiny Chest","Molten Egg 2","Dream Catcher","Ice Cream","Astrolabe","Shovel","Nilry\u0027s Codex","Blood Vial","DataDisk","Letter Opener","Oddly Smooth Stone"],"potions_floor_usage":[16,16,24,33,33],"damage_taken":[{"damage":4.0,"enemies":"Jaw Worm","floor":1.0,"turns":3.0},{"damage":8,"enemies":"Small Slimes","floor":3,"turns":3},{"damage":0,"enemies":"Cultist","floor":4,"turns":2},{"damage":35,"enemies":"3 Sentries","floor":7,"turns":6},{"damage":0,"enemies":"2 Fungi Beasts","floor":12,"turns":3},{"damage":14,"enemies":"3 Louse","floor":13,"turns":3},{"damage":0,"enemies":"Slime Boss","floor":16,"turns":6},{"damage":7,"enemies":"Chosen","floor":18,"turns":3},{"damage":34,"enemies":"Shell Parasite","floor":20,"turns":4},{"damage":4,"enemies":"Snecko","floor":24,"turns":4},{"damage":18,"enemies":"Shelled Parasite and Fungi","floor":27,"turns":3},{"damage":10,"enemies":"Centurion and Healer","floor":29,"turns":5},{"damage":7,"enemies":"Cultist and Chosen","floor":31,"turns":7},{"damage":69,"enemies":"Automaton","floor":33,"turns":6}],"seed_played":"-8463445553442040139","potions_obtained":[{"floor":12,"key":"SteroidPotion"},{"floor":13,"key":"PowerPotion"},{"floor":20,"key":"PowerPotion"},{"floor":24,"key":"Swift Potion"},{"floor":29,"key":"Strength Potion"}],"is_trial":false,"path_per_floor":["M","?","M","M","?","R","E","R","T","R","?","M","M","?","R","B",null,"M","?","M","?","$","R","M","R","T","M","R","M","T","M","R"],"character_chosen":"DEFECT","items_purchased":["Blood Vial","DataDisk"],"campfire_rested":5,"item_purchase_floors":[22,22],"current_hp_per_floor":[64,64,56,56,45,45,10,32,32,54,51,51,37,62,62,62,72,65,65,31,15,15,37,35,35,35,19,41,40,40,42,64,0],"gold":88,"neow_bonus":"RANDOM_COMMON_RELIC","is_prod":false,"is_daily":false,"chose_seed":false,"campfire_upgraded":3,"win_rate":0,"timestamp":1539332845,"path_taken":["M","?","?","M","?","R","E","R","T","R","?","M","?","?","R","BOSS","M","?","M","?","$","R","M","R","T","?","R","M","?","M","R","BOSS"],"build_version":"2018-10-11","purchased_purges":0,"victory":false,"max_hp_per_floor":[75,75,75,75,75,75,75,75,75,75,75,75,75,75,75,75,75,75,75,75,75,75,75,75,75,75,75,75,75,75,75,75,75],"card_choices":[{"not_picked":["Leap","Capacitor"],"picked":"Ball Lightning","floor":1},{"not_picked":["Compile Driver","Undo"],"picked":"FTL","floor":3},{"not_picked":["Redo","Darkness"],"picked":"Leap","floor":4},{"not_picked":["Barrage","Rebound"],"picked":"Leap","floor":7},{"not_picked":["Steam","Static Discharge"],"picked":"Coolheaded","floor":10},{"not_picked":["Redo","Chill"],"picked":"Doom and Gloom+1","floor":12},{"not_picked":["Reprogram","Reboot"],"picked":"Steam","floor":13},{"not_picked":["Core Surge+1","Seek"],"picked":"Creative AI","floor":16},{"not_picked":["Steam","Coolheaded"],"picked":"Beam Cell+1","floor":18},{"not_picked":["Lockon+1","Steam"],"picked":"Defragment","floor":20},{"not_picked":["BootSequence","Reinforced Body"],"picked":"Compile Driver+1","floor":23},{"not_picked":["Coolheaded","Leap"],"picked":"Self Repair","floor":24},{"not_picked":["Skim","Ball Lightning+1"],"picked":"Aggregate+1","floor":27},{"not_picked":["Sweeping Beam+1","Gash+1"],"picked":"Cold Snap+1","floor":28},{"not_picked":["Fission","Stack+1"],"picked":"Ball Lightning+1","floor":29},{"not_picked":["Self Repair","Compile Driver+1"],"picked":"Defragment","floor":31},{"not_picked":["Hello World","Doom and Gloom+1"],"picked":"Sweeping Beam+1","floor":32}],"player_experience":530000,"relics_obtained":[{"floor":7,"key":"Molten Egg 2"},{"floor":9,"key":"Dream Catcher"},{"floor":21,"key":"Nilry\u0027s Codex"},{"floor":26,"key":"Letter Opener"},{"floor":30,"key":"Oddly Smooth Stone"}],"event_choices":[{"event_name":"The Cleric","player_choice":"Card Removal","floor":2,"damage_taken":0},{"event_name":"World of Goop","player_choice":"Gather Gold","floor":5,"damage_taken":0},{"event_name":"Scrap Ooze","player_choice":"success","floor":11,"damage_taken":3},{"event_name":"Big Fish","player_choice":"Banana","floor":14,"damage_taken":0},{"event_name":"Addict","player_choice":"Obtained Relic","floor":19,"damage_taken":0},{"event_name":"Cursed Tome","player_choice":"Obtained Book","floor":21,"damage_taken":0}],"is_beta":false,"boss_relics":[{"not_picked":["Orrery","Runic Dome"],"picked":"Astrolabe"}],"items_purged_floors":[],"is_endless":false,"potions_floor_spawned":[12,13,20,24,29],"killed_by":"Automaton","ascension_level":11}