{"gold_per_floor":[111,111,111,127,127,127,137,156,156,172,172,15,26,37,37,37],"floor_reached":16,"playtime":593,"items_purged":[],"score":103,"play_id":"bd28fed5-7f73-4b0c-9d41-d773e1f81ea4","local_time":"20181002124432","is_ascension_mode":true,"campfire_choices":[{"data":"Beam Cell","floor":6,"key":"SMITH"},{"data":"Conserve Battery","floor":11,"key":"SMITH"},{"floor":15,"key":"REST"}],"neow_cost":"NONE","seed_source_timestamp":1256771910121373,"circlet_count":0,"master_deck":["Strike_B","Defend_B","Defend_B","Defend_B","Defend_B","Zap","Dualcast","Biased Cognition","Beam Cell+1","Chaos","Chill","Conserve Battery+1","Reboot","Coolheaded","Sunder","Double Energy"],"relics":["Cracked Core","Shuriken","Omamori"],"potions_floor_usage":[16,16],"damage_taken":[{"damage":1,"enemies":"Small Slimes","floor":1,"turns":3},{"damage":4,"enemies":"Jaw Worm","floor":4,"turns":3},{"damage":2,"enemies":"2 Louse","floor":7,"turns":2},{"damage":4,"enemies":"Blue Slaver","floor":8,"turns":4},{"damage":9,"enemies":"Red Slaver","floor":10,"turns":2},{"damage":3,"enemies":"Large Slime","floor":13,"turns":8},{"damage":0,"enemies":"3 Louse","floor":14,"turns":3},{"damage":75,"enemies":"Hexaghost","floor":16,"turns":15}],"seed_played":"7438638651207311275","potions_obtained":[{"floor":8,"key":"Fire Potion"},{"floor":13,"key":"EssenceOfSteel"},{"floor":14,"key":"GamblersBrew"}],"is_trial":false,"path_per_floor":["M","?","?","M","?","R","M","M","T","M","R","$","M","M","R"],"character_chosen":"DEFECT","items_purchased":["Omamori"],"campfire_rested":1,"item_purchase_floors":[12],"current_hp_per_floor":[74,67,67,63,68,68,66,62,62,53,53,53,50,50,74,0],"gold":37,"neow_bonus":"TRANSFORM_CARD","is_prod":false,"is_daily":false,"chose_seed":false,"campfire_upgraded":2,"win_rate":0,"timestamp":1538451872,"path_taken":["M","?","?","M","?","R","M","M","T","M","R","?","?","M","R","BOSS"],"build_version":"2018-09-27","purchased_purges":0,"victory":false,"max_hp_per_floor":[75,75,75,75,80,80,80,80,80,80,80,80,80,80,80,80],"card_choices":[{"not_picked":["Gash","Loop"],"picked":"Beam Cell","floor":1},{"not_picked":["Hologram","Auto Shields"],"picked":"Chill","floor":4},{"not_picked":["Cold Snap","Leap"],"picked":"Conserve Battery","floor":7},{"not_picked":["Hologram","Aggregate"],"picked":"Reboot","floor":8},{"not_picked":["Fusion","Beam Cell"],"picked":"Coolheaded","floor":10},{"not_picked":["Cold Snap","Steam"],"picked":"Sunder","floor":13},{"not_picked":["Doom and Gloom","Hologram"],"picked":"Double Energy","floor":14}],"player_experience":85620,"relics_obtained":[{"floor":9,"key":"Shuriken"}],"event_choices":[{"event_name":"Golden Wing","player_choice":"Card Removal","floor":2,"damage_taken":0},{"event_name":"Transmorgrifier","player_choice":"Transform","floor":3,"damage_taken":0},{"event_name":"Big Fish","player_choice":"Donut","floor":5,"damage_taken":0}],"is_beta":false,"boss_relics":[],"items_purged_floors":[],"is_endless":false,"potions_floor_spawned":[8,13,14],"killed_by":"Hexaghost","ascension_level":2}