{"gold_per_floor":[118,118,138,238,249,280,294,294,321,331,349,349,381,381,381,458,458,475,454,473,473],"floor_reached":21,"playtime":768,"items_purged":[],"score":386,"play_id":"19f0cd54-cdad-4774-b8d1-0cce3e68ebcf","local_time":"20181220010324","is_ascension_mode":true,"campfire_choices":[{"data":"Cleave","floor":8,"key":"SMITH"},{"data":"Feed","floor":12,"key":"SMITH"},{"data":"Uppercut","floor":15,"key":"SMITH"}],"neow_cost":"NONE","seed_source_timestamp":542874839271392,"circlet_count":0,"master_deck":["AscendersBane","Bash","Metallicize","Disarm","Flex","Cleave+1","True Grit","Battle Trance","True Grit","Feed+1","Uppercut+1","Limit Break","Combust","Dark Embrace","Pummel","Demon Form","Limit Break","Double Tap","Wild Strike","Demon Form","True Grit","Twin Strike","Body Slam+1"],"relics":["Burning Blood","NeowsBlessing","Blood Vial","Pen Nib","Potion Belt","Pandora\u0027s Box"],"potions_floor_usage":[6,7,13,16,20],"damage_taken":[{"damage":0,"enemies":"Small Slimes","floor":1,"turns":2},{"damage":0,"enemies":"Cultist","floor":3,"turns":1},{"damage":0,"enemies":"2 Louse","floor":5,"turns":2},{"damage":34,"enemies":"Gremlin Nob","floor":6,"turns":6},{"damage":4,"enemies":"Gremlin Gang","floor":7,"turns":5},{"damage":8,"enemies":"3 Louse","floor":10,"turns":3},{"damage":23,"enemies":"Exordium Thugs","floor":11,"turns":6},{"damage":18,"enemies":"3 Sentries","floor":13,"turns":9},{"damage":20,"enemies":"The Guardian","floor":16,"turns":14},{"damage":11,"enemies":"Spheric Guardian","floor":18,"turns":3},{"damage":40,"enemies":"2 Thieves","floor":19,"turns":4},{"damage":29,"enemies":"Snecko","floor":20,"turns":6},{"damage":9,"enemies":"Cultist and Chosen","floor":21,"turns":3}],"seed_played":"7820411573115961029","potions_obtained":[{"floor":1,"key":"AttackPotion"},{"floor":5,"key":"Explosive Potion"},{"floor":6,"key":"Poison Potion"},{"floor":11,"key":"Fire Potion"},{"floor":16,"key":"Weak Potion"}],"is_trial":false,"path_per_floor":["M","?","M","?","M","E","M","R","T","M","M","R","E","?","R","B",null,"M","M","M","M"],"character_chosen":"IRONCLAD","items_purchased":[],"campfire_rested":0,"item_purchase_floors":[],"current_hp_per_floor":[74,74,75,75,75,47,51,51,51,51,36,36,30,30,30,22,68,65,33,12,5],"gold":473,"neow_bonus":"THREE_ENEMY_KILL","is_prod":false,"is_daily":false,"chose_seed":false,"campfire_upgraded":3,"win_rate":0,"timestamp":1545235404,"path_taken":["M","?","?","?","M","E","?","R","T","M","?","R","E","?","R","BOSS","M","?","M","M"],"build_version":"2018-12-13","purchased_purges":0,"victory":false,"max_hp_per_floor":[75,75,75,75,75,75,75,75,75,75,75,75,79,79,79,83,83,83,83,83,83],"card_choices":[{"not_picked":["Heavy Blade","Corruption"],"picked":"Metallicize","floor":1},{"not_picked":["Heavy Blade","Flame Barrier"],"picked":"Flex","floor":3},{"not_picked":["Entrench","Hemokinesis"],"picked":"Cleave","floor":5},{"not_picked":["Pommel Strike","Twin Strike"],"picked":"True Grit","floor":6},{"not_picked":["Anger","Shrug It Off"],"picked":"Battle Trance","floor":7},{"not_picked":["Hemokinesis","Flex"],"picked":"True Grit","floor":10},{"not_picked":["Anger","Clothesline"],"picked":"Feed","floor":11},{"not_picked":["Perfected Strike","Intimidate"],"picked":"Uppercut","floor":13},{"not_picked":["Fiend Fire","Juggernaut"],"picked":"Limit Break","floor":16},{"not_picked":["Thunderclap","Flex"],"picked":"True Grit","floor":18},{"not_picked":["Perfected Strike","True Grit"],"picked":"Twin Strike","floor":19},{"not_picked":["Rage","Corruption"],"picked":"Body Slam+1","floor":20}],"player_experience":823473,"relics_obtained":[{"floor":6,"key":"Blood Vial"},{"floor":9,"key":"Pen Nib"},{"floor":13,"key":"Potion Belt"}],"event_choices":[{"damage_healed":0,"gold_gain":0,"player_choice":"1 cards matched","damage_taken":0,"max_hp_gain":0,"max_hp_loss":0,"event_name":"Match and Keep!","floor":2,"gold_loss":0,"cards_obtained":["Disarm"]},{"damage_healed":0,"gold_gain":100,"player_choice":"Gold","damage_taken":0,"max_hp_gain":0,"max_hp_loss":0,"event_name":"Wheel of Change","floor":4,"gold_loss":0},{"cards_removed":["Defend_R"],"damage_healed":0,"gold_gain":0,"player_choice":"Purged","damage_taken":0,"max_hp_gain":0,"max_hp_loss":0,"event_name":"Purifier","floor":14,"gold_loss":0}],"is_beta":false,"boss_relics":[{"not_picked":["Busted Crown","Black Blood"],"picked":"Pandora\u0027s Box"}],"items_purged_floors":[],"is_endless":false,"potions_floor_spawned":[1,5,6,11,16],"killed_by":"Cultist and Chosen","ascension_level":20}