{"gold_per_floor":[10,29,43,54,4,4,37,37,37,37,137,168,178,190,190,288,288,300,300,300,319,163,191,205,231,231,243],"floor_reached":27,"playtime":1370,"items_purged":["Strike_G"],"score":276,"play_id":"691850a4-b9e3-49f7-9cfc-4e3db75d1ca7","local_time":"20181110145807","is_ascension_mode":true,"campfire_choices":[{"data":"1","floor":6.0,"key":"LIFT"},{"data":"2","floor":8.0,"key":"LIFT"},{"data":"3","floor":10.0,"key":"LIFT"},{"data":"Cloak And Dagger","floor":15.0,"key":"SMITH"}],"neow_cost":"NO_GOLD","seed_source_timestamp":0,"circlet_count":0,"master_deck":["Defend_G","Defend_G","Defend_G","Defend_G","Defend_G","Strike_G","Strike_G","Strike_G","Survivor","Neutralize","Deadly Poison","Backstab","Deadly Poison","Backstab","Cloak And Dagger+1","Slice","Quick Slash","Bullet Time","Riddle With Holes","J.A.X.","Infinite Blades","Blade Dance","Well Laid Plans","Cloak And Dagger+1","Corpse Explosion+1"],"special_seed":0,"relics":["Ring of the Snake","Girya","Letter Opener","Blue Candle","Dream Catcher","Black Star","Paper Crane","Toxic Egg 2","Nunchaku","Ginger","MawBank"],"potions_floor_usage":[25,27,27],"damage_taken":[{"damage":0.0,"enemies":"Cultist","floor":1.0,"turns":4.0},{"damage":2.0,"enemies":"Small Slimes","floor":2.0,"turns":4.0},{"damage":0.0,"enemies":"Jaw Worm","floor":3.0,"turns":3.0},{"damage":0.0,"enemies":"2 Fungi Beasts","floor":4.0,"turns":3.0},{"damage":26.0,"enemies":"Gremlin Nob","floor":7.0,"turns":4.0},{"damage":3.0,"enemies":"Lagavulin","floor":12.0,"turns":5.0},{"damage":0.0,"enemies":"Exordium Wildlife","floor":13.0,"turns":2.0},{"damage":0.0,"enemies":"Exordium Thugs","floor":14.0,"turns":3.0},{"damage":8.0,"enemies":"Hexaghost","floor":16.0,"turns":8.0},{"damage":4.0,"enemies":"Chosen","floor":18.0,"turns":3.0},{"damage":6.0,"enemies":"Shell Parasite","floor":21.0,"turns":3.0},{"damage":32.0,"enemies":"Book of Stabbing","floor":23.0,"turns":4.0},{"damage":5,"enemies":"Chosen and Byrds","floor":24,"turns":4},{"damage":18,"enemies":"Slavers","floor":25,"turns":5},{"damage":10,"enemies":"Book of Stabbing","floor":27,"turns":2}],"seed_played":"512834920819448484","potions_obtained":[{"floor":2.0,"key":"Swift Potion"},{"floor":7.0,"key":"Weak Potion"},{"floor":14.0,"key":"Dexterity Potion"},{"floor":18.0,"key":"Strength Potion"},{"floor":24,"key":"LiquidBronze"},{"floor":25,"key":"Swift Potion"}],"is_trial":false,"path_per_floor":["M","M","M","M","?","R","E","R","T","R","?","E","M","M","R","B",null,"M","?","?","M","$","E","E","M","E","T","E"],"character_chosen":"THE_SILENT","items_purchased":["Well Laid Plans"],"campfire_rested":0,"item_purchase_floors":[22],"current_hp_per_floor":[70,68,68,68,68,68,42,42,42,42,42,39,39,39,39,31,70,66,66,66,60,60,28,23,5,5,0],"gold":243,"neow_bonus":"ONE_RARE_RELIC","is_prod":false,"is_daily":false,"chose_seed":false,"campfire_upgraded":1,"win_rate":0,"timestamp":1541824087,"path_taken":["M","M","M","M","?","R","E","R","T","R","?","E","?","M","R","BOSS","M","?","?","?","?","E","M","E","T","E"],"build_version":"2018-11-08","purchased_purges":1,"victory":false,"max_hp_per_floor":[70,70,70,70,70,70,70,70,70,70,70,70,70,70,70,70,70,70,70,70,70,70,70,70,70,70,70],"card_choices":[{"not_picked":["Prepared","Leg Sweep"],"picked":"Deadly Poison","floor":1.0},{"not_picked":["Bane","Acrobatics"],"picked":"Backstab","floor":2.0},{"not_picked":["PiercingWail","Bouncing Flask"],"picked":"Deadly Poison","floor":3.0},{"not_picked":["Outmaneuver","Acrobatics","Underhanded Strike"],"picked":"SKIP","floor":4.0},{"not_picked":["Blade Dance","Quick Slash"],"picked":"Backstab","floor":7.0},{"not_picked":["Choke","A Thousand Cuts"],"picked":"Cloak And Dagger","floor":12.0},{"not_picked":["Sucker Punch","Flying Knee"],"picked":"Slice","floor":13.0},{"not_picked":["Footwork","Outmaneuver"],"picked":"Quick Slash","floor":14.0},{"not_picked":["Unload","Venomology"],"picked":"Bullet Time","floor":16.0},{"not_picked":["Dagger Spray+1","Deadly Poison"],"picked":"Riddle With Holes","floor":18.0},{"not_picked":["Crippling Poison","Dagger Throw+1"],"picked":"Blade Dance","floor":21.0},{"not_picked":["Dodge and Roll+1","Flying Knee"],"picked":"Cloak And Dagger+1","floor":23},{"not_picked":["Bouncing Flask+1","Sucker Punch+1","Calculated Gamble+1"],"picked":"SKIP","floor":24},{"not_picked":["Backflip+1","Caltrops+1"],"picked":"Corpse Explosion+1","floor":25}],"player_experience":386666,"relics_obtained":[{"floor":7.0,"key":"Letter Opener"},{"floor":9.0,"key":"Blue Candle"},{"floor":12.0,"key":"Dream Catcher"},{"floor":23,"key":"Paper Crane"},{"floor":23,"key":"Toxic Egg 2"},{"floor":25,"key":"Nunchaku"},{"floor":25,"key":"Ginger"},{"floor":26,"key":"MawBank"}],"event_choices":[{"cards_removed":["Strike_G"],"damage_healed":0.0,"max_hp_gain":0.0,"max_hp_loss":0.0,"gold_gain":0.0,"event_name":"The Cleric","player_choice":"Card Removal","floor":5.0,"gold_loss":50.0,"damage_taken":0.0},{"damage_healed":0.0,"max_hp_gain":0.0,"max_hp_loss":0.0,"gold_gain":100.0,"event_name":"Golden Shrine","player_choice":"Pray","floor":11.0,"gold_loss":0.0,"damage_taken":0.0},{"damage_healed":0.0,"max_hp_gain":0.0,"max_hp_loss":0.0,"gold_gain":0.0,"event_name":"Drug Dealer","player_choice":"Obtain J.A.X.","floor":19.0,"gold_loss":0.0,"damage_taken":0.0,"cards_obtained":["J.A.X."]},{"damage_healed":0.0,"max_hp_gain":0.0,"max_hp_loss":0.0,"gold_gain":0.0,"event_name":"The Library","player_choice":"Read","floor":20.0,"gold_loss":0.0,"damage_taken":0.0,"cards_obtained":["Infinite Blades"]}],"is_beta":false,"boss_relics":[{"not_picked":["Runic Dome","Astrolabe"],"picked":"Black Star"}],"items_purged_floors":[22],"is_endless":false,"potions_floor_spawned":[2,7,14,18,24,25],"killed_by":"Book of Stabbing","ascension_level":1}