{"gold_per_floor":[110,385,64,78,3,3,21,49,102,102,67,119,152,102,102,201,201,215,227,38,64,64,97,97,115,115,65,94,105,134,146,146,248,248,261,60,60,60,78,78,107,107],"floor_reached":42,"playtime":2655,"items_purged":["Regret","Defend_G","Strike_G"],"score":515,"play_id":"3c1f3995-c459-4ba7-ae3a-4c8fd4a8ce36","local_time":"20190127160245","is_ascension_mode":false,"campfire_choices":[{"data":"The Bomb","floor":6.0,"key":"SMITH"},{"data":"Leg Sweep","floor":10.0,"key":"SMITH"},{"data":"Well Laid Plans","floor":15.0,"key":"SMITH"},{"floor":24.0,"key":"REST"},{"floor":32.0,"key":"REST"},{"data":"Envenom","floor":40.0,"key":"SMITH"}],"neow_cost":"NONE","seed_source_timestamp":722843798125121,"circlet_count":0,"master_deck":["Defend_G","Defend_G","Defend_G","Strike_G+1","Survivor","Neutralize","PiercingWail","The Bomb+1","Deadly Poison","Leg Sweep+1","Well Laid Plans+1","Dagger Spray+1","After Image","Dodge and Roll+1","Distraction","The Bomb","Footwork","Blade Dance","Terror+1","Deflect","Envenom+1","Slice+1","Dagger Throw+1","Deflect+1"],"special_seed":0,"relics":["Ring of the Snake","Lantern","PreservedInsect","Tiny Chest","Regal Pillow","Smiling Mask","White Beast Statue","Red Mask","Whetstone","Paper Crane","Pantograph","Ancient Tea Set","Bag of Preparation","Empty Cage","Vajra","Molten Egg 2","Sundial"],"potions_floor_usage":[42],"damage_taken":[{"damage":3.0,"enemies":"2 Louse","floor":1.0,"turns":3.0},{"damage":2.0,"enemies":"Cultist","floor":4.0,"turns":5.0},{"damage":0.0,"enemies":"Jaw Worm","floor":7.0,"turns":5.0},{"damage":11.0,"enemies":"3 Sentries","floor":8.0,"turns":4.0},{"damage":0.0,"enemies":"Gremlin Nob","floor":13.0,"turns":3.0},{"damage":3.0,"enemies":"Hexaghost","floor":16.0,"turns":9.0},{"damage":10.0,"enemies":"Shell Parasite","floor":18.0,"turns":7.0},{"damage":0.0,"enemies":"Spheric Guardian","floor":19.0,"turns":8.0},{"damage":16.0,"enemies":"Masked Bandits","floor":21.0,"turns":3.0},{"damage":16.0,"enemies":"Slavers","floor":23.0,"turns":5.0},{"damage":2.0,"enemies":"Snake Plant","floor":25.0,"turns":6.0},{"damage":6.0,"enemies":"Book of Stabbing","floor":28.0,"turns":5.0},{"damage":5.0,"enemies":"Centurion and Healer","floor":29.0,"turns":6.0},{"damage":38.0,"enemies":"Slavers","floor":30.0,"turns":4.0},{"damage":6.0,"enemies":"Cultist and Chosen","floor":31.0,"turns":7.0},{"damage":47.0,"enemies":"Champ","floor":33.0,"turns":14.0},{"damage":11.0,"enemies":"3 Shapes","floor":35.0,"turns":3.0},{"damage":27.0,"enemies":"3 Darklings","floor":39.0,"turns":3.0},{"damage":15.0,"enemies":"Nemesis","floor":41.0,"turns":5.0},{"damage":32,"enemies":"Transient","floor":42,"turns":4}],"seed_played":"805681128548686653","potions_obtained":[{"floor":8.0,"key":"EssenceOfSteel"},{"floor":13.0,"key":"GhostInAJar"},{"floor":16.0,"key":"SpeedPotion"},{"floor":18.0,"key":"Strength Potion"},{"floor":19.0,"key":"SpeedPotion"},{"floor":21.0,"key":"Explosive Potion"},{"floor":23.0,"key":"Fire Potion"},{"floor":25.0,"key":"Weak Potion"},{"floor":28.0,"key":"SneckoOil"},{"floor":29.0,"key":"Dexterity Potion"},{"floor":30.0,"key":"Poison Potion"},{"floor":31.0,"key":"Ancient Potion"},{"floor":33.0,"key":"EssenceOfSteel"},{"floor":35.0,"key":"SkillPotion"},{"floor":39.0,"key":"GamblersBrew"},{"floor":41.0,"key":"FearPotion"}],"is_trial":false,"path_per_floor":["M","?","$","M","$","R","M","E","T","R","$","T","E","?","R","B",null,"M","M","$","?","T","E","R","M","T","$","E","M","E","M","R","B",null,"M","$","T","?","M","R","E","M"],"character_chosen":"THE_SILENT","items_purchased":["The Bomb","Lantern","Well Laid Plans","The Bomb","Vajra"],"campfire_rested":2,"item_purchase_floors":[3,3,11,20,36],"current_hp_per_floor":[74,74,74,72,72,72,72,61,61,61,61,61,61,61,61,58,77,67,67,67,51,51,35,73,71,71,71,65,60,22,16,54,30,77,66,66,66,66,39,39,24,0],"gold":107,"neow_bonus":"TEN_PERCENT_HP_BONUS","is_prod":false,"is_daily":false,"chose_seed":false,"campfire_upgraded":4,"win_rate":0,"timestamp":1548567165,"path_taken":["M","?","$","M","$","R","M","E","T","R","?","?","E","?","R","BOSS","M","M","$","?","?","E","R","M","T","$","E","M","E","M","R","BOSS","M","$","?","?","M","R","E","M"],"build_version":"2019-01-23","purchased_purges":3,"victory":false,"max_hp_per_floor":[77,77,77,77,77,77,77,77,77,77,77,77,77,77,77,77,77,77,77,77,77,77,77,77,77,77,77,77,77,77,77,77,77,77,77,77,77,77,77,77,77,77],"card_choices":[{"not_picked":["Tactician","Calculated Gamble"],"picked":"PiercingWail","floor":1.0},{"not_picked":["Escape Plan","Underhanded Strike","Slice"],"picked":"SKIP","floor":4.0},{"not_picked":["Expertise","Bane"],"picked":"Deadly Poison","floor":7.0},{"not_picked":["Dagger Throw","Unload"],"picked":"Leg Sweep","floor":8.0},{"not_picked":["Finisher","Slice"],"picked":"Dagger Spray","floor":13.0},{"not_picked":["Corpse Explosion","Night Terror"],"picked":"After Image","floor":16.0},{"not_picked":["Blade Dance","Underhanded Strike"],"picked":"Dodge and Roll+1","floor":18.0},{"not_picked":["Choke","Eviscerate"],"picked":"Distraction","floor":19.0},{"not_picked":["Blade Dance","Sucker Punch"],"picked":"Footwork","floor":21.0},{"not_picked":["Deadly Poison","Eviscerate","Well Laid Plans+1"],"picked":"SKIP","floor":23.0},{"not_picked":["Endless Agony+1","Underhanded Strike+1"],"picked":"Blade Dance","floor":25.0},{"not_picked":["Skewer","Predator"],"picked":"Terror+1","floor":28.0},{"not_picked":["Flying Knee","Prepared","Dagger Throw"],"picked":"SKIP","floor":29.0},{"not_picked":["Concentrate","Deadly Poison","Expertise"],"picked":"SKIP","floor":30.0},{"not_picked":["Noxious Fumes","Calculated Gamble"],"picked":"Deflect","floor":31.0},{"not_picked":["Tools of the Trade","Die Die Die"],"picked":"Envenom","floor":33.0},{"not_picked":["Dagger Throw","Acrobatics"],"picked":"Slice+1","floor":35.0},{"not_picked":["Prepared","Cloak And Dagger"],"picked":"Dagger Throw+1","floor":39.0},{"not_picked":["Flechettes+1","Escape Plan+1"],"picked":"Deflect+1","floor":41.0}],"player_experience":438161,"relics_obtained":[{"floor":8.0,"key":"PreservedInsect"},{"floor":9.0,"key":"Tiny Chest"},{"floor":12.0,"key":"Regal Pillow"},{"floor":13.0,"key":"Smiling Mask"},{"floor":21.0,"key":"Red Mask"},{"floor":22.0,"key":"Whetstone"},{"floor":23.0,"key":"Paper Crane"},{"floor":26.0,"key":"Pantograph"},{"floor":28.0,"key":"Ancient Tea Set"},{"floor":30.0,"key":"Bag of Preparation"},{"floor":37.0,"key":"Molten Egg 2"},{"floor":41.0,"key":"Sundial"}],"event_choices":[{"damage_healed":0.0,"max_hp_gain":0.0,"max_hp_loss":0.0,"gold_gain":275.0,"event_name":"Golden Shrine","player_choice":"Desecrate","floor":2.0,"gold_loss":0.0,"damage_taken":0.0,"cards_obtained":["Regret"]},{"cards_removed":["Strike_G"],"damage_healed":0.0,"max_hp_gain":0.0,"max_hp_loss":0.0,"gold_gain":0.0,"event_name":"The Cleric","player_choice":"Card Removal","floor":14.0,"gold_loss":50.0,"damage_taken":0.0},{"damage_healed":0.0,"max_hp_gain":0.0,"max_hp_loss":0.0,"gold_gain":0.0,"event_name":"Masked Bandits","player_choice":"Fought Bandits","floor":21.0,"gold_loss":0.0,"damage_taken":0.0},{"cards_removed":["Strike_G"],"damage_healed":0.0,"max_hp_gain":0.0,"max_hp_loss":0.0,"gold_gain":0.0,"event_name":"Purifier","player_choice":"Purged","floor":38.0,"gold_loss":0.0,"damage_taken":0.0}],"is_beta":false,"boss_relics":[{"not_picked":["Runic Dome","Velvet Choker"],"picked":"White Beast Statue"},{"not_picked":["Astrolabe","Tiny House"],"picked":"Empty Cage"}],"items_purged_floors":[5,27,36],"is_endless":false,"potions_floor_spawned":[8,13,16,18,19,21,23,25,28,29,30,31,33,35,39,41],"killed_by":"Transient","ascension_level":0}