{"gold_per_floor":[115,134,234,253,273,273,307,320,347,374,374,392,248,263,263,359,359,372,75,87,87,87],"floor_reached":22,"playtime":1916,"items_purged":["Strike_R","Strike_R"],"score":263,"play_id":"54104431-5fa4-479a-8eac-bea94f2ce572","local_time":"20180826185114","is_ascension_mode":true,"campfire_choices":[{"data":"Whirlwind","floor":6.0,"key":"SMITH"},{"floor":11.0,"key":"REST"},{"floor":15.0,"key":"REST"}],"neow_cost":"NONE","seed_source_timestamp":0,"circlet_count":0,"master_deck":["Strike_R","Strike_R","Strike_R","Defend_R","Defend_R","Defend_R","Defend_R","Bash","Whirlwind+1","Inflame","Rampage","Shrug It Off","Iron Wave","Metallicize","Warcry","Rampage","Double Tap"],"special_seed":0,"relics":["Burning Blood","Singing Bowl","Bag of Marbles","Philosopher\u0027s Stone","Sling","Nloth\u0027s Gift"],"potions_floor_usage":[20],"damage_taken":[{"damage":10.0,"enemies":"2 Louse","floor":1.0,"turns":3.0},{"damage":15.0,"enemies":"Cultist","floor":2.0,"turns":5.0},{"damage":3.0,"enemies":"Jaw Worm","floor":4.0,"turns":4.0},{"damage":14.0,"enemies":"2 Fungi Beasts","floor":5.0,"turns":3.0},{"damage":20.0,"enemies":"3 Sentries","floor":7.0,"turns":4.0},{"damage":8.0,"enemies":"Red Slaver","floor":8.0,"turns":4.0},{"damage":31.0,"enemies":"Gremlin Nob","floor":10.0,"turns":5.0},{"damage":6.0,"enemies":"Large Slime","floor":12.0,"turns":4.0},{"damage":0.0,"enemies":"3 Louse","floor":14.0,"turns":2.0},{"damage":65,"enemies":"The Guardian","floor":16,"turns":12},{"damage":58,"enemies":"3 Byrds","floor":18,"turns":3},{"damage":34,"enemies":"2 Thieves","floor":20,"turns":3},{"damage":21,"enemies":"Colosseum Slavers","floor":22,"turns":1}],"seed_played":"-822328486482892442","potions_obtained":[{"floor":2.0,"key":"FearPotion"},{"floor":4.0,"key":"Fire Potion"},{"floor":10.0,"key":"Ancient Potion"}],"is_trial":false,"path_per_floor":["M","M","?","M","M","R","E","M","T","E","R","M","$","M","R","B",null,"M","$","M","?"],"character_chosen":"IRONCLAD","items_purchased":["Rampage","Sling"],"campfire_rested":2,"item_purchase_floors":[13,19],"current_hp_per_floor":[84,75,75,78,70,70,56,54,54,29,55,57,57,65,92,33,92,42,42,16,16,0],"gold":87,"neow_bonus":"TEN_PERCENT_HP_BONUS","is_prod":false,"is_daily":false,"chose_seed":false,"campfire_upgraded":1,"win_rate":0,"timestamp":1535334674,"path_taken":["M","M","?","M","M","R","E","M","T","E","R","M","$","M","R","BOSS","M","$","M","?","?"],"build_version":"2018-08-23v2","purchased_purges":2,"victory":false,"max_hp_per_floor":[88,88,88,88,88,88,88,88,88,88,88,90,90,92,92,92,92,94,94,96,96,96],"card_choices":[{"not_picked":["Warcry","Rampage"],"picked":"Whirlwind","floor":1.0},{"not_picked":["Iron Wave","Battle Trance"],"picked":"Inflame","floor":2.0},{"not_picked":["Anger","Shockwave"],"picked":"Rampage","floor":4.0},{"not_picked":["Carnage","Second Wind"],"picked":"Shrug It Off","floor":5.0},{"not_picked":["Rage","Clothesline"],"picked":"Iron Wave","floor":7.0},{"not_picked":["Combust","Sword Boomerang"],"picked":"Metallicize","floor":8.0},{"not_picked":["Spot Weakness","Armaments"],"picked":"Warcry","floor":10.0},{"not_picked":["Intimidate","Perfected Strike","Bludgeon"],"picked":"Singing Bowl","floor":12.0},{"not_picked":["Infernal Blade","Armaments","Sentinel"],"picked":"Singing Bowl","floor":14.0},{"not_picked":["Exhume","Immolate"],"picked":"Double Tap","floor":16},{"not_picked":["Carnage","Shrug It Off","Thunderclap+1"],"picked":"Singing Bowl","floor":18},{"not_picked":["Flex","Evolve+1","Clothesline"],"picked":"Singing Bowl","floor":20}],"player_experience":263534,"relics_obtained":[{"floor":7.0,"key":"Singing Bowl"},{"floor":9.0,"key":"Art of War"},{"floor":10.0,"key":"Bag of Marbles"}],"event_choices":[{"event_name":"Golden Shrine","player_choice":"Pray","floor":3.0,"damage_taken":0.0},{"event_name":"N\u0027loth","player_choice":"Traded a Art of War","floor":21,"damage_taken":0},{"event_name":"Colosseum","player_choice":"Fight","floor":22,"damage_taken":0}],"is_beta":false,"boss_relics":[{"not_picked":["Eternal Feather","Cursed Key"],"picked":"Philosopher\u0027s Stone"}],"items_purged_floors":[13,19],"is_endless":false,"potions_floor_spawned":[2,4,10],"killed_by":"Colosseum Slavers","ascension_level":4}