{"gold_per_floor":[119,119,119,294,306,306,339,339,363,363,373,408,483,511,511,607,607,589,601,440,458,373,373,373,388,457,175,188,203,203,78,78,175,175,193,193,217,228,93,93,107,107,132,132,152,152,170,185,185,185],"floor_reached":51,"playtime":2353,"items_purged":["Injury","Strike_B","Strike_B"],"score":690,"play_id":"a7536601-c63e-48a1-9794-ac68c3dc4714","local_time":"20190214002324","is_ascension_mode":false,"campfire_choices":[{"data":"Zap","floor":6,"key":"SMITH"},{"data":"Defend_B","floor":8,"key":"SMITH"},{"data":"Dualcast","floor":10,"key":"SMITH"},{"floor":15,"key":"REST"},{"floor":23,"key":"REST"},{"floor":30,"key":"REST"},{"data":"Echo Form","floor":32,"key":"SMITH"},{"data":"Buffer","floor":40,"key":"SMITH"},{"floor":42,"key":"REST"},{"data":"Seek","floor":46,"key":"SMITH"},{"floor":49,"key":"REST"}],"neow_cost":"NONE","seed_source_timestamp":346507573977267,"circlet_count":0,"master_deck":["Defend_B+1","Defend_B","Defend_B","Defend_B","Zap+1","Dualcast+1","Melter","Capacitor","Echo Form+1","Sweeping Beam","Cold Snap","Seek+1","Steam Power+1","Heatsinks+1","Barrage+1","Conserve Battery","Blind","Buffer+1","Necronomicurse","FTL+1","Go for the Eyes+1","Beam Cell+1","Electrodynamics","Go for the Eyes+1","Thunder Strike+1","Storm+1"],"relics":["Cracked Core","NeowsBlessing","PreservedInsect","Mango","Dream Catcher","Sundial","Oddly Smooth Stone","Astrolabe","Regal Pillow","Necronomicon","Molten Egg 2","Bronze Scales","Sozu","Omamori","Bag of Marbles"],"potions_floor_usage":[16,25,33,33,33],"damage_taken":[{"damage":0,"enemies":"2 Louse","floor":1,"turns":1},{"damage":0,"enemies":"Small Slimes","floor":5,"turns":1},{"damage":0,"enemies":"3 Sentries","floor":7,"turns":1},{"damage":0,"enemies":"Jaw Worm","floor":11,"turns":2},{"damage":34,"enemies":"Gremlin Nob","floor":12,"turns":4},{"damage":6,"enemies":"Lagavulin","floor":14,"turns":7},{"damage":46,"enemies":"Slime Boss","floor":16,"turns":9},{"damage":32,"enemies":"2 Thieves","floor":18,"turns":4},{"damage":0,"enemies":"Spheric Guardian","floor":19,"turns":2},{"damage":30,"enemies":"Shelled Parasite and Fungi","floor":21,"turns":5},{"damage":8,"enemies":"Snake Plant","floor":25,"turns":8},{"damage":6,"enemies":"Cultist and Chosen","floor":28,"turns":8},{"damage":9,"enemies":"Centurion and Healer","floor":29,"turns":7},{"damage":47,"enemies":"Champ","floor":33,"turns":11},{"damage":11,"enemies":"3 Darklings","floor":35,"turns":4},{"damage":19,"enemies":"3 Shapes","floor":38,"turns":5},{"damage":10,"enemies":"Jaw Worm Horde","floor":41,"turns":5},{"damage":23,"enemies":"Spire Growth","floor":45,"turns":5},{"damage":9,"enemies":"Transient","floor":47,"turns":5},{"damage":0,"enemies":"Writhing Mass","floor":48,"turns":7},{"damage":55,"enemies":"Donu and Deca","floor":50,"turns":6}],"seed_played":"1697351118144687026","potions_obtained":[{"floor":1,"key":"PowerPotion"},{"floor":5,"key":"SpeedPotion"},{"floor":11,"key":"LiquidBronze"},{"floor":16,"key":"GamblersBrew"},{"floor":18,"key":"Strength Potion"},{"floor":28,"key":"Poison Potion"}],"is_trial":false,"path_per_floor":["M","?","$","?","M","R","E","R","T","R","M","E","?","E","R","B",null,"M","M","$","M","?","R","?","M","T","$","M","M","R","$","R","B",null,"M","?","T","M","$","R","M","R","T","?","M","R","M","M","R","B",null],"character_chosen":"DEFECT","items_purchased":["Blind","FTL+1","Bronze Scales","Thunder Strike+1"],"campfire_rested":5,"item_purchase_floors":[20,27,27,39],"current_hp_per_floor":[75,68,68,68,68,68,82,82,82,82,82,48,37,31,57,11,89,57,57,57,27,27,68,52,44,44,44,38,29,70,70,70,23,89,78,78,78,59,59,59,49,89,89,89,66,66,57,57,89,34],"gold":185,"neow_bonus":"THREE_ENEMY_KILL","is_prod":false,"is_daily":false,"chose_seed":false,"campfire_upgraded":6,"win_rate":0,"timestamp":1550071404,"path_taken":["M","?","$","?","M","R","E","R","T","R","M","E","?","E","R","BOSS","M","M","$","M","?","R","?","M","T","$","M","M","R","?","R","BOSS","M","?","?","?","?","R","M","R","T","?","M","R","M","?","R","BOSS"],"build_version":"2019-01-23","purchased_purges":3,"victory":true,"max_hp_per_floor":[75,75,75,75,75,75,89,89,89,89,89,89,89,89,89,89,89,89,89,89,89,89,89,89,89,89,89,89,89,89,89,89,89,89,89,89,89,89,89,89,89,89,89,89,89,89,89,89,89,89],"card_choices":[{"not_picked":["Doom and Gloom","Leap"],"picked":"Melter","floor":1},{"not_picked":["Storm","Leap"],"picked":"Capacitor","floor":5},{"not_picked":["Coolheaded","Barrage","Scrape"],"picked":"SKIP","floor":7},{"not_picked":["Force Field","Capacitor"],"picked":"Coolheaded","floor":11},{"not_picked":["Glacier","Ball Lightning"],"picked":"Echo Form","floor":12},{"not_picked":["Hologram","Sunder"],"picked":"Sweeping Beam","floor":14},{"not_picked":["Static Discharge","Steam"],"picked":"Cold Snap","floor":15},{"not_picked":["Machine Learning","Meteor Strike"],"picked":"Seek","floor":16},{"not_picked":["Leap+1","Go for the Eyes"],"picked":"Barrage+1","floor":18},{"not_picked":["Chaos","Lockon"],"picked":"Conserve Battery","floor":19},{"not_picked":["Auto Shields","Sweeping Beam"],"picked":"Buffer","floor":21},{"not_picked":["Compile Driver+1","Darkness+1","Steam"],"picked":"SKIP","floor":25},{"not_picked":["Redo","Echo Form"],"picked":"Go for the Eyes+1","floor":28},{"not_picked":["Stack+1","Loop+1","Doom and Gloom+1"],"picked":"SKIP","floor":29},{"not_picked":["Scrape+1","Hologram+1"],"picked":"Beam Cell+1","floor":30},{"not_picked":["Rainbow","Machine Learning"],"picked":"Electrodynamics","floor":33},{"not_picked":["Reprogram+1","Skim+1","Sweeping Beam+1"],"picked":"SKIP","floor":35},{"not_picked":["Ball Lightning+1","Conserve Battery"],"picked":"Go for the Eyes+1","floor":38},{"not_picked":["Storm","Stack","Sweeping Beam+1"],"picked":"SKIP","floor":41},{"not_picked":["Heatsinks","Sweeping Beam+1","Compile Driver+1"],"picked":"SKIP","floor":45},{"not_picked":["Sweeping Beam+1","Go for the Eyes+1","Reprogram"],"picked":"SKIP","floor":47},{"not_picked":["Steam","Capacitor"],"picked":"Storm+1","floor":48}],"player_experience":116825,"relics_obtained":[{"floor":7,"key":"Mango"},{"floor":9,"key":"Dream Catcher"},{"floor":12,"key":"Sundial"},{"floor":14,"key":"Oddly Smooth Stone"},{"floor":24,"key":"Necronomicon"},{"floor":26,"key":"Molten Egg 2"},{"floor":37,"key":"Omamori"},{"floor":43,"key":"Bag of Marbles"}],"event_choices":[{"damage_healed":0,"gold_gain":0,"player_choice":"Success","damage_taken":7,"relics_obtained":["PreservedInsect"],"max_hp_gain":0,"max_hp_loss":0,"event_name":"Scrap Ooze","floor":2,"gold_loss":0},{"damage_healed":0,"gold_gain":175,"player_choice":"AGREE","damage_taken":0,"max_hp_gain":0,"max_hp_loss":0,"event_name":"Liars Game","floor":4,"gold_loss":0,"cards_obtained":["Doubt"]},{"damage_healed":0,"gold_gain":75,"player_choice":"Gather Gold","damage_taken":11,"max_hp_gain":0,"max_hp_loss":0,"event_name":"World of Goop","floor":13,"gold_loss":0},{"damage_healed":0,"gold_gain":0,"player_choice":"Obtained Relic","damage_taken":0,"relics_obtained":["Regal Pillow"],"max_hp_gain":0,"max_hp_loss":0,"event_name":"Addict","floor":22,"gold_loss":85},{"damage_healed":0,"gold_gain":0,"player_choice":"Obtained Book","damage_taken":16,"max_hp_gain":0,"max_hp_loss":0,"event_name":"Cursed Tome","floor":24,"gold_loss":0},{"cards_removed":["Coolheaded"],"damage_healed":0,"gold_gain":0,"player_choice":"Removed Skill","damage_taken":0,"max_hp_gain":0,"max_hp_loss":0,"event_name":"Falling","floor":36,"gold_loss":0},{"damage_healed":0,"gold_gain":0,"player_choice":"0 cards matched","damage_taken":0,"max_hp_gain":0,"max_hp_loss":0,"event_name":"Match and Keep!","floor":44,"gold_loss":0,"cards_obtained":[]}],"is_beta":false,"boss_relics":[{"not_picked":["Coffee Dripper","White Beast Statue"],"picked":"Astrolabe"},{"not_picked":["Cursed Key","Tiny House"],"picked":"Sozu"}],"items_purged_floors":[20,27,31],"is_endless":false,"potions_floor_spawned":[1,5,11,16,18,28,29,35,45],"ascension_level":0}