{"gold_per_floor":[112,112,125,145,157,157,169,169,169,230,230,27,45,65,65,65],"floor_reached":16,"playtime":806,"items_purged":["Strike_B"],"score":99,"play_id":"58c3a496-5d16-4ef7-8c05-7cf689bded33","local_time":"20180831154135","is_ascension_mode":true,"campfire_choices":[{"data":"Stack","floor":6,"key":"SMITH"},{"data":"Beam Cell","floor":8,"key":"SMITH"},{"data":"Seek","floor":11,"key":"SMITH"},{"floor":15,"key":"REST"}],"neow_cost":"PERCENT_DAMAGE","seed_source_timestamp":288518798324652,"circlet_count":0,"master_deck":["Strike_B","Strike_B","Strike_B","Defend_B","Defend_B","Defend_B","Zap","Dualcast","Electrodynamics","Stack+1","Gash","Force Field","Barrage","Beam Cell+1","Seek+1","Loop","Conserve Battery","Doom and Gloom","Ball Lightning"],"relics":["Cracked Core","Bag of Marbles","Potion Belt"],"potions_floor_usage":[10,16],"damage_taken":[{"damage":2,"enemies":"Small Slimes","floor":1,"turns":3},{"damage":0,"enemies":"Cultist","floor":3,"turns":3},{"damage":5,"enemies":"2 Louse","floor":4,"turns":2},{"damage":9,"enemies":"Blue Slaver","floor":5,"turns":3},{"damage":3,"enemies":"Gremlin Gang","floor":7,"turns":2},{"damage":28,"enemies":"Lagavulin Event","floor":10,"turns":5},{"damage":4,"enemies":"Exordium Thugs","floor":13,"turns":4},{"damage":0,"enemies":"Looter","floor":14,"turns":4},{"damage":32,"enemies":"The Guardian","floor":16,"turns":4}],"seed_played":"-2964189465865147944","potions_obtained":[{"floor":1,"key":"FairyPotion"},{"floor":3,"key":"Explosive Potion"},{"floor":13,"key":"FocusPotion"}],"is_trial":false,"path_per_floor":["M","?","M","M","M","R","M","R","T","?","R","$","M","M","R"],"character_chosen":"DEFECT","items_purchased":["Loop","Conserve Battery"],"campfire_rested":1,"item_purchase_floors":[12,12],"current_hp_per_floor":[52,52,52,47,38,38,35,35,35,7,7,7,3,3,25,0],"gold":65,"neow_bonus":"THREE_RARE_CARDS","is_prod":false,"is_daily":false,"chose_seed":false,"campfire_upgraded":3,"win_rate":0,"timestamp":1535695895,"path_taken":["M","?","M","?","M","R","M","R","T","?","R","?","M","?","R","BOSS"],"build_version":"2018-08-30","purchased_purges":1,"victory":false,"max_hp_per_floor":[75,75,75,75,75,75,75,75,75,75,75,75,75,75,75,75],"card_choices":[{"not_picked":["Core Surge","Amplify"],"picked":"Electrodynamics","floor":0},{"not_picked":["Storm","Steam Power"],"picked":"Stack","floor":1},{"not_picked":["Turbo","Steam"],"picked":"Gash","floor":3},{"not_picked":["Blizzard","Steam"],"picked":"Force Field","floor":4},{"not_picked":["Coolheaded","Tempest"],"picked":"Barrage","floor":5},{"not_picked":["Leap","Steam"],"picked":"Beam Cell","floor":7},{"not_picked":["Hologram","Compile Driver"],"picked":"Seek","floor":10},{"not_picked":["Cold Snap","Go for the Eyes"],"picked":"Doom and Gloom","floor":13},{"not_picked":["Sweeping Beam","Barrage"],"picked":"Ball Lightning","floor":14}],"player_experience":83723,"relics_obtained":[{"floor":9,"key":"Bag of Marbles"},{"floor":10,"key":"Potion Belt"}],"event_choices":[{"event_name":"Purifier","player_choice":"One Purge","floor":2,"damage_taken":0},{"event_name":"Dead Adventurer","player_choice":"Searched \u00273\u0027 times","floor":10,"damage_taken":0}],"is_beta":false,"boss_relics":[],"items_purged_floors":[12],"is_endless":false,"potions_floor_spawned":[1,3,13],"killed_by":"The Guardian","ascension_level":1}