{"gold_per_floor":[369,13,13,13,24,55,55,73,98,58,86,100,100,120,120,222,222,238,13,26,41,57,57,86,86],"floor_reached":25,"playtime":1584,"items_purged":["Doubt"],"score":339,"play_id":"1e4167f9-a4c2-4a36-ab74-b4e1d6d0deee","local_time":"20180903193115","is_ascension_mode":true,"campfire_choices":[{"data":"Noxious Fumes","floor":7,"key":"SMITH"},{"data":"Footwork","floor":13,"key":"SMITH"},{"data":"Bane","floor":15,"key":"SMITH"},{"data":"Envenom","floor":23,"key":"SMITH"}],"neow_cost":"CURSE","seed_source_timestamp":560729362702601,"circlet_count":0,"master_deck":["Defend_G","Defend_G","Defend_G","Defend_G","Defend_G","Strike_G","Strike_G","Strike_G","Strike_G","Survivor","Neutralize","Well Laid Plans+1","Quick Slash","Footwork+1","Noxious Fumes+1","Backflip","Bane+1","Bouncing Flask","Envenom+1","Flying Knee+1","Footwork","Flying Knee","Caltrops","Dodge and Roll"],"relics":["Ring of the Snake","Mercury Hourglass","Strawberry","Ancient Tea Set","Boot","Eternal Feather","Anchor","StoneCalendar"],"potions_floor_usage":[6,6,11,11,11,24,24,24],"damage_taken":[{"damage":0,"enemies":"2 Louse","floor":1,"turns":3},{"damage":0,"enemies":"Cultist","floor":5,"turns":4},{"damage":6,"enemies":"Lagavulin","floor":6,"turns":7},{"damage":0,"enemies":"Jaw Worm","floor":8,"turns":4},{"damage":0,"enemies":"3 Sentries","floor":11,"turns":5},{"damage":3,"enemies":"Blue Slaver","floor":12,"turns":3},{"damage":0,"enemies":"Exordium Thugs","floor":14,"turns":3},{"damage":0,"enemies":"Slime Boss","floor":16,"turns":7},{"damage":16,"enemies":"3 Byrds","floor":18,"turns":5},{"damage":0,"enemies":"Chosen","floor":20,"turns":5},{"damage":13,"enemies":"Centurion and Healer","floor":21,"turns":6},{"damage":46,"enemies":"Sentry and Sphere","floor":22,"turns":7},{"damage":11,"enemies":"Book of Stabbing","floor":24,"turns":4},{"damage":17,"enemies":"Snake Plant","floor":25,"turns":2}],"seed_played":"-6314044130110618263","potions_obtained":[{"floor":1,"key":"Poison Potion"},{"floor":5,"key":"Ancient Potion"},{"floor":10,"key":"Strength Potion"},{"floor":10,"key":"Ancient Potion"},{"floor":10,"key":"Block Potion"},{"floor":14,"key":"LiquidBronze"},{"floor":16,"key":"Poison Potion"},{"floor":22,"key":"Regen Potion"}],"is_trial":false,"path_per_floor":["M","$","?","?","M","E","R","M","T","?","E","M","R","M","R","B",null,"M","$","M","M","M","R","E"],"character_chosen":"THE_SILENT","items_purchased":["Mercury Hourglass","Quick Slash","Anchor","Footwork"],"campfire_rested":0,"item_purchase_floors":[2,2,19,19],"current_hp_per_floor":[70,70,70,63,63,64,64,64,64,64,64,61,61,61,61,61,77,61,61,61,48,2,14,17,0],"gold":86,"neow_bonus":"TWO_FIFTY_GOLD","is_prod":false,"is_daily":false,"chose_seed":false,"campfire_upgraded":4,"win_rate":0,"timestamp":1535968875,"path_taken":["M","$","?","?","M","E","R","M","T","?","E","?","R","M","R","BOSS","M","$","M","?","M","R","E","M"],"build_version":"2018-08-30","purchased_purges":1,"victory":false,"max_hp_per_floor":[70,70,70,70,70,77,77,77,77,77,77,77,77,77,77,77,77,77,77,77,77,77,77,77,77],"card_choices":[{"not_picked":["Slice","Tactician"],"picked":"Well Laid Plans","floor":1},{"not_picked":["Underhanded Strike","Dodge and Roll"],"picked":"Footwork","floor":5},{"not_picked":["Sucker Punch","Outmaneuver"],"picked":"Noxious Fumes","floor":6},{"not_picked":["Skewer","Sucker Punch"],"picked":"Backflip","floor":8},{"not_picked":["Deadly Poison","Backflip"],"picked":"Bane","floor":11},{"not_picked":["Accuracy","Deadly Poison"],"picked":"Bouncing Flask","floor":12},{"not_picked":["Slice","Eviscerate","PiercingWail"],"picked":"SKIP","floor":14},{"not_picked":["Die Die Die","Burst"],"picked":"Envenom","floor":16},{"not_picked":["Expertise","Well Laid Plans"],"picked":"Flying Knee+1","floor":18},{"not_picked":["PiercingWail","All Out Attack"],"picked":"Flying Knee","floor":20},{"not_picked":["Quick Slash","Deflect"],"picked":"Caltrops","floor":21},{"not_picked":["Deadly Poison","Blade Dance+1","PiercingWail"],"picked":"SKIP","floor":22},{"not_picked":["Acrobatics+1","Deadly Poison"],"picked":"Dodge and Roll","floor":24}],"player_experience":113976,"relics_obtained":[{"floor":6,"key":"Strawberry"},{"floor":9,"key":"Ancient Tea Set"},{"floor":11,"key":"Boot"},{"floor":24,"key":"StoneCalendar"}],"event_choices":[{"event_name":"Accursed Blacksmith","player_choice":"Forge","floor":3,"damage_taken":0},{"event_name":"Golden Wing","player_choice":"Card Removal","floor":4,"damage_taken":0},{"event_name":"The Woman in Blue","player_choice":"Bought 3 Potions","floor":10,"damage_taken":0}],"is_beta":false,"boss_relics":[{"not_picked":["Busted Crown","Fusion Hammer"],"picked":"Eternal Feather"}],"items_purged_floors":[2],"is_endless":false,"potions_floor_spawned":[1,5,14,16,22],"killed_by":"Snake Plant","ascension_level":2}