{"gold_per_floor":[114,133,145,145,145,145,164,179,179,139,156,186,202,214,214,288,338,349,376,291,291,311,311,311],"floor_reached":24,"playtime":524,"items_purged":[],"score":400,"play_id":"66c64a21-c45a-4a3f-9f38-dee8646c88a3","local_time":"20181216195744","is_ascension_mode":true,"campfire_choices":[{"data":"Zap","floor":6,"key":"SMITH"},{"data":"Defragment","floor":15,"key":"SMITH"},{"data":"Fission","floor":23,"key":"SMITH"}],"neow_cost":"NONE","seed_source_timestamp":265582574697751,"circlet_count":0,"master_deck":["AscendersBane","Strike_B","Strike_B","Strike_B","Strike_B","Defend_B","Defend_B","Defend_B","Defend_B","Zap+1","Dualcast","Leap+1","Defragment+1","Self Repair","Ball Lightning","Defragment+1","Conserve Battery","Core Surge","Coolheaded","Fission+1","Skim","Conserve Battery","Compile Driver"],"relics":["Cracked Core","NeowsBlessing","Vajra","Bag of Preparation","Mercury Hourglass","Tiny House","Art of War","Bird Faced Urn","Bottled Lightning"],"potions_floor_usage":[7,10,18,18],"damage_taken":[{"damage":0,"enemies":"Cultist","floor":1,"turns":1},{"damage":0,"enemies":"Jaw Worm","floor":2,"turns":1},{"damage":0,"enemies":"2 Louse","floor":3,"turns":1},{"damage":1,"enemies":"Exordium Thugs","floor":7,"turns":3},{"damage":5,"enemies":"Large Slime","floor":8,"turns":5},{"damage":5,"enemies":"Red Slaver","floor":11,"turns":3},{"damage":41,"enemies":"Gremlin Nob","floor":12,"turns":4},{"damage":1,"enemies":"Blue Slaver","floor":13,"turns":2},{"damage":0,"enemies":"Lots of Slimes","floor":14,"turns":2},{"damage":9,"enemies":"The Guardian","floor":16,"turns":9},{"damage":8,"enemies":"Chosen","floor":18,"turns":4},{"damage":17,"enemies":"Shell Parasite","floor":22,"turns":5},{"damage":33,"enemies":"Book of Stabbing","floor":24,"turns":4}],"seed_played":"3158361636127330953","potions_obtained":[{"floor":2,"key":"Poison Potion"},{"floor":8,"key":"EssenceOfSteel"},{"floor":10,"key":"Fruit Juice"},{"floor":10,"key":"EssenceOfSteel"},{"floor":14,"key":"Block Potion"},{"floor":17,"key":"AttackPotion"}],"is_trial":false,"path_per_floor":["M","M","M","?","?","R","M","M","T","?","M","E","M","M","R","B",null,"M","T","?","T","M","R","E"],"character_chosen":"DEFECT","items_purchased":[],"campfire_rested":0,"item_purchase_floors":[],"current_hp_per_floor":[64,64,64,64,46,46,52,54,54,59,61,27,33,33,33,31,70,69,69,69,69,56,56,29],"gold":311,"neow_bonus":"THREE_ENEMY_KILL","is_prod":false,"is_daily":false,"chose_seed":false,"campfire_upgraded":3,"win_rate":0,"timestamp":1544957864,"path_taken":["M","M","?","?","?","R","?","M","T","?","M","E","M","?","R","BOSS","M","?","?","?","?","R","E"],"build_version":"2018-12-13","purchased_purges":0,"victory":false,"max_hp_per_floor":[71,71,71,71,71,71,71,71,71,76,76,76,76,76,76,76,81,81,81,81,81,81,81,81],"card_choices":[{"not_picked":["Steam","Gash"],"picked":"Leap","floor":1},{"not_picked":["Turbo","Skim"],"picked":"Defragment","floor":2},{"not_picked":["Streamline","Leap"],"picked":"Self Repair","floor":3},{"not_picked":["Turbo","Recycle"],"picked":"Ball Lightning","floor":7},{"not_picked":["Redo","Rebound"],"picked":"Defragment","floor":8},{"not_picked":["Steam","Sweeping Beam"],"picked":"Conserve Battery","floor":11},{"not_picked":["Steam","Coolheaded"],"picked":"Core Surge","floor":12},{"not_picked":["Compile Driver","Rebound","Redo"],"picked":"SKIP","floor":13},{"not_picked":["Chill","Beam Cell"],"picked":"Coolheaded","floor":14},{"not_picked":["Buffer","Creative AI"],"picked":"Fission","floor":16},{"not_picked":["Streamline","Scrape"],"picked":"Skim","floor":17},{"not_picked":["Double Energy","Chill"],"picked":"Conserve Battery","floor":18},{"not_picked":["Go for the Eyes","Rebound"],"picked":"Compile Driver","floor":22}],"player_experience":801847,"relics_obtained":[{"floor":9,"key":"Bag of Preparation"},{"floor":12,"key":"Mercury Hourglass"},{"floor":19,"key":"Art of War"},{"floor":21,"key":"Bottled Lightning"}],"event_choices":[{"damage_healed":0,"gold_gain":0,"player_choice":"Grow","damage_taken":0,"max_hp_gain":0,"max_hp_loss":0,"event_name":"Living Wall","floor":4,"gold_loss":0,"cards_upgraded":["Defragment"]},{"damage_healed":0,"gold_gain":0,"player_choice":"Success","damage_taken":18,"relics_obtained":["Vajra"],"max_hp_gain":0,"max_hp_loss":0,"event_name":"Scrap Ooze","floor":5,"gold_loss":0},{"damage_healed":0,"gold_gain":0,"player_choice":"Bought 3 Potions","damage_taken":0,"max_hp_gain":0,"max_hp_loss":0,"event_name":"The Woman in Blue","floor":10,"gold_loss":0},{"damage_healed":0,"gold_gain":0,"player_choice":"Obtained Relic","damage_taken":0,"relics_obtained":["Bird Faced Urn"],"max_hp_gain":0,"max_hp_loss":0,"event_name":"Addict","floor":20,"gold_loss":85}],"is_beta":false,"boss_relics":[{"not_picked":["Eternal Feather","Ectoplasm"],"picked":"Tiny House"}],"items_purged_floors":[],"is_endless":false,"potions_floor_spawned":[2,8,11,14],"killed_by":"Book of Stabbing","ascension_level":20}