{"gold_per_floor":[110,110,80,93,107,140,167,179],"floor_reached":8,"playtime":346,"items_purged":[],"score":84,"play_id":"b48de5f5-8fa9-43bb-a420-6ec58d3a9671","local_time":"20180926224237","is_ascension_mode":true,"campfire_choices":[],"neow_cost":"NONE","seed_source_timestamp":777705593740900,"circlet_count":0,"master_deck":["Strike_B","Strike_B","Strike_B","Strike_B+1","Defend_B","Defend_B","Defend_B","Defend_B","Zap+1","Dualcast","Cold Snap","Self Repair","Leap","Compile Driver","Sweeping Beam","BootSequence"],"special_seed":0,"relics":["Cracked Core","MawBank"],"potions_floor_usage":[6,8,8],"damage_taken":[{"damage":7.0,"enemies":"Jaw Worm","floor":1.0,"turns":4.0},{"damage":10.0,"enemies":"2 Louse","floor":4.0,"turns":2.0},{"damage":0.0,"enemies":"Small Slimes","floor":5.0,"turns":3.0},{"damage":28,"enemies":"Lagavulin","floor":6,"turns":8},{"damage":19,"enemies":"Gremlin Gang","floor":7,"turns":3},{"damage":18,"enemies":"Gremlin Nob","floor":8,"turns":3}],"seed_played":"401778585240944538","potions_obtained":[{"floor":1.0,"key":"PowerPotion"},{"floor":3.0,"key":"Energy Potion"},{"floor":3.0,"key":"Poison Potion"},{"floor":5.0,"key":"FocusPotion"},{"floor":7,"key":"FocusPotion"}],"is_trial":false,"path_per_floor":["M","?","?","M","M","E","M"],"character_chosen":"DEFECT","items_purchased":[],"campfire_rested":0,"item_purchase_floors":[],"current_hp_per_floor":[61,46,46,43,50,29,17,0],"gold":179,"neow_bonus":"THREE_CARDS","is_prod":false,"is_daily":false,"chose_seed":false,"campfire_upgraded":0,"win_rate":0,"timestamp":1538026957,"path_taken":["M","?","?","M","M","E","M","E"],"build_version":"2018-09-20","purchased_purges":0,"victory":false,"max_hp_per_floor":[75,75,75,75,75,75,75,75],"card_choices":[{"not_picked":["Conserve Battery","Gash"],"picked":"Cold Snap","floor":0.0},{"not_picked":["Coolheaded","Darkness"],"picked":"Self Repair","floor":1.0},{"not_picked":["Rebound","Hologram"],"picked":"Leap","floor":4.0},{"not_picked":["Coolheaded","Force Field"],"picked":"Compile Driver","floor":5.0},{"not_picked":["Hyperbeam","Ball Lightning"],"picked":"Sweeping Beam","floor":6},{"not_picked":["Compile Driver","Leap"],"picked":"BootSequence","floor":7}],"player_experience":462489,"relics_obtained":[{"floor":6,"key":"MawBank"}],"event_choices":[{"event_name":"Shining Light","player_choice":"Entered Light","floor":2.0,"damage_taken":0.0},{"event_name":"The Woman in Blue","player_choice":"Bought 2 Potions","floor":3.0,"damage_taken":0.0}],"is_beta":false,"boss_relics":[],"items_purged_floors":[],"is_endless":false,"potions_floor_spawned":[1,5,7],"killed_by":"Gremlin Nob","ascension_level":9}