{"gold_per_floor":[110,35,51,51,61,61,76,94,118,149,149,167,196,212,212,307,307,320,124,124,134,134,134,153,153,153,75,93,106,106,106,106,202,202,218,269,283,82,95,126,144,144,144,144,157,0,12,12],"floor_reached":48,"playtime":2764,"items_purged":["Normality"],"score":476,"play_id":"ed359922-3295-452b-b134-f357df0c9428","local_time":"20181117131836","is_ascension_mode":false,"campfire_choices":[{"data":"Uppercut","floor":6,"key":"SMITH"},{"data":"Shrug It Off","floor":11,"key":"SMITH"},{"data":"Rampage","floor":15,"key":"SMITH"},{"data":"Mind Blast","floor":23,"key":"SMITH"},{"floor":25,"key":"REST"},{"data":"Dual Wield","floor":30,"key":"SMITH"},{"floor":32,"key":"REST"},{"floor":42,"key":"REST"},{"floor":44,"key":"REST"}],"neow_cost":"CURSE","seed_source_timestamp":4799418535914,"circlet_count":0,"master_deck":["Strike_R","Defend_R","Defend_R","Defend_R","Defend_R","Bash","Shockwave","Shrug It Off+1","Uppercut+1","Rampage+1","Thunderclap","Disarm","Shockwave","Berserk","Dual Wield+1","Shrug It Off","Infernal Blade","Impervious","Flex+1","Metallicize","Seeing Red+1","Whirlwind+1","Battle Trance+1"],"relics":["Burning Blood","Lantern","Strawberry","Red Skull","Velvet Choker","ClockworkSouvenir","Shuriken","Empty Cage","Champion Belt","Lee\u0027s Waffle","Omamori","Bottled Tornado","Red Mask"],"potions_floor_usage":[33,33,33,33,36,37,40,45,48],"damage_taken":[{"damage":10,"enemies":"Cultist","floor":1,"turns":4},{"damage":3,"enemies":"Small Slimes","floor":3,"turns":5},{"damage":3,"enemies":"2 Louse","floor":5,"turns":2},{"damage":0,"enemies":"Red Slaver","floor":7,"turns":4},{"damage":9,"enemies":"2 Fungi Beasts","floor":8,"turns":5},{"damage":22,"enemies":"Lagavulin","floor":10,"turns":6},{"damage":26,"enemies":"Exordium Thugs","floor":12,"turns":4},{"damage":20,"enemies":"3 Sentries","floor":13,"turns":8},{"damage":0,"enemies":"Blue Slaver","floor":14,"turns":3},{"damage":21,"enemies":"The Guardian","floor":16,"turns":9},{"damage":24,"enemies":"3 Byrds","floor":18,"turns":6},{"damage":15,"enemies":"Shell Parasite","floor":21,"turns":6},{"damage":15,"enemies":"Snake Plant","floor":24,"turns":4},{"damage":17,"enemies":"Sentry and Sphere","floor":28,"turns":7},{"damage":7,"enemies":"3 Cultists","floor":29,"turns":7},{"damage":42,"enemies":"Champ","floor":33,"turns":12},{"damage":24,"enemies":"3 Shapes","floor":35,"turns":4},{"damage":60,"enemies":"2 Orb Walkers","floor":36,"turns":6},{"damage":13,"enemies":"Orb Walker","floor":37,"turns":4},{"damage":39,"enemies":"Writhing Mass","floor":39,"turns":10},{"damage":55,"enemies":"Giant Head","floor":40,"turns":10},{"damage":17,"enemies":"Jaw Worm Horde","floor":41,"turns":3},{"damage":33,"enemies":"Sphere and 2 Shapes","floor":45,"turns":8},{"damage":41,"enemies":"Writhing Mass","floor":47,"turns":8},{"damage":9,"enemies":"3 Darklings","floor":48,"turns":2}],"seed_played":"6894445289182590424","potions_obtained":[{"floor":3,"key":"EntropicBrew"},{"floor":7,"key":"GamblersBrew"},{"floor":12,"key":"Swift Potion"},{"floor":33,"key":"BloodPotion"},{"floor":39,"key":"Poison Potion"},{"floor":40,"key":"Poison Potion"},{"floor":45,"key":"SteroidPotion"},{"floor":47,"key":"SpeedPotion"}],"is_trial":false,"path_per_floor":["M","$","M","?","M","R","M","M","T","E","R","M","E","M","R","B",null,"M","$","?","M","?","R","M","R","T","$","M","M","R","?","R","B",null,"M","?","M","$","M","E","M","R","T","R","M","?","M","M"],"character_chosen":"IRONCLAD","items_purchased":["ClockworkSouvenir","Dual Wield","Lee\u0027s Waffle"],"campfire_rested":4,"item_purchase_floors":[19,27,38],"current_hp_per_floor":[76,76,79,79,80,80,80,77,77,68,68,48,34,40,40,25,87,69,69,69,60,44,44,35,61,61,61,50,49,49,49,75,39,87,69,15,16,94,61,12,15,43,43,71,44,44,9,0],"gold":12,"neow_bonus":"TRANSFORM_TWO_CARDS","is_prod":false,"is_daily":false,"chose_seed":false,"campfire_upgraded":5,"win_rate":0,"timestamp":1542428316,"path_taken":["M","?","?","?","M","R","M","?","T","E","R","M","E","M","R","BOSS","M","$","?","?","?","R","M","R","T","?","M","M","R","?","R","BOSS","M","?","M","$","M","E","M","R","T","R","M","?","M","?"],"build_version":"2018-11-15","purchased_purges":1,"victory":false,"max_hp_per_floor":[80,80,80,80,80,80,80,80,80,87,87,87,87,87,87,87,87,87,87,87,87,87,87,87,87,87,87,87,87,87,87,87,87,87,87,87,87,94,94,94,94,94,94,94,94,94,94,94],"card_choices":[{"not_picked":["Warcry","Second Wind"],"picked":"Intimidate","floor":1},{"not_picked":["Battle Trance","Pommel Strike"],"picked":"Uppercut","floor":3},{"not_picked":["Twin Strike","Reckless Charge","Clothesline"],"picked":"SKIP","floor":5},{"not_picked":["Corruption","Warcry"],"picked":"Thunderclap","floor":7},{"not_picked":["Body Slam","Sever Soul","Clothesline"],"picked":"SKIP","floor":8},{"not_picked":["Iron Wave","Uppercut"],"picked":"Disarm","floor":10},{"not_picked":["True Grit","Clash","Cleave"],"picked":"SKIP","floor":12},{"not_picked":["True Grit","Sword Boomerang","Heavy Blade"],"picked":"SKIP","floor":13},{"not_picked":["Body Slam","Heavy Blade"],"picked":"Shockwave","floor":14},{"not_picked":["Feed","Immolate"],"picked":"Berserk","floor":16},{"not_picked":["Evolve","Cleave","Thunderclap+1"],"picked":"SKIP","floor":18},{"not_picked":["Pommel Strike","Rupture","Burning Pact"],"picked":"SKIP","floor":21},{"not_picked":["Wild Strike","Sword Boomerang","Combust"],"picked":"SKIP","floor":24},{"not_picked":["Heavy Blade","Reckless Charge","Burning Pact"],"picked":"SKIP","floor":28},{"not_picked":["Cleave","Flex"],"picked":"Shrug It Off","floor":29},{"not_picked":["Immolate","Barricade"],"picked":"Impervious","floor":33},{"not_picked":["Cleave+1","Searing Blow+1"],"picked":"Flex+1","floor":35},{"not_picked":["Clash","Infernal Blade+1"],"picked":"Metallicize","floor":36},{"not_picked":["Perfected Strike+1","Blood for Blood+1","Sword Boomerang+1"],"picked":"SKIP","floor":37},{"not_picked":["Sentinel","Burning Pact+1","Warcry"],"picked":"SKIP","floor":39},{"not_picked":["Warcry+1","Sever Soul+1"],"picked":"Seeing Red+1","floor":40},{"not_picked":["Immolate","Uppercut+1"],"picked":"Whirlwind+1","floor":41},{"not_picked":["Heavy Blade+1","Entrench+1","True Grit"],"picked":"SKIP","floor":45},{"not_picked":["Havoc","Carnage"],"picked":"Battle Trance+1","floor":47}],"player_experience":97375,"relics_obtained":[{"floor":9,"key":"Lantern"},{"floor":10,"key":"Strawberry"},{"floor":13,"key":"Red Skull"},{"floor":26,"key":"Shuriken"},{"floor":36,"key":"Champion Belt"},{"floor":40,"key":"Omamori"},{"floor":43,"key":"Bottled Tornado"}],"event_choices":[{"damage_healed":0,"gold_gain":0,"cards_transformed":["Strike_R"],"player_choice":"Transformed","damage_taken":0,"max_hp_gain":0,"max_hp_loss":0,"event_name":"Transmorgrifier","floor":4,"gold_loss":0,"cards_obtained":["Rampage"]},{"cards_removed":["Strike_R"],"damage_healed":0,"gold_gain":0,"player_choice":"Offered Basic","damage_taken":0,"max_hp_gain":0,"max_hp_loss":0,"event_name":"Bonfire Elementals","floor":20,"gold_loss":0},{"damage_healed":0,"gold_gain":0,"player_choice":"CARD ","damage_taken":16,"max_hp_gain":0,"max_hp_loss":0,"event_name":"Knowing Skull","floor":22,"potions_obtained":[],"gold_loss":0,"cards_obtained":["Mind Blast"]},{"damage_healed":0,"gold_gain":0,"player_choice":"Read","damage_taken":0,"max_hp_gain":0,"max_hp_loss":0,"event_name":"The Library","floor":31,"gold_loss":0,"cards_obtained":["Infernal Blade"]},{"damage_healed":0,"gold_gain":0,"player_choice":"Fight","damage_taken":0,"max_hp_gain":0,"max_hp_loss":0,"event_name":"Mysterious Sphere","floor":36,"gold_loss":0},{"damage_healed":0,"gold_gain":0,"player_choice":"Paid","damage_taken":0,"relics_obtained":["Red Mask"],"max_hp_gain":0,"max_hp_loss":0,"event_name":"Tomb of Lord Red Mask","floor":46,"gold_loss":157}],"is_beta":false,"boss_relics":[{"not_picked":["Astrolabe","Runic Dome"],"picked":"Velvet Choker"},{"not_picked":["Black Star","Orrery"],"picked":"Empty Cage"}],"items_purged_floors":[2],"is_endless":false,"potions_floor_spawned":[3,7,12,29,33,39,40,45,47],"killed_by":"3 Darklings","ascension_level":0}