{"gold_per_floor":[109,109,109,34,51,51,82,82,160,171,183,83,101,127,127,228,228,243,89,89,89,105,105,119,219,246,171,187,187,204,220,220,220],"floor_reached":33,"playtime":1486,"items_purged":["Regret","Strike_R"],"score":321,"play_id":"981a475e-dc6a-443f-95e1-74623aa53a6d","local_time":"20181014144632","is_ascension_mode":true,"campfire_choices":[{"data":"Immolate","floor":6,"key":"SMITH"},{"data":"True Grit","floor":8,"key":"SMITH"},{"data":"Metallicize","floor":15,"key":"SMITH"},{"data":"Barricade","floor":23,"key":"SMITH"},{"data":"Metallicize","floor":29,"key":"SMITH"},{"floor":32,"key":"REST"}],"neow_cost":"CURSE","seed_source_timestamp":168506243075104,"circlet_count":0,"master_deck":["Strike_R","Strike_R+1","Defend_R","Defend_R","Defend_R","Bash","Immolate+1","Bludgeon+1","True Grit+1","Metallicize+1","Feed+1","Searing Blow+1","Barricade+1","Metallicize+1"],"relics":["Burning Blood","Orichalcum","Molten Egg 2","Ancient Tea Set","Orrery","Anchor","Regal Pillow"],"potions_floor_usage":[7,7,20,33,33],"damage_taken":[{"damage":8,"enemies":"Small Slimes","floor":1,"turns":2},{"damage":0,"enemies":"Cultist","floor":5,"turns":2},{"damage":20,"enemies":"Lagavulin","floor":7,"turns":4},{"damage":0,"enemies":"2 Louse","floor":10,"turns":1},{"damage":2,"enemies":"Looter","floor":11,"turns":2},{"damage":0,"enemies":"3 Louse","floor":13,"turns":1},{"damage":2,"enemies":"Gremlin Nob","floor":14,"turns":3},{"damage":9,"enemies":"Slime Boss","floor":16,"turns":6},{"damage":23,"enemies":"2 Thieves","floor":18,"turns":4},{"damage":48,"enemies":"Colosseum Slavers","floor":20,"turns":5},{"damage":3,"enemies":"Chosen","floor":22,"turns":4},{"damage":6,"enemies":"3 Cultists","floor":24,"turns":5},{"damage":0,"enemies":"Snecko","floor":28,"turns":5},{"damage":24,"enemies":"Chosen and Byrds","floor":30,"turns":5},{"damage":14,"enemies":"Shelled Parasite and Fungi","floor":31,"turns":7},{"damage":111,"enemies":"Automaton","floor":33,"turns":12}],"seed_played":"-730367422028339266","potions_obtained":[{"floor":1,"key":"FearPotion"},{"floor":2,"key":"Weak Potion"},{"floor":2,"key":"Energy Potion"},{"floor":10,"key":"LiquidBronze"},{"floor":11,"key":"Strength Potion"},{"floor":24,"key":"FearPotion"}],"is_trial":false,"path_per_floor":["M","?","?","$","M","R","E","R","T","M","M","$","M","?","R","B",null,"M","$","?","$","M","R","M","?","T","?","M","R","M","M","R"],"character_chosen":"IRONCLAD","items_purchased":["Anchor"],"campfire_rested":1,"item_purchase_floors":[19],"current_hp_per_floor":[78,78,62,62,68,68,54,54,54,60,64,64,70,74,74,71,80,67,67,29,29,32,32,36,36,36,36,42,42,28,24,69,0],"gold":220,"neow_bonus":"TRANSFORM_TWO_CARDS","is_prod":false,"is_daily":false,"chose_seed":false,"campfire_upgraded":5,"win_rate":0,"timestamp":1539490592,"path_taken":["M","?","?","$","M","R","E","R","T","M","M","$","?","?","R","BOSS","M","$","?","$","?","R","M","?","T","?","?","R","M","M","R","BOSS"],"build_version":"2018-10-11","purchased_purges":2,"victory":false,"max_hp_per_floor":[80,80,80,80,80,80,80,80,80,80,80,80,80,80,80,80,80,84,84,88,88,88,88,92,92,92,92,92,92,96,100,100,100],"card_choices":[{"not_picked":["Flex","Evolve","Bloodletting"],"picked":"SKIP","floor":1},{"not_picked":["Rage","Blood for Blood","Heavy Blade"],"picked":"SKIP","floor":5},{"not_picked":["Uppercut","Iron Wave"],"picked":"True Grit","floor":7},{"not_picked":["Perfected Strike+1","Fire Breathing","Sword Boomerang+1"],"picked":"SKIP","floor":10},{"not_picked":["Bloodletting","Anger+1","True Grit"],"picked":"SKIP","floor":11},{"not_picked":["Corruption","True Grit","Headbutt+1"],"picked":"SKIP","floor":13},{"not_picked":["Flex","Inflame"],"picked":"Metallicize","floor":14},{"not_picked":["Reaper+1","Limit Break"],"picked":"Feed+1","floor":16},{"not_picked":["Evolve","Shockwave"],"picked":"Searing Blow+1","floor":17},{"not_picked":["Headbutt+1","Clothesline+1"],"picked":"Barricade","floor":18},{"not_picked":["Dropkick+1","Headbutt+1"],"picked":"Metallicize","floor":22},{"not_picked":["Iron Wave+1","Reckless Charge+1","Hemokinesis+1"],"picked":"SKIP","floor":24},{"not_picked":["Feed+1","Twin Strike+1","Sentinel"],"picked":"SKIP","floor":28},{"not_picked":["Power Through","Blood for Blood+1","Armaments"],"picked":"SKIP","floor":30},{"not_picked":["Wild Strike+1","Twin Strike+1","Warcry"],"picked":"SKIP","floor":31}],"player_experience":300932,"relics_obtained":[{"floor":7,"key":"Orichalcum"},{"floor":9,"key":"Molten Egg 2"},{"floor":14,"key":"Ancient Tea Set"},{"floor":26,"key":"Regal Pillow"}],"event_choices":[{"event_name":"The Lab","player_choice":"Got Potions","floor":2,"damage_taken":0},{"event_name":"Shining Light","player_choice":"Entered Light","floor":3,"damage_taken":0},{"event_name":"Dead Adventurer","player_choice":"Searched \u00272\u0027 times","floor":14,"damage_taken":0},{"event_name":"Colosseum","player_choice":"Fight","floor":20,"damage_taken":0},{"event_name":"Colosseum","player_choice":"Fled From Nobs","floor":20,"damage_taken":0},{"event_name":"Golden Shrine","player_choice":"Pray","floor":25,"damage_taken":0},{"event_name":"Beggar","player_choice":"Gave Gold","floor":27,"damage_taken":0}],"is_beta":false,"boss_relics":[{"not_picked":["Astrolabe","Tiny House"],"picked":"Orrery"}],"items_purged_floors":[4,12],"is_endless":false,"potions_floor_spawned":[1,10,11,14,14,18,24,28],"killed_by":"Automaton","ascension_level":4}