{"gold_per_floor":[117,117,42,58,74,74,106,106,106,134,134,150,150,50,50,149,149,160,160,35,47,47,47,64,81,81,94,9,9,9,9,9,109,109,123,133,133,133],"floor_reached":38,"playtime":3119,"items_purged":["Injury","Strike_G","Reflex"],"score":478,"play_id":"f3b8f34b-5f23-48dc-8587-dae9edb5b88b","local_time":"20181027125823","is_ascension_mode":true,"campfire_choices":[{"data":"Crippling Poison","floor":6.0,"key":"SMITH"},{"floor":8.0,"key":"REST"},{"data":"Phantasmal Killer","floor":13.0,"key":"SMITH"},{"floor":15.0,"key":"REST"},{"data":"RitualDagger","floor":23.0,"key":"SMITH"},{"floor":29,"key":"REST"},{"floor":32,"key":"REST"}],"neow_cost":"CURSE","seed_source_timestamp":0,"circlet_count":0,"master_deck":["Survivor","Neutralize","Phantasmal Killer+1","Crippling Poison+1","PiercingWail","Flying Knee","Deadly Poison","Prepared","PiercingWail","Underhanded Strike","Backflip","Riddle With Holes","Footwork","RitualDagger+1","Accuracy","PiercingWail+1","Adrenaline","Cloak And Dagger+1","Crippling Poison+1"],"special_seed":0,"relics":["Ring of the Snake","Dead Branch","Ninja Scroll","Ice Cream","Singing Bowl","Art of War","Pandora\u0027s Box","Tingsha","PreservedInsect","The Specimen","Sozu"],"potions_floor_usage":[27,33,33],"damage_taken":[{"damage":0.0,"enemies":"Small Slimes","floor":1.0,"turns":3.0},{"damage":0.0,"enemies":"Cultist","floor":4.0,"turns":4.0},{"damage":3.0,"enemies":"2 Louse","floor":5.0,"turns":3.0},{"damage":32.0,"enemies":"Lagavulin","floor":7.0,"turns":8.0},{"damage":7.0,"enemies":"Gremlin Nob","floor":10.0,"turns":5.0},{"damage":9.0,"enemies":"Blue Slaver","floor":12.0,"turns":4.0},{"damage":43.0,"enemies":"Slime Boss","floor":16.0,"turns":9.0},{"damage":0.0,"enemies":"Chosen","floor":18.0,"turns":4.0},{"damage":19.0,"enemies":"Spheric Guardian","floor":21.0,"turns":4.0},{"damage":17.0,"enemies":"Snake Plant","floor":24.0,"turns":5.0},{"damage":16,"enemies":"Shelled Parasite and Fungi","floor":25,"turns":5},{"damage":0,"enemies":"Snecko","floor":27,"turns":3},{"damage":33,"enemies":"Collector","floor":33,"turns":8},{"damage":6,"enemies":"3 Shapes","floor":35,"turns":3},{"damage":4,"enemies":"3 Darklings","floor":36,"turns":3},{"damage":59,"enemies":"2 Orb Walkers","floor":38,"turns":4}],"seed_played":"8860940937229103868","potions_obtained":[{"floor":1.0,"key":"Regen Potion"},{"floor":5.0,"key":"Explosive Potion"},{"floor":7.0,"key":"Fire Potion"},{"floor":24.0,"key":"FearPotion"},{"floor":25,"key":"SteroidPotion"},{"floor":27,"key":"AttackPotion"}],"is_trial":false,"path_per_floor":["M","?","$","M","M","R","E","R","T","E","?","M","R","$","R","B",null,"M","?","$","M","?","R","M","M","T","M","?","R","$","?","R","B",null,"M","M","?"],"character_chosen":"THE_SILENT","items_purchased":[],"campfire_rested":4,"item_purchase_floors":[],"current_hp_per_floor":[70,70,70,70,67,67,35,56,56,51,39,30,30,30,51,10,58,58,52,52,35,35,35,20,4,4,4,4,27,27,27,50,17,63,59,55,55,0],"gold":133,"neow_bonus":"THREE_RARE_CARDS","is_prod":false,"is_daily":false,"chose_seed":false,"campfire_upgraded":3,"win_rate":0,"timestamp":1540607303,"path_taken":["M","?","$","M","M","R","E","R","T","E","?","?","R","$","R","BOSS","M","?","$","M","?","R","M","M","T","M","?","R","?","?","R","BOSS","M","M","?","?"],"build_version":"2018-10-25v2","purchased_purges":3,"victory":false,"max_hp_per_floor":[70,70,70,70,70,70,70,70,70,72,72,72,72,72,72,74,74,74,74,74,76,76,76,78,78,78,78,78,78,78,78,78,78,78,80,80,80,80],"card_choices":[{"not_picked":["Grand Finale","Burst"],"picked":"Phantasmal Killer","floor":0.0},{"not_picked":["PiercingWail","Cloak And Dagger"],"picked":"Crippling Poison","floor":1.0},{"not_picked":["Deadly Poison","Expertise","Dodge and Roll"],"picked":"SKIP","floor":4.0},{"not_picked":["Bullet Time","All Out Attack","Prepared"],"picked":"SKIP","floor":5.0},{"not_picked":["Masterful Stab","Bane","Dagger Throw"],"picked":"SKIP","floor":7.0},{"not_picked":["Dagger Spray","Dash","Prepared"],"picked":"Singing Bowl","floor":10.0},{"not_picked":["Deadly Poison","Backflip"],"picked":"PiercingWail","floor":12.0},{"not_picked":["Wraith Form v2","Glass Knife","Doppelganger"],"picked":"Singing Bowl","floor":16.0},{"not_picked":["Setup+1","Poisoned Stab"],"picked":"Footwork","floor":18.0},{"not_picked":["Deadly Poison","Cloak And Dagger","Underhanded Strike"],"picked":"Singing Bowl","floor":21.0},{"not_picked":["Blade Dance","Underhanded Strike","Dagger Spray+1"],"picked":"Singing Bowl","floor":24.0},{"not_picked":["Deflect","Prepared"],"picked":"Accuracy","floor":25},{"not_picked":["Poisoned Stab","Expertise+1"],"picked":"PiercingWail+1","floor":27},{"not_picked":["Wraith Form v2","A Thousand Cuts"],"picked":"Adrenaline","floor":33},{"not_picked":["Dodge and Roll+1","Slice","Well Laid Plans+1"],"picked":"Singing Bowl","floor":35},{"not_picked":["Well Laid Plans","Escape Plan"],"picked":"Cloak And Dagger+1","floor":36}],"player_experience":351679,"relics_obtained":[{"floor":7.0,"key":"Ninja Scroll"},{"floor":9.0,"key":"Ice Cream"},{"floor":10.0,"key":"Singing Bowl"},{"floor":26,"key":"PreservedInsect"}],"event_choices":[{"damage_healed":0.0,"max_hp_gain":0.0,"max_hp_loss":0.0,"gold_gain":0.0,"event_name":"WeMeetAgain","player_choice":"Gave Potion","floor":2.0,"gold_loss":0.0,"damage_taken":0.0,"relics_obtained":["Dead Branch"]},{"damage_healed":0.0,"max_hp_gain":0.0,"max_hp_loss":0.0,"gold_gain":0.0,"event_name":"Scrap Ooze","player_choice":"Success","floor":11.0,"gold_loss":0.0,"damage_taken":12.0,"relics_obtained":["Art of War"]},{"damage_healed":0.0,"max_hp_gain":0.0,"max_hp_loss":0.0,"gold_gain":0.0,"event_name":"Nest","player_choice":"Joined the Cult","floor":19.0,"gold_loss":0.0,"damage_taken":6.0,"cards_obtained":["RitualDagger"]},{"damage_healed":0.0,"max_hp_gain":0.0,"max_hp_loss":0.0,"gold_gain":0.0,"event_name":"The Mausoleum","player_choice":"Opened","floor":22.0,"gold_loss":0.0,"damage_taken":0.0,"relics_obtained":["Tingsha"]},{"damage_healed":0,"gold_gain":0,"player_choice":"Obtained Relic","damage_taken":0,"relics_obtained":["The Specimen"],"max_hp_gain":0,"max_hp_loss":0,"event_name":"Addict","floor":28,"gold_loss":85},{"cards_removed":["Expertise"],"damage_healed":0,"gold_gain":0,"player_choice":"Elegance","damage_taken":0,"max_hp_gain":0,"max_hp_loss":0,"event_name":"Back to Basics","floor":31,"gold_loss":0},{"damage_healed":0,"gold_gain":0,"player_choice":"Copied","damage_taken":0,"max_hp_gain":0,"max_hp_loss":0,"event_name":"Duplicator","floor":37,"gold_loss":0,"cards_obtained":["Crippling Poison"]},{"damage_healed":0,"gold_gain":0,"player_choice":"Fight","damage_taken":0,"max_hp_gain":0,"max_hp_loss":0,"event_name":"Mysterious Sphere","floor":38,"gold_loss":0}],"is_beta":false,"boss_relics":[{"not_picked":["Cursed Key","Velvet Choker"],"picked":"Pandora\u0027s Box"},{"not_picked":["Calling Bell","Ring of the Serpent"],"picked":"Sozu"}],"items_purged_floors":[3,14,20],"is_endless":false,"potions_floor_spawned":[1,5,7,24,25,27,35],"killed_by":"2 Orb Walkers","ascension_level":5}