{"gold_per_floor":[109,129,144,319,35,35,35,35,106,119,133,133,171,196,196,320,320,336,359,359,66,66,86],"floor_reached":23,"playtime":1010,"items_purged":["Doubt","Decay"],"score":201,"play_id":"f3cc4aa5-1bb5-4803-82f6-98fbc35043e6","local_time":"20181109143307","is_ascension_mode":true,"campfire_choices":[{"data":"Beam Cell","floor":6,"key":"SMITH"},{"data":"Streamline","floor":8,"key":"SMITH"},{"floor":15,"key":"REST"}],"neow_cost":"NONE","seed_source_timestamp":342569285118962,"circlet_count":0,"master_deck":["Strike_B","Strike_B","Strike_B","Strike_B","Defend_B","Defend_B","Defend_B","Defend_B","Zap","Dualcast","Sweeping Beam","Beam Cell+1","Streamline","Streamline+1","Conserve Battery","Streamline","Reboot","Conserve Battery","Echo Form","Doom and Gloom+1","Transmutation","Shame"],"relics":["Cracked Core","NeowsBlessing","DollysMirror","Ice Cream","Shuriken","Golden Idol","Letter Opener","Philosopher\u0027s Stone","Ornamental Fan"],"potions_floor_usage":[18,19,19,19],"damage_taken":[{"damage":0,"enemies":"Cultist","floor":1,"turns":1},{"damage":0,"enemies":"Small Slimes","floor":2,"turns":1},{"damage":0,"enemies":"Jaw Worm","floor":3,"turns":1},{"damage":0,"enemies":"Looter","floor":10,"turns":2},{"damage":0,"enemies":"3 Louse","floor":11,"turns":3},{"damage":24,"enemies":"Lagavulin","floor":13,"turns":5},{"damage":15,"enemies":"Exordium Thugs","floor":14,"turns":4},{"damage":3,"enemies":"Slime Boss","floor":16,"turns":7},{"damage":13,"enemies":"Chosen","floor":18,"turns":5},{"damage":9,"enemies":"3 Byrds","floor":19,"turns":4},{"damage":40,"enemies":"Slavers","floor":23,"turns":3}],"seed_played":"-3433762348059441523","potions_obtained":[{"floor":3,"key":"EssenceOfSteel"},{"floor":10,"key":"Block Potion"},{"floor":11,"key":"EntropicBrew"}],"is_trial":false,"path_per_floor":["M","M","M","?","$","R","?","R","T","M","M","?","E","M","R","B",null,"M","M","?","$","?","E"],"character_chosen":"DEFECT","items_purchased":["DollysMirror","Transmutation"],"campfire_rested":1,"item_purchase_floors":[5,21],"current_hp_per_floor":[75,75,75,75,75,75,72,72,72,72,72,54,30,15,37,34,75,62,53,53,53,53,13],"gold":86,"neow_bonus":"THREE_ENEMY_KILL","is_prod":false,"is_daily":false,"chose_seed":false,"campfire_upgraded":2,"win_rate":0,"timestamp":1541736187,"path_taken":["M","?","M","?","$","R","?","R","T","M","M","?","E","M","R","BOSS","M","M","?","$","?","E"],"build_version":"2018-11-08","purchased_purges":2,"victory":false,"max_hp_per_floor":[75,75,75,75,75,75,75,75,75,75,75,75,75,75,75,75,75,75,75,75,75,75,75],"card_choices":[{"not_picked":["Barrage","FTL"],"picked":"Sweeping Beam","floor":1},{"not_picked":["Turbo","Hologram"],"picked":"Beam Cell","floor":2},{"not_picked":["Barrage","Conserve Battery"],"picked":"Streamline","floor":3},{"not_picked":["FTL","Ball Lightning"],"picked":"Conserve Battery","floor":10},{"not_picked":["Chill","Ball Lightning"],"picked":"Streamline","floor":11},{"not_picked":["Sweeping Beam","Streamline"],"picked":"Reboot","floor":13},{"not_picked":["Sweeping Beam","Streamline"],"picked":"Conserve Battery","floor":14},{"not_picked":["Creative AI","Thunder Strike"],"picked":"Echo Form","floor":16},{"not_picked":["Blizzard+1","Melter","Skim"],"picked":"SKIP","floor":18},{"not_picked":["Stack","Redo"],"picked":"Doom and Gloom+1","floor":19}],"player_experience":379019,"relics_obtained":[{"floor":9,"key":"Shuriken"},{"floor":13,"key":"Letter Opener"}],"event_choices":[{"damage_healed":0,"gold_gain":175,"player_choice":"AGREE","damage_taken":0,"max_hp_gain":0,"max_hp_loss":0,"event_name":"Liars Game","floor":4,"gold_loss":0,"cards_obtained":["Doubt"]},{"damage_healed":0,"gold_gain":0,"player_choice":"Success","damage_taken":3,"relics_obtained":["Ice Cream"],"max_hp_gain":0,"max_hp_loss":0,"event_name":"Scrap Ooze","floor":7,"gold_loss":0},{"damage_healed":0,"gold_gain":0,"player_choice":"Take Damage","damage_taken":18,"relics_obtained":["Golden Idol"],"max_hp_gain":0,"max_hp_loss":0,"event_name":"Golden Idol","floor":12,"gold_loss":0},{"damage_healed":0,"gold_gain":0,"player_choice":"Cursed","damage_taken":0,"max_hp_gain":0,"max_hp_loss":0,"event_name":"Wheel of Change","floor":20,"gold_loss":0,"cards_obtained":["Decay"]},{"damage_healed":0,"gold_gain":0,"player_choice":"Stole Relic","damage_taken":0,"relics_obtained":["Ornamental Fan"],"max_hp_gain":0,"max_hp_loss":0,"event_name":"Addict","floor":22,"gold_loss":0,"cards_obtained":["Shame"]}],"is_beta":false,"boss_relics":[{"not_picked":["Runic Dome","Black Star"],"picked":"Philosopher\u0027s Stone"}],"items_purged_floors":[5,21],"is_endless":false,"potions_floor_spawned":[3,10,11],"killed_by":"Slavers","ascension_level":1}