{"gold_per_floor":[118,118,118,137,151,151,170,170,170,195,49,49,75,95,95,95],"floor_reached":16,"playtime":369,"items_purged":["Strike_G"],"score":215,"play_id":"3ae23394-7fd7-4e65-bf02-3c1092c53515","local_time":"20190107042454","is_ascension_mode":true,"campfire_choices":[{"data":"Neutralize","floor":6,"key":"SMITH"},{"data":"Crippling Poison","floor":8,"key":"SMITH"},{"data":"Deadly Poison","floor":12,"key":"SMITH"},{"data":"Blur","floor":15,"key":"SMITH"}],"neow_cost":"NONE","seed_source_timestamp":1257993914904683,"circlet_count":0,"master_deck":["AscendersBane","Defend_G","Defend_G","Defend_G","Defend_G","Strike_G","Strike_G","Survivor","Neutralize+1","Choke","Deadly Poison+1","Crippling Poison+1","Predator","Blur+1","Blur","Phantasmal Killer+1","Leg Sweep+1"],"relics":["Ring of the Snake","The Courier","Pear","Toxic Egg 2"],"potions_floor_usage":[11,13],"damage_taken":[{"damage":0,"enemies":"Cultist","floor":1,"turns":4},{"damage":0,"enemies":"2 Louse","floor":4,"turns":3},{"damage":1,"enemies":"Small Slimes","floor":5,"turns":3},{"damage":3,"enemies":"Looter","floor":7,"turns":3},{"damage":33,"enemies":"Gremlin Nob","floor":10,"turns":4},{"damage":5,"enemies":"Lagavulin","floor":13,"turns":6},{"damage":10,"enemies":"Large Slime","floor":14,"turns":5},{"damage":16,"enemies":"Hexaghost","floor":16,"turns":7}],"seed_played":"-8675323330869652518","potions_obtained":[{"floor":4,"key":"GamblersBrew"},{"floor":14,"key":"SpeedPotion"}],"is_trial":false,"path_per_floor":["M","?","?","M","M","R","M","R","T","E","$","R","E","M","R","B"],"character_chosen":"THE_SILENT","items_purchased":["Fruit Juice"],"campfire_rested":0,"item_purchase_floors":[11],"current_hp_per_floor":[59,52,52,52,51,51,48,48,48,25,30,30,25,15,15,0],"gold":95,"neow_bonus":"TRANSFORM_CARD","is_prod":false,"is_daily":false,"chose_seed":false,"campfire_upgraded":4,"win_rate":0,"timestamp":1546802694,"path_taken":["M","?","?","?","M","R","M","R","T","E","$","R","E","M","R","BOSS"],"build_version":"2019-01-03v4","purchased_purges":1,"victory":false,"max_hp_per_floor":[66,66,66,66,66,66,66,66,66,76,81,81,81,81,81,81],"card_choices":[{"not_picked":["Acrobatics","Backflip"],"picked":"Deadly Poison","floor":1},{"not_picked":["Acrobatics","Quick Slash"],"picked":"Crippling Poison","floor":4},{"not_picked":["Backflip","Cloak And Dagger"],"picked":"Predator","floor":5},{"not_picked":["Quick Slash","Riddle With Holes"],"picked":"Blur","floor":7},{"not_picked":["Flying Knee","Backstab"],"picked":"Blur","floor":10},{"not_picked":["Slice","Quick Slash"],"picked":"Phantasmal Killer","floor":13},{"not_picked":["Blur+1","Outmaneuver+1"],"picked":"Leg Sweep+1","floor":14}],"player_experience":840324,"relics_obtained":[{"floor":9,"key":"The Courier"},{"floor":10,"key":"Pear"},{"floor":13,"key":"Toxic Egg 2"}],"event_choices":[{"cards_removed":["Strike_G"],"damage_healed":0,"gold_gain":0,"player_choice":"Card Removal","damage_taken":7,"max_hp_gain":0,"max_hp_loss":0,"event_name":"Golden Wing","floor":2,"gold_loss":0},{"cards_removed":["Strike_G"],"damage_healed":0,"gold_gain":0,"player_choice":"Purged","damage_taken":0,"max_hp_gain":0,"max_hp_loss":0,"event_name":"Purifier","floor":3,"gold_loss":0}],"is_beta":false,"boss_relics":[],"items_purged_floors":[11],"is_endless":false,"potions_floor_spawned":[4,14],"killed_by":"Hexaghost","ascension_level":19}