{"gold_per_floor":[119,44,44,62,27,27,52,52,52,202,224,236,256,331,331,331],"floor_reached":16,"playtime":277,"items_purged":["Strike_G"],"score":234,"play_id":"a256e544-ee30-4c4e-9397-35230acce233","local_time":"20181223171029","is_ascension_mode":true,"campfire_choices":[{"data":"Neutralize","floor":6,"key":"SMITH"},{"data":"Noxious Fumes","floor":15,"key":"SMITH"}],"neow_cost":"NONE","seed_source_timestamp":7980153577068,"circlet_count":0,"master_deck":["AscendersBane","Defend_G","Defend_G","Defend_G","Defend_G","Defend_G","Strike_G+1","Strike_G","Strike_G","Strike_G","Survivor","Neutralize+1","Dagger Throw+1","Deflect","Blade Dance","Doubt","Backstab","Noxious Fumes+1","Deadly Poison"],"relics":["Ring of the Snake","NeowsBlessing","Dodecahedron","Smiling Mask","Odd Mushroom"],"potions_floor_usage":[11],"damage_taken":[{"damage":0,"enemies":"2 Louse","floor":1,"turns":1},{"damage":0,"enemies":"Small Slimes","floor":4,"turns":1},{"damage":0,"enemies":"Gremlin Nob","floor":7,"turns":1},{"damage":27,"enemies":"The Mushroom Lair","floor":11,"turns":6},{"damage":2,"enemies":"Jaw Worm","floor":12,"turns":2},{"damage":9,"enemies":"Large Slime","floor":13,"turns":7},{"damage":11,"enemies":"The Guardian","floor":16,"turns":9}],"seed_played":"-3112820474778324192","potions_obtained":[{"floor":1,"key":"SpeedPotion"},{"floor":7,"key":"Ancient Potion"},{"floor":12,"key":"Explosive Potion"}],"is_trial":false,"path_per_floor":["M","$","?","M","?","R","E","?","T","?","?","M","M","?","R","B"],"character_chosen":"THE_SILENT","items_purchased":[],"campfire_rested":0,"item_purchase_floors":[],"current_hp_per_floor":[59,59,39,39,55,55,55,60,60,60,33,31,22,11,11,0],"gold":331,"neow_bonus":"THREE_ENEMY_KILL","is_prod":false,"is_daily":false,"chose_seed":false,"campfire_upgraded":2,"win_rate":0,"timestamp":1545552629,"path_taken":["M","$","?","M","?","R","E","?","T","?","?","?","M","?","R","BOSS"],"build_version":"2018-12-20","purchased_purges":1,"victory":false,"max_hp_per_floor":[66,66,66,66,66,66,66,71,71,71,71,71,71,71,71,71],"card_choices":[{"not_picked":["Blade Dance","Cloak And Dagger"],"picked":"Dagger Throw","floor":1},{"not_picked":["Tactician","Catalyst"],"picked":"Deflect","floor":4},{"not_picked":["Choke","Backstab"],"picked":"Blade Dance","floor":7},{"not_picked":["Quick Slash","Prepared"],"picked":"Backstab","floor":11},{"not_picked":["Infinite Blades","Masterful Stab"],"picked":"Noxious Fumes","floor":12},{"not_picked":["Masterful Stab","Envenom"],"picked":"Deadly Poison","floor":13}],"player_experience":829236,"relics_obtained":[{"floor":7,"key":"Dodecahedron"},{"floor":9,"key":"Smiling Mask"},{"floor":11,"key":"Odd Mushroom"}],"event_choices":[{"damage_healed":0,"gold_gain":0,"player_choice":"Entered Light","damage_taken":20,"max_hp_gain":0,"max_hp_loss":0,"event_name":"Shining Light","floor":3,"gold_loss":0,"cards_upgraded":["Strike_G","Dagger Throw"]},{"damage_healed":16,"gold_gain":0,"player_choice":"Healed","damage_taken":0,"max_hp_gain":0,"max_hp_loss":0,"event_name":"The Cleric","floor":5,"gold_loss":35},{"damage_healed":0,"gold_gain":0,"player_choice":"Donut","damage_taken":0,"max_hp_gain":5,"max_hp_loss":0,"event_name":"Big Fish","floor":8,"gold_loss":0},{"damage_healed":0,"gold_gain":150,"player_choice":"AGREE","damage_taken":0,"max_hp_gain":0,"max_hp_loss":0,"event_name":"Liars Game","floor":10,"gold_loss":0,"cards_obtained":["Doubt"]},{"damage_healed":0,"gold_gain":0,"player_choice":"Fought Mushrooms","damage_taken":0,"max_hp_gain":0,"max_hp_loss":0,"event_name":"Mushrooms","floor":11,"gold_loss":0},{"damage_healed":0,"gold_gain":75,"player_choice":"Gather Gold","damage_taken":11,"max_hp_gain":0,"max_hp_loss":0,"event_name":"World of Goop","floor":14,"gold_loss":0}],"is_beta":false,"boss_relics":[],"items_purged_floors":[2],"is_endless":false,"potions_floor_spawned":[1,7,12],"killed_by":"The Guardian","ascension_level":18}