{"gold_per_floor":[109,126,126,126,51,51,85,85,108,108,123,123,143,168,168,261,261,234,234,259,275,53,92,111,111],"floor_reached":25,"playtime":1407,"items_purged":["Injury"],"score":379,"play_id":"2734f412-ada6-42b3-8b61-e0b058e82067","local_time":"20190216143136","is_ascension_mode":true,"campfire_choices":[{"data":"True Grit","floor":6,"key":"SMITH"},{"data":"Fiend Fire","floor":8,"key":"SMITH"},{"floor":10,"key":"REST"},{"data":"Havoc","floor":12,"key":"SMITH"},{"data":"Bash","floor":15,"key":"SMITH"}],"neow_cost":"NONE","seed_source_timestamp":136433279836060,"circlet_count":0,"master_deck":["AscendersBane","Strike_R","Strike_R","Defend_R","Defend_R","Defend_R","Defend_R","Bash+1","Fiend Fire+1","Flame Barrier","True Grit+1","Seeing Red","Havoc+1","Shrug It Off","Corruption","Reaper","Sword Boomerang+1","Sever Soul+1","Dropkick+1","Blood for Blood","Clothesline","Rupture","Offering"],"relics":["Burning Blood","Golden Idol","Ancient Tea Set","Bronze Scales","Astrolabe","PreservedInsect","Bag of Marbles"],"potions_floor_usage":[7,16,16,21,23,24,24],"damage_taken":[{"damage":14,"enemies":"Jaw Worm","floor":1,"turns":3},{"damage":8,"enemies":"2 Louse","floor":2,"turns":3},{"damage":45,"enemies":"3 Sentries","floor":7,"turns":16},{"damage":7,"enemies":"Small Slimes","floor":11,"turns":2},{"damage":1,"enemies":"Exordium Thugs","floor":13,"turns":4},{"damage":9,"enemies":"Lots of Slimes","floor":14,"turns":4},{"damage":34,"enemies":"Slime Boss","floor":16,"turns":8},{"damage":24,"enemies":"2 Thieves","floor":18,"turns":5},{"damage":13,"enemies":"Spheric Guardian","floor":20,"turns":4},{"damage":7,"enemies":"Chosen and Byrds","floor":21,"turns":5},{"damage":48,"enemies":"Gremlin Leader","floor":23,"turns":5},{"damage":6,"enemies":"Centurion and Healer","floor":24,"turns":5},{"damage":42,"enemies":"Cultist and Chosen","floor":25,"turns":4}],"seed_played":"-2923957415942255348","potions_obtained":[{"floor":1,"key":"SkillPotion"},{"floor":13,"key":"PowerPotion"},{"floor":14,"key":"Poison Potion"},{"floor":16,"key":"Ancient Potion"},{"floor":18,"key":"SpeedPotion"},{"floor":19,"key":"EntropicBrew"},{"floor":21,"key":"FearPotion"}],"is_trial":false,"path_per_floor":["M","M","?","?","$","R","E","R","T","R","M","R","M","M","R","B",null,"M","?","M","M","$","E","M","M"],"character_chosen":"IRONCLAD","items_purchased":["PreservedInsect","Rupture"],"campfire_rested":1,"item_purchase_floors":[22,22],"current_hp_per_floor":[60,58,63,63,63,63,24,24,24,48,47,47,52,49,49,21,65,55,55,48,53,53,25,25,0],"gold":111,"neow_bonus":"ONE_RANDOM_RARE_CARD","is_prod":false,"is_daily":false,"chose_seed":false,"campfire_upgraded":4,"win_rate":0,"timestamp":1550349096,"path_taken":["M","M","?","?","$","R","E","R","T","R","M","R","M","M","R","BOSS","M","?","?","M","?","E","M","?"],"build_version":"2019-01-23","purchased_purges":1,"victory":false,"max_hp_per_floor":[75,75,80,80,80,80,80,80,80,80,80,80,80,80,80,80,80,80,80,80,80,80,80,80,80],"card_choices":[{"not_picked":["Uppercut","Cleave"],"picked":"Flame Barrier","floor":1},{"not_picked":["Iron Wave","Dropkick"],"picked":"True Grit","floor":2},{"not_picked":["Twin Strike","Headbutt"],"picked":"Seeing Red","floor":7},{"not_picked":["Sever Soul","Heavy Blade"],"picked":"Havoc","floor":11},{"not_picked":["Flex","Searing Blow"],"picked":"Shrug It Off","floor":13},{"not_picked":["Seeing Red","Sword Boomerang"],"picked":"Corruption","floor":14},{"not_picked":["Dark Embrace","Brutality"],"picked":"Reaper","floor":16},{"not_picked":["Sever Soul+1","Clash"],"picked":"Blood for Blood","floor":18},{"not_picked":["Flex","Pommel Strike"],"picked":"Clothesline","floor":20},{"not_picked":["Searing Blow","Clash","Perfected Strike"],"picked":"SKIP","floor":21},{"not_picked":["Armaments","Cleave"],"picked":"Offering","floor":23},{"not_picked":["Flex+1","Burning Pact+1","Clothesline+1"],"picked":"SKIP","floor":24}],"player_experience":570916,"relics_obtained":[{"floor":7,"key":"Ancient Tea Set"},{"floor":9,"key":"Bronze Scales"},{"floor":23,"key":"Bag of Marbles"}],"event_choices":[{"damage_healed":0,"gold_gain":0,"player_choice":"Donut","damage_taken":0,"max_hp_gain":5,"max_hp_loss":0,"event_name":"Big Fish","floor":3,"gold_loss":0},{"damage_healed":0,"gold_gain":0,"player_choice":"Take Wound","damage_taken":0,"relics_obtained":["Golden Idol"],"max_hp_gain":0,"max_hp_loss":0,"event_name":"Golden Idol","floor":4,"gold_loss":0,"cards_obtained":["Injury"]},{"damage_healed":0,"gold_gain":0,"player_choice":"Got Potions","damage_taken":0,"max_hp_gain":0,"max_hp_loss":0,"event_name":"Lab","floor":19,"gold_loss":0}],"is_beta":false,"boss_relics":[{"not_picked":["Empty Cage","Orrery"],"picked":"Astrolabe"}],"items_purged_floors":[5],"is_endless":false,"potions_floor_spawned":[1,13,14,16,18,20,21],"killed_by":"Cultist and Chosen","ascension_level":14}