{"gold_per_floor":[116,41,6,25,35,63,63,63,90,90,119,137,37,49,49,153,153,173,88,100,66,80,80,80,98,98,98,125,136,136,183,183,283,283,296,314,189,200,0,0,0,20,66,84,84,118,118,118,118,118],"floor_reached":51,"playtime":3323,"items_purged":["Strike_B","Strike_B","Defend_B"],"score":949,"play_id":"62467cf1-41e1-4c3e-8ec3-35e88e997dbb","local_time":"20181023165244","is_ascension_mode":true,"campfire_choices":[{"data":"Hologram","floor":7.0,"key":"SMITH"},{"data":"Strike_B","floor":10.0,"key":"PURGE"},{"floor":15.0,"key":"REST"},{"data":"Dualcast","floor":23.0,"key":"PURGE"},{"data":"Echo Form","floor":27.0,"key":"SMITH"},{"data":"Hologram","floor":30.0,"key":"SMITH"},{"data":"Buffer","floor":32.0,"key":"SMITH"},{"data":"Streamline","floor":40.0,"key":"PURGE"},{"data":"Defend_B","floor":45.0,"key":"PURGE"},{"data":"Redo","floor":49,"key":"SMITH"}],"neow_cost":"NONE","seed_source_timestamp":0,"circlet_count":0,"master_deck":["Defend_B","Defend_B","Hologram+1","Gash","Cold Snap","Redo+1","Buffer+1","White Noise","Echo Form+1","Skim","Ghostly","Ghostly","Ghostly","Ghostly","Gash","Gash","Gash","Hologram+1","Seek","Scrape+1","Gash+1"],"special_seed":0,"relics":["Cracked Core","Bag of Preparation","Prayer Wheel","Peace Pipe","Centennial Puzzle","Oddly Smooth Stone","Empty Cage","MawBank","Boot","Letter Opener","Bronze Scales","Velvet Choker","Red Mask","Dream Catcher","Orichalcum"],"potions_floor_usage":[50,50],"damage_taken":[{"damage":1.0,"enemies":"Cultist","floor":1.0,"turns":3.0},{"damage":0.0,"enemies":"Small Slimes","floor":4.0,"turns":3.0},{"damage":10.0,"enemies":"Jaw Worm","floor":5.0,"turns":4.0},{"damage":17.0,"enemies":"Gremlin Nob","floor":6.0,"turns":4.0},{"damage":11.0,"enemies":"3 Sentries","floor":11.0,"turns":5.0},{"damage":0.0,"enemies":"Exordium Wildlife","floor":12.0,"turns":5.0},{"damage":0.0,"enemies":"2 Fungi Beasts","floor":14.0,"turns":4.0},{"damage":39.0,"enemies":"Hexaghost","floor":16.0,"turns":10.0},{"damage":19.0,"enemies":"Shell Parasite","floor":18.0,"turns":6.0},{"damage":1.0,"enemies":"2 Thieves","floor":22.0,"turns":4.0},{"damage":3.0,"enemies":"3 Cultists","floor":25.0,"turns":6.0},{"damage":16.0,"enemies":"Slavers","floor":28.0,"turns":9.0},{"damage":0.0,"enemies":"Snake Plant","floor":29.0,"turns":5.0},{"damage":1.0,"enemies":"Champ","floor":33.0,"turns":9.0},{"damage":2.0,"enemies":"3 Shapes","floor":35.0,"turns":6.0},{"damage":0.0,"enemies":"Orb Walker","floor":36.0,"turns":4.0},{"damage":7.0,"enemies":"3 Darklings","floor":38.0,"turns":5.0},{"damage":0.0,"enemies":"Maw","floor":42.0,"turns":7.0},{"damage":2.0,"enemies":"Transient","floor":44.0,"turns":5.0},{"damage":0.0,"enemies":"Giant Head","floor":46.0,"turns":7.0},{"damage":0,"enemies":"Time Eater","floor":50,"turns":9}],"seed_played":"-9020801750647870439","potions_obtained":[{"floor":1.0,"key":"Weak Potion"},{"floor":6.0,"key":"AttackPotion"},{"floor":11.0,"key":"Poison Potion"},{"floor":16.0,"key":"LiquidBronze"},{"floor":28.0,"key":"FocusPotion"},{"floor":33.0,"key":"SpeedPotion"},{"floor":36.0,"key":"Energy Potion"},{"floor":42.0,"key":"Swift Potion"},{"floor":46,"key":"Ancient Potion"}],"is_trial":false,"path_per_floor":["M","$","?","M","M","E","R","T","T","R","E","M","$","M","R","B",null,"M","?","?","$","M","R","$","M","T","R","E","M","R","T","R","B",null,"M","M","$","M","?","R","$","M","T","M","R","E","?","$","R","B"],"character_chosen":"DEFECT","items_purchased":["Gash"],"campfire_rested":1,"item_purchase_floors":[21],"current_hp_per_floor":[74,74,75,75,65,48,48,48,48,48,37,37,37,37,59,20,75,56,56,37,37,36,36,36,33,33,33,17,17,17,17,17,16,37,35,35,35,28,28,28,28,28,28,26,26,26,26,26,26,26],"gold":118,"neow_bonus":"RANDOM_COMMON_RELIC","is_prod":false,"is_daily":false,"chose_seed":false,"campfire_upgraded":5,"win_rate":0,"timestamp":1540275764,"path_taken":["M","?","?","M","M","E","R","?","T","R","E","M","$","M","R","BOSS","M","?","?","$","?","R","?","M","T","R","E","?","R","?","R","BOSS","M","M","$","M","?","R","?","M","T","M","R","E","?","$","R","BOSS"],"build_version":"2018-10-18","purchased_purges":3,"victory":true,"max_hp_per_floor":[75,75,75,75,75,75,75,75,75,75,75,75,75,75,75,75,75,75,75,37,37,37,37,37,37,37,37,37,37,37,37,37,37,37,37,37,37,37,37,37,37,37,37,37,37,37,37,37,37,37],"card_choices":[{"not_picked":["Double Energy","Turbo"],"picked":"Hologram","floor":1.0},{"not_picked":["Defragment","Sweeping Beam"],"picked":"Gash","floor":4.0},{"not_picked":["Steam","Go for the Eyes"],"picked":"Cold Snap","floor":5.0},{"not_picked":["Chaos","Reinforced Body"],"picked":"Redo","floor":6.0},{"not_picked":["Steam","Ball Lightning"],"picked":"Buffer","floor":11.0},{"not_picked":["Undo","Go for the Eyes"],"picked":"White Noise","floor":12.0},{"not_picked":["Compile Driver","Melter","Undo"],"picked":"SKIP","floor":12.0},{"not_picked":["Leap","Reprogram"],"picked":"Streamline","floor":14.0},{"not_picked":["Loop","Sunder","Turbo"],"picked":"SKIP","floor":14.0},{"not_picked":["Fission","Hyperbeam"],"picked":"Echo Form","floor":16.0},{"not_picked":["Consume+1","Steam"],"picked":"Skim","floor":18.0},{"not_picked":["Steam Power","Force Field","Ball Lightning"],"picked":"SKIP","floor":18.0},{"not_picked":["Tempest","Compile Driver"],"picked":"Gash","floor":22.0},{"not_picked":["Turbo+1","Static Discharge","Recycle+1"],"picked":"SKIP","floor":22.0},{"not_picked":["Redo","Coolheaded+1","Genetic Algorithm"],"picked":"SKIP","floor":25.0},{"not_picked":["Cold Snap","Steam Power+1","Genetic Algorithm"],"picked":"SKIP","floor":25.0},{"not_picked":["Force Field+1","Stack+1"],"picked":"Gash","floor":28.0},{"not_picked":["Darkness","Leap"],"picked":"Hologram","floor":29.0},{"not_picked":["Self Repair","Barrage","Capacitor"],"picked":"SKIP","floor":29.0},{"not_picked":["Rainbow","Electrodynamics"],"picked":"Seek","floor":33.0},{"not_picked":["Hologram","Tempest"],"picked":"Scrape+1","floor":35.0},{"not_picked":["Redo","Cold Snap+1","BootSequence+1"],"picked":"SKIP","floor":35.0},{"not_picked":["Beam Cell+1","Reinforced Body","Rebound"],"picked":"SKIP","floor":36.0},{"not_picked":["Tempest","Go for the Eyes","Steam"],"picked":"SKIP","floor":36.0},{"not_picked":["Stack","Conserve Battery"],"picked":"Gash+1","floor":38.0},{"not_picked":["Beam Cell+1","Conserve Battery+1","Go for the Eyes"],"picked":"SKIP","floor":38.0},{"not_picked":["Buffer","Compile Driver","Conserve Battery"],"picked":"SKIP","floor":42.0},{"not_picked":["Glacier","Lockon+1","Redo"],"picked":"SKIP","floor":42.0},{"not_picked":["Ball Lightning","Cold Snap+1","Streamline+1"],"picked":"SKIP","floor":44.0},{"not_picked":["Static Discharge+1","Rip and Tear","Blizzard"],"picked":"SKIP","floor":44.0},{"not_picked":["Leap+1","Consume+1","Darkness+1"],"picked":"SKIP","floor":46}],"player_experience":337850,"relics_obtained":[{"floor":6.0,"key":"Prayer Wheel"},{"floor":8.0,"key":"Peace Pipe"},{"floor":9.0,"key":"Centennial Puzzle"},{"floor":11.0,"key":"Oddly Smooth Stone"},{"floor":26.0,"key":"Boot"},{"floor":28.0,"key":"Letter Opener"},{"floor":31.0,"key":"Bronze Scales"},{"floor":43.0,"key":"Dream Catcher"},{"floor":46,"key":"Orichalcum"}],"event_choices":[{"damage_healed":18.0,"max_hp_gain":0.0,"max_hp_loss":0.0,"gold_gain":0.0,"event_name":"The Cleric","player_choice":"Healed","floor":3.0,"gold_loss":35.0,"damage_taken":0.0},{"damage_healed":0.0,"max_hp_gain":0.0,"max_hp_loss":0.0,"gold_gain":0.0,"event_name":"Addict","player_choice":"Obtained Relic","floor":19.0,"gold_loss":85.0,"damage_taken":0.0,"relics_obtained":["MawBank"]},{"damage_healed":0.0,"max_hp_gain":0.0,"max_hp_loss":38.0,"gold_gain":0.0,"event_name":"Ghosts","player_choice":"Became a Ghost","floor":20.0,"gold_loss":0.0,"damage_taken":0.0,"cards_obtained":["Ghostly","Ghostly","Ghostly","Ghostly","Ghostly"]},{"damage_healed":0.0,"max_hp_gain":0.0,"max_hp_loss":0.0,"gold_gain":0.0,"event_name":"Tomb of Lord Red Mask","player_choice":"Paid","floor":39.0,"gold_loss":200.0,"damage_taken":0.0,"relics_obtained":["Red Mask"]},{"cards_removed":["Ghostly"],"damage_healed":0,"gold_gain":0,"player_choice":"Removed Skill","damage_taken":0,"max_hp_gain":0,"max_hp_loss":0,"event_name":"Falling","floor":47,"gold_loss":0}],"is_beta":false,"boss_relics":[{"not_picked":["Orrery","Nuclear Battery"],"picked":"Empty Cage"},{"not_picked":["Inserter","Snecko Eye"],"picked":"Velvet Choker"}],"items_purged_floors":[2,13,37],"is_endless":false,"potions_floor_spawned":[1,6,11,16,28,33,36,42,46],"ascension_level":4}