{"gold_per_floor":[111,131,131,131,147,147,166,166,190,225,225,225],"floor_reached":12,"playtime":220,"items_purged":[],"score":155,"play_id":"c4d90632-dc2b-45c7-9be6-738955c9c866","local_time":"20181217212316","is_ascension_mode":true,"campfire_choices":[{"data":"Zap","floor":6,"key":"SMITH"},{"data":"Defragment","floor":8,"key":"SMITH"},{"floor":11,"key":"REST"}],"neow_cost":"NONE","seed_source_timestamp":357419748810445,"circlet_count":0,"master_deck":["AscendersBane","Strike_B","Strike_B","Strike_B","Strike_B","Defend_B","Defend_B","Defend_B","Defend_B","Zap+1","Dualcast","Defragment","Sweeping Beam","Defragment+1","Reboot"],"relics":["Cracked Core","Bag of Marbles","Golden Idol","Spirit Poop","Vajra","Regal Pillow"],"potions_floor_usage":[10,12,12],"damage_taken":[{"damage":2,"enemies":"Jaw Worm","floor":1,"turns":3},{"damage":2,"enemies":"2 Louse","floor":2,"turns":2},{"damage":1,"enemies":"Cultist","floor":5,"turns":4},{"damage":16,"enemies":"Blue Slaver","floor":7,"turns":3},{"damage":25,"enemies":"Lagavulin","floor":10,"turns":6},{"damage":54,"enemies":"Gremlin Nob","floor":12,"turns":4}],"seed_played":"-7387200602889771098","potions_obtained":[{"floor":2,"key":"EssenceOfSteel"},{"floor":5,"key":"SkillPotion"},{"floor":10,"key":"FearPotion"}],"is_trial":false,"path_per_floor":["M","M","?","?","M","R","M","R","T","E","R","E"],"character_chosen":"DEFECT","items_purchased":[],"campfire_rested":1,"item_purchase_floors":[],"current_hp_per_floor":[62,60,60,60,59,59,43,43,43,18,54,0],"gold":225,"neow_bonus":"RANDOM_COMMON_RELIC","is_prod":false,"is_daily":false,"chose_seed":false,"campfire_upgraded":2,"win_rate":0,"timestamp":1545049396,"path_taken":["M","M","?","?","M","R","M","R","T","E","R","E"],"build_version":"2018-12-13","purchased_purges":0,"victory":false,"max_hp_per_floor":[71,71,71,71,71,71,71,71,71,71,71,71],"card_choices":[{"not_picked":["Rebound","Gash","Double Energy"],"picked":"SKIP","floor":1},{"not_picked":["Static Discharge","Stack"],"picked":"Defragment","floor":2},{"not_picked":["Steam","Turbo"],"picked":"Sweeping Beam","floor":5},{"not_picked":["Hello World","Hologram"],"picked":"Defragment","floor":7},{"not_picked":["Rip and Tear","Sweeping Beam"],"picked":"Reboot","floor":10}],"player_experience":809863,"relics_obtained":[{"floor":9,"key":"Vajra"},{"floor":10,"key":"Regal Pillow"}],"event_choices":[{"damage_healed":0,"gold_gain":0,"player_choice":"Take Wound","damage_taken":0,"relics_obtained":["Golden Idol"],"max_hp_gain":0,"max_hp_loss":0,"event_name":"Golden Idol","floor":3,"gold_loss":0,"cards_obtained":["Injury"]},{"cards_removed":["Injury"],"damage_healed":0,"gold_gain":0,"player_choice":"Offered Curse","damage_taken":0,"relics_obtained":["Spirit Poop"],"max_hp_gain":0,"max_hp_loss":0,"event_name":"Bonfire Elementals","floor":4,"gold_loss":0}],"is_beta":false,"boss_relics":[],"items_purged_floors":[],"is_endless":false,"potions_floor_spawned":[2,5,10],"killed_by":"Gremlin Nob","ascension_level":20}