{"gold_per_floor":[113,263,338,390,110,110,110,127,127,127,145,65,65,99,99,174,174,194,213,113,113,28,28,62,62,109,123,123,123,123,150,150,228,228,248,248,46,0,18,50,50,50,125,145,157,157,157],"floor_reached":47,"playtime":1770,"items_purged":["Doubt","Reckless Charge","Writhe"],"score":995,"play_id":"e4fcdf45-0dd6-41bf-b106-3b50025093c0","local_time":"20190215162216","is_ascension_mode":true,"campfire_choices":[{"data":"Flame Barrier","floor":7.0,"key":"SMITH"},{"floor":10.0,"key":"REST"},{"data":"Feel No Pain","floor":15.0,"key":"SMITH"},{"data":"Demon Form","floor":23.0,"key":"SMITH"},{"data":"Panacea","floor":29.0,"key":"SMITH"},{"floor":32.0,"key":"REST"},{"data":"Limit Break","floor":42,"key":"SMITH"}],"neow_cost":"NONE","seed_source_timestamp":20337448722865,"circlet_count":0,"master_deck":["AscendersBane","Strike_R","Strike_R","Strike_R","Strike_R","Strike_R","Defend_R","Defend_R","Defend_R","Defend_R+1","Bash+1","Flame Barrier+1","Clothesline","Panacea+1","Corruption","Feel No Pain+1","Seeing Red+1","Demon Form+1","Iron Wave","Warcry","Bloodletting","Limit Break+1","Disarm","Havoc","Impervious","Reaper","Bash"],"special_seed":0,"relics":["Burning Blood","Matryoshka","Orichalcum","Pear","Potion Belt","Snecko Eye","Sundial","Gremlin Horn","Oddly Smooth Stone","War Paint","Happy Flower","NlothsMask","Question Card","Coffee Dripper","Red Mask","Strawberry"],"potions_floor_usage":[40,47],"damage_taken":[{"damage":2.0,"enemies":"2 Louse","floor":1.0,"turns":3.0},{"damage":11.0,"enemies":"Small Slimes","floor":8.0,"turns":3.0},{"damage":6.0,"enemies":"Jaw Worm","floor":11.0,"turns":2.0},{"damage":5.0,"enemies":"Lagavulin","floor":14.0,"turns":7.0},{"damage":65.0,"enemies":"Slime Boss","floor":16.0,"turns":15.0},{"damage":0.0,"enemies":"Chosen","floor":18.0,"turns":6.0},{"damage":0.0,"enemies":"2 Thieves","floor":19.0,"turns":3.0},{"damage":21.0,"enemies":"Slavers","floor":24.0,"turns":5.0},{"damage":10.0,"enemies":"Snecko","floor":27.0,"turns":5.0},{"damage":22.0,"enemies":"Book of Stabbing","floor":31.0,"turns":5.0},{"damage":60.0,"enemies":"Automaton","floor":33.0,"turns":10.0},{"damage":0.0,"enemies":"3 Shapes","floor":35.0,"turns":5.0},{"damage":6.0,"enemies":"Orb Walker","floor":39.0,"turns":5.0},{"damage":68,"enemies":"Giant Head","floor":40,"turns":8},{"damage":2,"enemies":"Transient","floor":44,"turns":6},{"damage":20,"enemies":"4 Shapes","floor":45,"turns":7},{"damage":83,"enemies":"Reptomancer","floor":47,"turns":3}],"seed_played":"4043347750289440974","potions_obtained":[{"floor":1.0,"key":"LiquidBronze"},{"floor":11.0,"key":"Energy Potion"},{"floor":14.0,"key":"Strength Potion"},{"floor":19.0,"key":"PowerPotion"},{"floor":27.0,"key":"Ancient Potion"},{"floor":31.0,"key":"Fire Potion"},{"floor":44,"key":"FairyPotion"},{"floor":46,"key":"Block Potion"},{"floor":46,"key":"EssenceOfSteel"}],"is_trial":false,"path_per_floor":["M","?","?","?","$","?","R","M","T","R","M","$","?","E","R","B",null,"M","M","$","?","?","R","E","?","T","M","?","R","$","E","R","B",null,"M","?","$","?","M","E","?","R","T","M","M","?","E"],"character_chosen":"IRONCLAD","items_purchased":["Flame Barrier","Clothesline","Panacea","Feel No Pain","Disarm"],"campfire_rested":2,"item_purchase_floors":[5,5,5,12,37],"current_hp_per_floor":[72,72,61,61,61,50,50,45,55,80,80,80,85,85,85,26,70,76,82,82,82,82,82,67,67,67,63,63,63,63,47,72,18,68,74,74,74,74,74,19,19,19,19,33,67,67,0],"gold":157,"neow_bonus":"UPGRADE_CARD","is_prod":false,"is_daily":false,"chose_seed":false,"campfire_upgraded":5,"win_rate":0,"timestamp":1550272936,"path_taken":["M","?","?","?","$","?","R","M","T","R","?","?","?","E","R","BOSS","M","M","$","?","?","R","E","?","T","M","?","R","$","E","R","BOSS","M","?","$","?","M","E","?","R","T","M","?","?","E"],"build_version":"2019-01-23","purchased_purges":3,"victory":false,"max_hp_per_floor":[75,75,75,75,75,75,75,75,85,85,85,85,85,85,85,85,85,85,85,85,85,85,85,85,85,85,85,85,85,85,85,85,85,85,85,85,85,85,85,92,92,92,92,92,92,92,92],"card_choices":[{"not_picked":["Rupture","Clash"],"picked":"Reckless Charge","floor":1.0},{"not_picked":["Sentinel","Pummel","Anger"],"picked":"SKIP","floor":8.0},{"not_picked":["Pummel","Twin Strike"],"picked":"Corruption","floor":11.0},{"not_picked":["Heavy Blade","Reckless Charge"],"picked":"Seeing Red","floor":14.0},{"not_picked":["Brutality","Impervious"],"picked":"Demon Form","floor":16.0},{"not_picked":["Carnage","Dropkick","Hemokinesis"],"picked":"SKIP","floor":18.0},{"not_picked":["Wild Strike","Anger","Thunderclap"],"picked":"SKIP","floor":19.0},{"not_picked":["Combust","Clash"],"picked":"Iron Wave","floor":24.0},{"not_picked":["Rampage+1","Flex"],"picked":"Warcry","floor":27.0},{"not_picked":["Sever Soul","Iron Wave"],"picked":"Bloodletting","floor":31.0},{"not_picked":["Demon Form","Juggernaut","Bludgeon"],"picked":"Limit Break","floor":33.0},{"not_picked":["Armaments","Clash","Wild Strike+1","Clothesline+1"],"picked":"SKIP","floor":35.0},{"not_picked":["Twin Strike+1","Dual Wield","Thunderclap+1"],"picked":"Havoc","floor":39.0},{"not_picked":["Pummel","Battle Trance","Clothesline+1"],"picked":"Impervious","floor":40},{"not_picked":["Rampage","Heavy Blade+1","Twin Strike","Anger"],"picked":"SKIP","floor":44},{"not_picked":["Armaments","Havoc","Reckless Charge","Burning Pact"],"picked":"SKIP","floor":45}],"player_experience":839868,"relics_obtained":[{"floor":9.0,"key":"Orichalcum"},{"floor":9.0,"key":"Pear"},{"floor":14.0,"key":"Potion Belt"},{"floor":24.0,"key":"Gremlin Horn"},{"floor":26.0,"key":"War Paint"},{"floor":26.0,"key":"Happy Flower"},{"floor":31.0,"key":"Question Card"},{"floor":40,"key":"Strawberry"}],"event_choices":[{"damage_healed":0.0,"max_hp_gain":0.0,"max_hp_loss":0.0,"gold_gain":150.0,"event_name":"Liars Game","player_choice":"AGREE","floor":2.0,"gold_loss":0.0,"damage_taken":0.0,"cards_obtained":["Doubt"]},{"damage_healed":0.0,"max_hp_gain":0.0,"max_hp_loss":0.0,"gold_gain":75.0,"event_name":"World of Goop","player_choice":"Gather Gold","floor":3.0,"gold_loss":0.0,"damage_taken":11.0},{"damage_healed":0.0,"max_hp_gain":0.0,"max_hp_loss":0.0,"gold_gain":52.0,"event_name":"Golden Wing","player_choice":"Gained Gold","floor":4.0,"gold_loss":0.0,"damage_taken":0.0},{"damage_healed":0.0,"max_hp_gain":0.0,"max_hp_loss":0.0,"gold_gain":0.0,"event_name":"Scrap Ooze","player_choice":"Success","floor":6.0,"gold_loss":0.0,"damage_taken":11.0,"relics_obtained":["Matryoshka"]},{"damage_healed":5.0,"max_hp_gain":0.0,"max_hp_loss":0.0,"gold_gain":0.0,"event_name":"Wheel of Change","player_choice":"Full Heal","floor":13.0,"gold_loss":0.0,"damage_taken":0.0},{"damage_healed":0.0,"max_hp_gain":0.0,"max_hp_loss":0.0,"gold_gain":0.0,"event_name":"Ghosts","player_choice":"Ignored","floor":21.0,"gold_loss":0.0,"damage_taken":0.0},{"damage_healed":0.0,"max_hp_gain":0.0,"max_hp_loss":0.0,"gold_gain":0.0,"event_name":"Addict","player_choice":"Obtained Relic","floor":22.0,"gold_loss":85.0,"damage_taken":0.0,"relics_obtained":["Sundial"]},{"damage_healed":0.0,"max_hp_gain":0.0,"max_hp_loss":0.0,"gold_gain":0.0,"event_name":"The Mausoleum","player_choice":"Opened","floor":25.0,"gold_loss":0.0,"damage_taken":0.0,"relics_obtained":["Oddly Smooth Stone"],"cards_obtained":["Writhe"]},{"damage_healed":0.0,"max_hp_gain":0.0,"max_hp_loss":0.0,"gold_gain":0.0,"event_name":"FaceTrader","player_choice":"Trade","floor":28.0,"gold_loss":0.0,"damage_taken":0.0,"relics_obtained":["NlothsMask"]},{"damage_healed":0.0,"max_hp_gain":0.0,"max_hp_loss":0.0,"gold_gain":0.0,"event_name":"Mysterious Sphere","player_choice":"Ignored","floor":36.0,"gold_loss":0.0,"damage_taken":0.0},{"damage_healed":0.0,"max_hp_gain":0.0,"max_hp_loss":0.0,"gold_gain":0.0,"event_name":"Tomb of Lord Red Mask","player_choice":"Paid","floor":38.0,"gold_loss":46.0,"damage_taken":0.0,"relics_obtained":["Red Mask"]},{"damage_healed":0,"gold_gain":0,"player_choice":"2 cards matched","damage_taken":0,"max_hp_gain":0,"max_hp_loss":0,"event_name":"Match and Keep!","floor":41,"gold_loss":0,"cards_obtained":["Reaper","Bash"]},{"damage_healed":0,"gold_gain":0,"player_choice":"Got Potions","damage_taken":0,"max_hp_gain":0,"max_hp_loss":0,"event_name":"Lab","floor":46,"gold_loss":0}],"is_beta":false,"boss_relics":[{"not_picked":["Velvet Choker","Ectoplasm"],"picked":"Snecko Eye"},{"not_picked":["Calling Bell","Black Star"],"picked":"Coffee Dripper"}],"items_purged_floors":[5,20,37],"is_endless":false,"potions_floor_spawned":[1,11,14,19,27,31,44],"killed_by":"Reptomancer","ascension_level":20}