{"gold_per_floor":[111,111,124,25,36,50,50,62,62,62,78,104,4,20,20,116,116,133,160,160,179,193,226,226,53,53,53,88,108,108],"floor_reached":30,"playtime":1477,"items_purged":["Strike_B","Regret","Strike_B"],"score":297,"play_id":"bc1c0b9f-1667-48a0-a559-7187e7a1d698","local_time":"20180906151743","is_ascension_mode":false,"campfire_choices":[{"data":"Streamline","floor":7,"key":"SMITH"},{"data":"Gash","floor":10,"key":"SMITH"},{"data":"Dualcast","floor":15,"key":"SMITH"},{"floor":24,"key":"REST"},{"floor":27,"key":"REST"}],"neow_cost":"PERCENT_DAMAGE","seed_source_timestamp":804939698281030,"circlet_count":0,"master_deck":["Strike_B","Strike_B","Defend_B+1","Defend_B","Defend_B","Defend_B","Zap+1","Dualcast+1","Auto Shields","Conserve Battery","Gash+1","Ball Lightning+1","Streamline+1","BootSequence","Ball Lightning+1","Self Repair","Creative AI","Redo+1","Rip and Tear+1","Storm+1","Gash","Auto Shields+1"],"relics":["Cracked Core","War Paint","Cables","StoneCalendar","Sozu","Vajra","Singing Bowl","Whetstone","Regal Pillow"],"potions_floor_usage":[12,16,16,23,30],"damage_taken":[{"damage":0,"enemies":"Small Slimes","floor":1,"turns":3},{"damage":2,"enemies":"Jaw Worm","floor":3,"turns":2},{"damage":2,"enemies":"2 Louse","floor":5,"turns":4},{"damage":3,"enemies":"Red Slaver","floor":6,"turns":3},{"damage":9,"enemies":"Exordium Wildlife","floor":8,"turns":4},{"damage":0,"enemies":"Looter","floor":11,"turns":2},{"damage":16,"enemies":"Gremlin Nob","floor":12,"turns":3},{"damage":3,"enemies":"Exordium Thugs","floor":14,"turns":3},{"damage":26,"enemies":"The Guardian","floor":16,"turns":8},{"damage":20,"enemies":"Spheric Guardian","floor":18,"turns":4},{"damage":9,"enemies":"Shell Parasite","floor":21,"turns":4},{"damage":46,"enemies":"Sentry and Sphere","floor":22,"turns":6},{"damage":32,"enemies":"Book of Stabbing","floor":23,"turns":4},{"damage":51,"enemies":"Gremlin Leader","floor":28,"turns":6},{"damage":19,"enemies":"Snake Plant","floor":29,"turns":4},{"damage":11,"enemies":"Shelled Parasite and Fungi","floor":30,"turns":2}],"seed_played":"7314628500409406019","potions_obtained":[{"floor":1,"key":"GamblersBrew"},{"floor":6,"key":"FearPotion"},{"floor":12,"key":"SteroidPotion"},{"floor":14,"key":"Explosive Potion"},{"floor":16,"key":"LiquidBronze"}],"is_trial":false,"path_per_floor":["M","?","M","$","M","M","R","M","T","R","M","E","$","M","R","B",null,"M","T","?","M","M","E","R","$","T","R","E","M"],"character_chosen":"DEFECT","items_purchased":["Gash","Gash"],"campfire_rested":2,"item_purchase_floors":[4,25],"current_hp_per_floor":[65,65,63,63,61,58,58,49,49,49,49,33,33,30,30,11,89,76,76,76,74,35,10,36,36,36,62,20,8,0],"gold":108,"neow_bonus":"TWENTY_PERCENT_HP_BONUS","is_prod":false,"is_daily":false,"chose_seed":false,"campfire_upgraded":3,"win_rate":0,"timestamp":1536212863,"path_taken":["M","?","M","$","?","M","R","M","T","R","M","E","$","M","R","BOSS","M","?","?","?","?","E","R","$","T","R","E","M","?"],"build_version":"2018-08-30","purchased_purges":3,"victory":false,"max_hp_per_floor":[89,89,89,89,89,89,89,89,89,89,89,89,89,89,89,89,89,89,89,89,89,89,89,89,89,89,89,91,91,91],"card_choices":[{"not_picked":["Sweeping Beam","Self Repair"],"picked":"Auto Shields","floor":1},{"not_picked":["Stack","Darkness"],"picked":"Conserve Battery","floor":3},{"not_picked":["Go for the Eyes","Barrage"],"picked":"Ball Lightning","floor":5},{"not_picked":["Auto Shields","Skim"],"picked":"Streamline","floor":6},{"not_picked":["Fusion","Leap"],"picked":"BootSequence","floor":8},{"not_picked":["Reprogram","Hologram"],"picked":"Ball Lightning","floor":11},{"not_picked":["Leap","Undo","Chaos"],"picked":"SKIP","floor":12},{"not_picked":["Coolheaded","Aggregate"],"picked":"Self Repair","floor":14},{"not_picked":["Biased Cognition","Meteor Strike"],"picked":"Creative AI","floor":16},{"not_picked":["Tempest","Sunder+1"],"picked":"Redo+1","floor":18},{"not_picked":["Glacier+1","Fusion"],"picked":"Rip and Tear+1","floor":21},{"not_picked":["Sweeping Beam","Recycle","Rip and Tear"],"picked":"SKIP","floor":22},{"not_picked":["Stack","Reinforced Body"],"picked":"Storm+1","floor":23},{"not_picked":["Static Discharge","Glacier","Genetic Algorithm"],"picked":"Singing Bowl","floor":28},{"not_picked":["Ball Lightning","Sweeping Beam+1"],"picked":"Auto Shields+1","floor":29}],"player_experience":137512,"relics_obtained":[{"floor":9,"key":"Cables"},{"floor":12,"key":"StoneCalendar"},{"floor":19,"key":"Vajra"},{"floor":23,"key":"Singing Bowl"},{"floor":26,"key":"Whetstone"},{"floor":28,"key":"Regal Pillow"}],"event_choices":[{"event_name":"Big Fish","player_choice":"Box","floor":2,"damage_taken":0},{"event_name":"Vampires","player_choice":"Ignored","floor":20,"damage_taken":0}],"is_beta":false,"boss_relics":[{"not_picked":["Ectoplasm","White Beast Statue"],"picked":"Sozu"}],"items_purged_floors":[4,13,25],"is_endless":false,"potions_floor_spawned":[1,6,12,14,16,18,22,28],"killed_by":"Shelled Parasite and Fungi","ascension_level":0}