{"gold_per_floor":[115,128,57,68,243,243,8,19,44,44,60,71,71,87,87,183,183,195,120,130,130,130],"floor_reached":22,"playtime":916,"items_purged":["Doubt"],"score":274,"play_id":"7923d49b-bc8b-4037-ae6e-8bf6c2db91ff","local_time":"20181018152321","is_ascension_mode":true,"campfire_choices":[{"data":"Hello World","floor":6,"key":"SMITH"},{"data":"Buffer","floor":10,"key":"SMITH"},{"data":"White Noise","floor":15,"key":"SMITH"}],"neow_cost":"TEN_PERCENT_HP_LOSS","seed_source_timestamp":111733077352256,"circlet_count":0,"master_deck":["Strike_B","Strike_B","Strike_B","Defend_B","Defend_B","Defend_B","Zap","Dualcast","Reinforced Body","Force Field","Gash","Hello World+1","Cold Snap","Buffer+1","White Noise+1","Coolheaded","Core Surge","Streamline"],"relics":["Cracked Core","Lantern","Pen Nib","Runic Pyramid"],"potions_floor_usage":[16,16,16],"damage_taken":[{"damage":0,"enemies":"Cultist","floor":1,"turns":3},{"damage":8,"enemies":"Small Slimes","floor":2,"turns":3},{"damage":2,"enemies":"Jaw Worm","floor":4,"turns":3},{"damage":13,"enemies":"Gremlin Gang","floor":8,"turns":5},{"damage":9,"enemies":"Looter","floor":11,"turns":3},{"damage":0,"enemies":"2 Fungi Beasts","floor":12,"turns":3},{"damage":13,"enemies":"Blue Slaver","floor":14,"turns":4},{"damage":0,"enemies":"Slime Boss","floor":16,"turns":8},{"damage":40,"enemies":"3 Byrds","floor":18,"turns":7},{"damage":0,"enemies":"Chosen","floor":20,"turns":5},{"damage":39,"enemies":"3 Cultists","floor":22,"turns":4}],"seed_played":"-2287870211617045938","potions_obtained":[{"floor":4,"key":"LiquidBronze"},{"floor":11,"key":"SkillPotion"},{"floor":14,"key":"Regen Potion"},{"floor":20,"key":"SkillPotion"}],"is_trial":false,"path_per_floor":["M","M","$","M","?","R","$","M","T","R","M","M","$","M","R","B",null,"M","$","M","?"],"character_chosen":"DEFECT","items_purchased":["Hello World","Buffer","Lantern"],"campfire_rested":0,"item_purchase_floors":[3,7,7],"current_hp_per_floor":[68,60,60,58,58,58,58,45,45,45,36,36,36,23,23,38,68,28,28,28,28,0],"gold":130,"neow_bonus":"TRANSFORM_TWO_CARDS","is_prod":false,"is_daily":false,"chose_seed":false,"campfire_upgraded":3,"win_rate":0,"timestamp":1539838401,"path_taken":["M","M","$","?","?","R","?","M","T","R","M","M","$","?","R","BOSS","M","$","M","?","M"],"build_version":"2018-10-11","purchased_purges":1,"victory":false,"max_hp_per_floor":[68,68,68,68,68,68,68,68,68,68,68,68,68,68,68,68,68,68,68,68,68,68],"card_choices":[{"not_picked":["Redo","Beam Cell"],"picked":"Doom and Gloom","floor":1},{"not_picked":["Stack","Barrage"],"picked":"Gash","floor":2},{"not_picked":["Chaos","Leap"],"picked":"Cold Snap","floor":4},{"not_picked":["Recycle","Turbo","Leap"],"picked":"SKIP","floor":8},{"not_picked":["Reprogram","Steam"],"picked":"White Noise","floor":11},{"not_picked":["Rebound","Lockon","Undo"],"picked":"SKIP","floor":12},{"not_picked":["Steam Power","Hologram"],"picked":"Coolheaded","floor":14},{"not_picked":["Reboot","Rainbow"],"picked":"Core Surge","floor":16},{"not_picked":["Beam Cell","Leap","Hologram"],"picked":"SKIP","floor":18},{"not_picked":["Hologram","Sweeping Beam"],"picked":"Streamline","floor":20}],"player_experience":307107,"relics_obtained":[{"floor":9,"key":"Pen Nib"}],"event_choices":[{"event_name":"Liars Game","player_choice":"agreed","floor":5,"damage_taken":0},{"event_name":"Purifier","player_choice":"One Purge","floor":21,"damage_taken":0}],"is_beta":false,"boss_relics":[{"not_picked":["Nuclear Battery","Empty Cage"],"picked":"Runic Pyramid"}],"items_purged_floors":[19],"is_endless":false,"potions_floor_spawned":[4,11,14,20],"killed_by":"3 Cultists","ascension_level":4}