{"gold_per_floor":[119,69,87,87,87,114,114,133,133,143,143,163,163,163,163,282,282,297,338,40,40,55,79,98,98,98,111,111,142,142,178,178,303,303,322,62,62,62,83,83,106,106,106,129,129,147,47,65,65,65],"floor_reached":51,"playtime":6583,"items_purged":["Defend_B","Strike_B"],"score":712,"play_id":"dd7812fc-1976-44d3-8287-23ae40c7c4ac","local_time":"20180823211638","is_ascension_mode":false,"campfire_choices":[{"data":"Self Repair","floor":7,"key":"SMITH"},{"data":"Zap","floor":11,"key":"SMITH"},{"floor":15,"key":"REST"},{"data":"Biased Cognition","floor":25,"key":"SMITH"},{"floor":30,"key":"REST"},{"data":"Regret","floor":32,"key":"PURGE"},{"data":"Consume+1","floor":40,"key":"PURGE"},{"data":"Strike_B","floor":42,"key":"PURGE"},{"data":"Strike_B","floor":45,"key":"PURGE"},{"data":"Dualcast","floor":49,"key":"PURGE"}],"neow_cost":"","seed_source_timestamp":258732409610842,"circlet_count":0,"master_deck":["Strike_B","Defend_B","Zap+1","BootSequence","Stack+1","Self Repair+1","Reinforced Body+1","Go for the Eyes+1","Chaos+1","Biased Cognition+1","Stack+1","BootSequence+1","Dramatic Entrance+1","Steam+1","Melter+1","Coolheaded+1","Ball Lightning+1","White Noise+1","Compile Driver+1","RitualDagger+1","Tempest+1","Seek+1","Sweeping Beam+1","Undo+1","White Noise+1","Leap+1","Streamline+1"],"relics":["Cracked Core","Molten Egg 2","Toxic Egg 2","Bronze Scales","Golden Idol","StoneCalendar","Busted Crown","Red Mask","NlothsMask","Oddly Smooth Stone","Peace Pipe","Inserter","Pantograph","Ornamental Fan"],"potions_floor_usage":[29,29,31,33,48,50],"damage_taken":[{"damage":3,"enemies":"Jaw Worm","floor":1,"turns":4},{"damage":1,"enemies":"2 Louse","floor":3,"turns":2},{"damage":51,"enemies":"Lagavulin","floor":6,"turns":9},{"damage":2,"enemies":"Small Slimes","floor":8,"turns":3},{"damage":7,"enemies":"Looter","floor":10,"turns":4},{"damage":6,"enemies":"Blue Slaver","floor":12,"turns":4},{"damage":4,"enemies":"Slime Boss","floor":16,"turns":7},{"damage":16,"enemies":"Spheric Guardian","floor":18,"turns":5},{"damage":47,"floor":19,"turns":5},{"damage":4,"enemies":"2 Thieves","floor":22,"turns":4},{"damage":5,"enemies":"Centurion and Healer","floor":23,"turns":7},{"damage":2,"enemies":"Cultist and Chosen","floor":24,"turns":6},{"damage":20,"enemies":"3 Cultists","floor":27,"turns":5},{"damage":4,"enemies":"Book of Stabbing","floor":29,"turns":4},{"damage":19,"enemies":"Gremlin Leader","floor":31,"turns":6},{"damage":10,"enemies":"Champ","floor":33,"turns":10},{"damage":28,"enemies":"3 Darklings","floor":35,"turns":5},{"damage":19,"enemies":"3 Shapes","floor":39,"turns":4},{"damage":5,"enemies":"Spire Growth","floor":41,"turns":4},{"damage":14,"enemies":"Sphere and 2 Shapes","floor":44,"turns":4},{"damage":7,"enemies":"3 Darklings","floor":46,"turns":4},{"damage":11,"enemies":"Spire Growth","floor":48,"turns":4},{"damage":56,"enemies":"Donu and Deca","floor":50,"turns":14}],"seed_played":"15021522390","potions_obtained":[{"floor":3,"key":"Ancient Potion"},{"floor":6,"key":"GamblersBrew"},{"floor":22,"key":"SteroidPotion"},{"floor":27,"key":"EssenceOfSteel"},{"floor":29,"key":"Fire Potion"},{"floor":31,"key":"Swift Potion"},{"floor":44,"key":"GamblersBrew"},{"floor":46,"key":"Block Potion"}],"is_trial":false,"path_per_floor":["M","?","M","?","?","E","R","M","T","M","R","M","?","?","R","B",null,"M","?","$","?","M","M","M","R","T","M","?","E","R","E","R","B",null,"M","$","?","?","M","R","M","R","T","M","R","M","$","M","R","B"],"character_chosen":"DEFECT","items_purchased":["Dramatic Entrance+1","Steam+1","Melter+1","Pantograph"],"campfire_rested":2,"item_purchase_floors":[20,20,20,36],"current_hp_per_floor":[72,72,71,71,71,20,20,28,28,31,31,35,35,23,43,49,69,63,26,26,26,32,37,45,45,45,35,29,35,55,46,46,46,69,51,51,51,51,42,42,47,47,47,43,43,53,53,62,62,23],"gold":65,"neow_bonus":"","is_prod":false,"is_daily":false,"chose_seed":true,"campfire_upgraded":3,"win_rate":0.0,"timestamp":1535024798,"path_taken":["M","?","M","?","?","E","R","M","T","M","R","?","?","?","R","BOSS","M","?","$","?","M","M","?","R","T","M","?","E","R","E","R","BOSS","M","$","?","?","M","R","M","R","T","?","R","M","$","M","R","BOSS"],"build_version":"2018-08-16","purchased_purges":2,"victory":true,"max_hp_per_floor":[75,75,75,75,75,75,75,75,75,75,75,75,69,69,69,69,69,69,69,69,69,69,69,69,69,69,69,69,69,69,69,69,69,69,69,69,69,69,69,69,69,69,69,69,69,69,69,69,69,69],"card_choices":[{"not_picked":["Hologram","Coolheaded"],"picked":"BootSequence","floor":1},{"not_picked":["Compile Driver","Aggregate"],"picked":"Stack","floor":3},{"not_picked":["Chill","Conserve Battery"],"picked":"Self Repair","floor":6},{"not_picked":["Compile Driver+1","Streamline+1"],"picked":"Reinforced Body+1","floor":8},{"not_picked":["Cold Snap+1","BootSequence+1"],"picked":"Go for the Eyes+1","floor":10},{"not_picked":["Leap+1","Hello World"],"picked":"Chaos+1","floor":12},{"not_picked":["Amplify+1","Reboot+1"],"picked":"Biased Cognition","floor":16},{"not_picked":[],"picked":"Stack+1","floor":18},{"not_picked":[],"picked":"BootSequence+1","floor":19},{"not_picked":[],"picked":"Coolheaded+1","floor":22},{"not_picked":[],"picked":"Ball Lightning+1","floor":23},{"not_picked":[],"picked":"White Noise+1","floor":24},{"not_picked":[],"picked":"Compile Driver+1","floor":27},{"not_picked":[],"picked":"Consume+1","floor":29},{"not_picked":[],"picked":"Tempest+1","floor":31},{"not_picked":[],"picked":"Seek+1","floor":33},{"not_picked":[],"picked":"Sweeping Beam+1","floor":35},{"not_picked":["Compile Driver+1"],"picked":"SKIP","floor":39},{"not_picked":[],"picked":"Undo+1","floor":41},{"not_picked":[],"picked":"White Noise+1","floor":44},{"not_picked":[],"picked":"Leap+1","floor":46},{"not_picked":[],"picked":"Streamline+1","floor":48}],"player_experience":14453,"relics_obtained":[{"floor":6,"key":"Toxic Egg 2"},{"floor":9,"key":"Bronze Scales"},{"floor":19,"key":"Red Mask"},{"floor":29,"key":"Oddly Smooth Stone"},{"floor":31,"key":"Peace Pipe"},{"floor":43,"key":"Ornamental Fan"}],"event_choices":[{"event_name":"The Cleric","player_choice":"Card Removal","floor":2,"damage_taken":0},{"event_name":"Big Fish","player_choice":"Box","floor":4,"damage_taken":0},{"event_name":"Living Wall","player_choice":"Grow","floor":5,"damage_taken":0},{"event_name":"Golden Idol","player_choice":"Lose Max HP","floor":13,"damage_taken":0},{"event_name":"Scrap Ooze","player_choice":"success","floor":14,"damage_taken":12},{"event_name":"Masked Bandits","player_choice":"Fought Bandits","floor":19,"damage_taken":0},{"event_name":"FaceTrader","player_choice":"Trade","floor":21,"damage_taken":0},{"event_name":"Nest","player_choice":"Joined the Cult","floor":28,"damage_taken":0},{"event_name":"Match and Keep!","player_choice":"0 cards matched","floor":37,"damage_taken":0},{"event_name":"Falling","player_choice":"Removed Skill","floor":38,"damage_taken":0}],"is_beta":false,"boss_relics":[{"not_picked":["Philosopher\u0027s Stone","Nuclear Battery"],"picked":"Busted Crown"},{"not_picked":["Coffee Dripper","Cursed Key"],"picked":"Inserter"}],"items_purged_floors":[20,47],"is_endless":false,"potions_floor_spawned":[3,6,22,27,29,31,44,46,48],"ascension_level":0}