{"gold_per_floor":[20,20,20,34,34,34,65,76,76,102,102,113,128,158,158,253,253,272,295,166,186,206,232,232,249,275,292,326,326,375,389,389,389],"floor_reached":33,"playtime":2179,"items_purged":["Defend_B"],"score":409,"play_id":"2c12ab97-f661-40fd-a763-d474a95c4f58","local_time":"20180905101249","is_ascension_mode":true,"campfire_choices":[{"data":"Ball Lightning","floor":6,"key":"SMITH"},{"data":"Self Repair","floor":11,"key":"SMITH"},{"data":"Electrodynamics","floor":15,"key":"SMITH"},{"data":"Echo Form","floor":24,"key":"SMITH"},{"data":"White Noise","floor":32,"key":"SMITH"}],"neow_cost":"NO_GOLD","seed_source_timestamp":699565128473979,"circlet_count":0,"master_deck":["Strike_B","Strike_B","Strike_B","Defend_B","Defend_B","Zap+1","Dualcast","Electrodynamics+1","Reboot","Conserve Battery","Ball Lightning+1","Tempest","Redo","Self Repair+1","Tempest","Ball Lightning","Echo Form+1","Steam","Streamline","Self Repair+1","Streamline","White Noise+1","PanicButton"],"relics":["Cracked Core","Pear","Orichalcum","Cables","Tiny Chest","Runic Pyramid","Anchor","Question Card","Vajra","Dream Catcher","Bronze Scales"],"potions_floor_usage":[23,27,28,28],"damage_taken":[{"damage":7,"enemies":"Small Slimes","floor":1,"turns":3},{"damage":1,"enemies":"2 Louse","floor":4,"turns":2},{"damage":14,"enemies":"Lagavulin","floor":7,"turns":4},{"damage":5,"enemies":"Jaw Worm","floor":8,"turns":2},{"damage":7,"enemies":"3 Sentries","floor":10,"turns":3},{"damage":0,"enemies":"Large Slime","floor":12,"turns":3},{"damage":0,"enemies":"3 Louse","floor":13,"turns":2},{"damage":0,"enemies":"Slime Boss","floor":16,"turns":5},{"damage":31,"enemies":"Shell Parasite","floor":18,"turns":5},{"damage":2,"enemies":"Chosen","floor":21,"turns":4},{"damage":8,"enemies":"Centurion and Healer","floor":22,"turns":5},{"damage":0,"enemies":"Gremlin Leader","floor":23,"turns":4},{"damage":4,"enemies":"3 Cultists","floor":25,"turns":4},{"damage":24,"enemies":"Shelled Parasite and Fungi","floor":27,"turns":4},{"damage":62,"enemies":"Slavers","floor":28,"turns":6},{"damage":24,"enemies":"Snake Plant","floor":31,"turns":3},{"damage":30,"enemies":"Champ","floor":33,"turns":8}],"seed_played":"8269028939174122980","potions_obtained":[{"floor":4,"key":"Swift Potion"},{"floor":7,"key":"Dexterity Potion"},{"floor":12,"key":"GamblersBrew"},{"floor":22,"key":"Energy Potion"},{"floor":23,"key":"Weak Potion"},{"floor":27,"key":"Explosive Potion"}],"is_trial":false,"path_per_floor":["M","?","?","M","$","R","E","M","T","E","R","M","M","?","R","B",null,"M","T","$","M","M","E","R","M","T","M","E","?","T","M","R"],"character_chosen":"DEFECT","items_purchased":["Streamline"],"campfire_rested":0,"item_purchase_floors":[20],"current_hp_per_floor":[68,68,68,67,67,67,63,58,58,51,51,61,61,49,49,59,85,64,64,64,82,85,85,85,85,85,85,53,53,53,29,29,0],"gold":389,"neow_bonus":"TRANSFORM_TWO_CARDS","is_prod":false,"is_daily":false,"chose_seed":false,"campfire_upgraded":5,"win_rate":0,"timestamp":1536108169,"path_taken":["M","?","?","M","?","R","E","M","T","E","R","M","?","?","R","BOSS","M","?","$","M","?","E","R","M","T","?","E","?","?","M","R","BOSS"],"build_version":"2018-08-30","purchased_purges":1,"victory":false,"max_hp_per_floor":[75,75,75,75,75,75,85,85,85,85,85,85,85,85,85,85,85,85,85,85,85,85,85,85,85,85,85,85,85,85,85,85,85],"card_choices":[{"not_picked":["Compile Driver","Heatsinks"],"picked":"Conserve Battery","floor":1},{"not_picked":["Static Discharge","BootSequence"],"picked":"Ball Lightning","floor":4},{"not_picked":["Barrage","Storm"],"picked":"Tempest","floor":7},{"not_picked":["Rebound","Hologram"],"picked":"Redo","floor":8},{"not_picked":["Scrape","Barrage"],"picked":"Self Repair","floor":10},{"not_picked":["Sweeping Beam","Double Energy"],"picked":"Tempest","floor":12},{"not_picked":["Beam Cell","Leap"],"picked":"Ball Lightning","floor":13},{"not_picked":["Seek","Multi-Cast"],"picked":"Echo Form","floor":16},{"not_picked":["Skim","Coolheaded"],"picked":"Steam","floor":18},{"not_picked":["Auto Shields","Compile Driver"],"picked":"Self Repair+1","floor":21},{"not_picked":["Compile Driver","Sunder","Steam Power"],"picked":"SKIP","floor":22},{"not_picked":["Doom and Gloom+1","Seek"],"picked":"Streamline","floor":23},{"not_picked":["Steam+1","Turbo","Tempest+1","Cold Snap+1"],"picked":"SKIP","floor":25},{"not_picked":["Aggregate","Steam+1","Loop"],"picked":"White Noise","floor":27},{"not_picked":["Conserve Battery","Ball Lightning","Coolheaded","Reboot"],"picked":"SKIP","floor":28},{"not_picked":["Steam","Melter","Hello World","Recycle"],"picked":"SKIP","floor":31}],"player_experience":124351,"relics_obtained":[{"floor":7,"key":"Pear"},{"floor":9,"key":"Orichalcum"},{"floor":10,"key":"Cables"},{"floor":19,"key":"Anchor"},{"floor":23,"key":"Question Card"},{"floor":26,"key":"Vajra"},{"floor":28,"key":"Dream Catcher"},{"floor":30,"key":"Bronze Scales"}],"event_choices":[{"event_name":"Living Wall","player_choice":"Grow","floor":2,"damage_taken":0},{"event_name":"Liars Game","player_choice":"disagreed","floor":3,"damage_taken":0},{"event_name":"Scrap Ooze","player_choice":"success","floor":14,"damage_taken":12},{"event_name":"Match and Keep!","player_choice":"1 cards matched","floor":29,"damage_taken":0}],"is_beta":false,"boss_relics":[{"not_picked":["Busted Crown","Fusion Hammer"],"picked":"Runic Pyramid"}],"items_purged_floors":[20],"is_endless":false,"potions_floor_spawned":[4,7,12,22,23,27],"killed_by":"Champ","ascension_level":2}