{"gold_per_floor":[114,131,22,22,40,66,66,97,124,134,134,134,147,162,162,264,264,232,247,135,135,135,135,60,60,60,60,26,40,40],"floor_reached":30,"playtime":1311,"items_purged":["Strike_G"],"score":238,"play_id":"17342084-3abb-4c6e-922e-7b05d8b2dee8","local_time":"20180729164152","is_ascension_mode":false,"campfire_choices":[{"floor":7,"key":"REST"},{"floor":12,"key":"REST"},{"floor":15,"key":"REST"},{"floor":23,"key":"REST"},{"data":"Envenom","floor":25,"key":"SMITH"}],"neow_cost":"NONE","seed_source_timestamp":13675793732381,"circlet_count":0,"master_deck":["Defend_G","Defend_G","Defend_G","Defend_G","Defend_G","Strike_G","Strike_G","Survivor","Neutralize","Acrobatics","Deadly Poison","Finisher","Infinite Blades+1","Poisoned Stab","Flying Knee","Backflip","Distraction","Blade Dance","Malaise","Cloak And Dagger","Envenom+1","Sucker Punch","Accuracy","Finisher","Calculated Gamble+1","Footwork","Storm of Steel"],"relics":["Ring of the Snake","Dream Catcher","Art of War","Omamori","Black Star","Tough Bandages"],"potions_floor_usage":[30],"damage_taken":[{"damage":9,"enemies":"Cultist","floor":1,"turns":4},{"damage":2,"enemies":"Small Slimes","floor":2,"turns":5},{"damage":3,"enemies":"Jaw Worm","floor":5,"turns":4},{"damage":28,"enemies":"Lagavulin","floor":6,"turns":7},{"damage":21,"enemies":"Gremlin Nob","floor":8,"turns":4},{"damage":5,"enemies":"2 Fungi Beasts","floor":10,"turns":3},{"damage":11,"enemies":"3 Louse","floor":13,"turns":3},{"damage":9,"enemies":"Exordium Wildlife","floor":14,"turns":4},{"damage":14,"enemies":"Hexaghost","floor":16,"turns":11},{"damage":29,"enemies":"2 Thieves","floor":18,"turns":5},{"damage":26,"enemies":"3 Byrds","floor":19,"turns":7},{"damage":15,"enemies":"Centurion and Healer","floor":29,"turns":8},{"damage":41,"enemies":"3 Cultists","floor":30,"turns":5}],"seed_played":"-7418296950146210042","potions_obtained":[{"floor":5,"key":"Regen Potion"},{"floor":6,"key":"Strength Potion"},{"floor":8,"key":"Swift Potion"}],"is_trial":false,"path_per_floor":["M","M","$","?","M","E","R","E","T","M","$","R","M","M","R","B",null,"M","M","$","?","?","R","?","R","T","$","$","M"],"character_chosen":"THE_SILENT","items_purchased":["Finisher","Infinite Blades","Finisher","Footwork"],"campfire_rested":4,"item_purchase_floors":[3,3,20,28],"current_hp_per_floor":[61,59,59,59,56,28,49,28,28,23,23,44,33,24,45,31,70,41,15,15,38,25,47,47,47,47,47,47,32,0],"gold":40,"neow_bonus":"REMOVE_CARD","is_prod":false,"is_daily":false,"chose_seed":false,"campfire_upgraded":1,"win_rate":0,"timestamp":1532850112,"path_taken":["M","?","?","?","M","E","R","E","T","M","$","R","M","M","R","BOSS","M","M","$","?","?","R","?","R","T","?","$","?","M"],"build_version":"2018-07-26","purchased_purges":1,"victory":false,"max_hp_per_floor":[70,70,70,70,70,70,70,70,70,70,70,70,70,70,70,70,70,70,70,70,70,75,75,75,75,75,75,75,75,75],"card_choices":[{"not_picked":["Dodge and Roll","Prepared"],"picked":"Acrobatics","floor":1},{"not_picked":["Choke","Tactician"],"picked":"Deadly Poison","floor":2},{"not_picked":["Reflex","Dagger Spray"],"picked":"Poisoned Stab","floor":5},{"not_picked":["Unload","Acrobatics"],"picked":"Flying Knee","floor":6},{"not_picked":["Heel Hook","Deadly Poison"],"picked":"Backflip","floor":7},{"not_picked":["Outmaneuver","Flying Knee","Sucker Punch"],"picked":"SKIP","floor":8},{"not_picked":["Deflect","Sucker Punch"],"picked":"Distraction","floor":10},{"not_picked":["Cloak And Dagger","Eviscerate"],"picked":"Blade Dance","floor":12},{"not_picked":["Deflect","Dodge and Roll","Poisoned Stab"],"picked":"SKIP","floor":13},{"not_picked":["Predator","Backflip"],"picked":"Malaise","floor":14},{"not_picked":["Blur","Poisoned Stab"],"picked":"Cloak And Dagger","floor":15},{"not_picked":["Die Die Die","Corpse Explosion"],"picked":"Envenom","floor":16},{"not_picked":["Skewer+1","Predator+1"],"picked":"Sucker Punch","floor":18},{"not_picked":["Dagger Spray","Deadly Poison"],"picked":"Accuracy","floor":19},{"not_picked":["Terror","Poisoned Stab"],"picked":"Calculated Gamble+1","floor":23},{"not_picked":["Dagger Throw","Slice"],"picked":"Storm of Steel","floor":29}],"player_experience":63369,"relics_obtained":[{"floor":6,"key":"Dream Catcher"},{"floor":8,"key":"Art of War"},{"floor":9,"key":"Omamori"},{"floor":26,"key":"Tough Bandages"}],"event_choices":[{"event_name":"Accursed Blacksmith","player_choice":"Forge","floor":4,"damage_taken":0},{"event_name":"The Library","player_choice":"Heal","floor":21,"damage_taken":0},{"event_name":"Forgotten Altar","player_choice":"Shed Blood","floor":22,"damage_taken":0},{"event_name":"Beggar","player_choice":"Gave Gold","floor":24,"damage_taken":0}],"is_beta":false,"boss_relics":[{"not_picked":["HoveringKite","Runic Pyramid"],"picked":"Black Star"}],"items_purged_floors":[20],"is_endless":false,"potions_floor_spawned":[5,6,8,10,16,29],"killed_by":"3 Cultists","ascension_level":0}