{"gold_per_floor":[111,111,111,36,57,57,57,82,131,143,180,2,2,23,23,23],"floor_reached":16,"playtime":538,"items_purged":["Injury"],"score":99,"play_id":"c34caaed-c8b6-4118-9950-cfa670c00a37","local_time":"20180902125145","is_ascension_mode":true,"campfire_choices":[{"data":"Bash","floor":6,"key":"SMITH"},{"data":"Disarm","floor":13,"key":"SMITH"},{"data":"Rupture","floor":15,"key":"SMITH"}],"neow_cost":"TEN_PERCENT_HP_LOSS","seed_source_timestamp":451405914570635,"circlet_count":0,"master_deck":["Strike_R","Strike_R","Strike_R","Strike_R","Strike_R","Defend_R","Defend_R","Defend_R","Defend_R","Bash+1","Hemokinesis+1","Disarm+1","Shrug It Off","Rupture+1"],"relics":["Burning Blood","Torii","Golden Idol","MawBank","Lantern","HandDrill"],"potions_floor_usage":[16,16],"damage_taken":[{"damage":3,"enemies":"Jaw Worm","floor":1,"turns":5},{"damage":5,"enemies":"Small Slimes","floor":5,"turns":3},{"damage":3,"enemies":"Cultist","floor":8,"turns":3},{"damage":15,"enemies":"Blue Slaver","floor":11,"turns":4},{"damage":3,"enemies":"2 Fungi Beasts","floor":14,"turns":2},{"damage":69,"enemies":"Slime Boss","floor":16,"turns":10}],"seed_played":"-5398390386766150909","potions_obtained":[{"floor":8,"key":"Explosive Potion"},{"floor":11,"key":"Ancient Potion"}],"is_trial":false,"path_per_floor":["M","?","?","$","M","R","?","M","T","?","M","$","R","M","R"],"character_chosen":"IRONCLAD","items_purchased":["HandDrill"],"campfire_rested":0,"item_purchase_floors":[12],"current_hp_per_floor":[72,72,72,72,72,72,72,72,72,72,63,63,63,66,66,0],"gold":23,"neow_bonus":"ONE_RARE_RELIC","is_prod":false,"is_daily":false,"chose_seed":false,"campfire_upgraded":3,"win_rate":0,"timestamp":1535858505,"path_taken":["M","?","?","$","M","R","?","M","T","?","?","?","R","M","R","BOSS"],"build_version":"2018-08-30","purchased_purges":1,"victory":false,"max_hp_per_floor":[72,72,72,72,72,72,72,72,72,72,72,72,72,72,72,72],"card_choices":[{"not_picked":["Anger","Cleave"],"picked":"Hemokinesis","floor":1},{"not_picked":["Dual Wield","Whirlwind"],"picked":"Thunderclap","floor":5},{"not_picked":["Dark Embrace","Twin Strike"],"picked":"Disarm","floor":8},{"not_picked":["Heavy Blade","Corruption"],"picked":"Shrug It Off","floor":11},{"not_picked":["Intimidate","Headbutt"],"picked":"Rupture","floor":14}],"player_experience":106033,"relics_obtained":[{"floor":9,"key":"MawBank"}],"event_choices":[{"event_name":"Golden Idol","player_choice":"Take Wound","floor":2,"damage_taken":0},{"event_name":"Accursed Blacksmith","player_choice":"Forge","floor":3,"damage_taken":0},{"event_name":"Liars Game","player_choice":"disagreed","floor":7,"damage_taken":0},{"event_name":"WeMeetAgain","player_choice":"Card","floor":10,"damage_taken":0}],"is_beta":false,"boss_relics":[],"items_purged_floors":[4],"is_endless":false,"potions_floor_spawned":[8,11],"killed_by":"Slime Boss","ascension_level":2}