{"gold_per_floor":[114,114,134,146,42,42,58,82,105,121,153,153,165,179,179,179],"floor_reached":16,"playtime":436,"items_purged":["Defend_R"],"score":208,"play_id":"ce684112-ce2f-44ee-aa56-2bf3fb10a68c","local_time":"20181212011721","is_ascension_mode":true,"campfire_choices":[{"data":"Thunderclap","floor":6,"key":"SMITH"},{"data":"Thunderclap","floor":12,"key":"SMITH"},{"floor":15,"key":"REST"}],"neow_cost":"NONE","seed_source_timestamp":417887425715283,"circlet_count":0,"master_deck":["AscendersBane","Strike_R","Strike_R","Strike_R","Strike_R","Strike_R","Defend_R","Defend_R","Defend_R","Bash+1","Sword Boomerang","Headbutt","Sword Boomerang","Thunderclap+1","Rampage","Blood for Blood","True Grit","Thunderclap+1","Clash","Pommel Strike"],"relics":["Burning Blood","Odd Mushroom","Oddly Smooth Stone","Bag of Preparation"],"potions_floor_usage":[7,8,11,14,14],"damage_taken":[{"damage":0,"enemies":"Small Slimes","floor":1,"turns":4},{"damage":6,"enemies":"Cultist","floor":3,"turns":3},{"damage":12,"enemies":"Jaw Worm","floor":4,"turns":2},{"damage":14,"enemies":"Exordium Wildlife","floor":7,"turns":4},{"damage":10,"enemies":"The Mushroom Lair","floor":8,"turns":3},{"damage":12,"enemies":"Exordium Thugs","floor":10,"turns":3},{"damage":32,"enemies":"Lagavulin","floor":11,"turns":6},{"damage":0,"enemies":"Large Slime","floor":13,"turns":4},{"damage":8,"enemies":"Lots of Slimes","floor":14,"turns":3},{"damage":50,"enemies":"The Guardian","floor":16,"turns":8}],"seed_played":"-5448055152866201278","potions_obtained":[{"floor":4,"key":"EntropicBrew"},{"floor":10,"key":"Energy Potion"},{"floor":11,"key":"Poison Potion"}],"is_trial":false,"path_per_floor":["M","?","M","M","$","R","M","?","T","M","E","R","M","M","R","B"],"character_chosen":"IRONCLAD","items_purchased":["Thunderclap"],"campfire_rested":1,"item_purchase_floors":[5],"current_hp_per_floor":[74,74,74,68,68,68,60,56,56,50,24,24,30,28,50,0],"gold":179,"neow_bonus":"THREE_CARDS","is_prod":false,"is_daily":false,"chose_seed":false,"campfire_upgraded":2,"win_rate":0,"timestamp":1544545041,"path_taken":["M","?","M","?","$","R","M","?","T","M","E","R","M","M","R","BOSS"],"build_version":"2018-12-06","purchased_purges":1,"victory":false,"max_hp_per_floor":[75,75,75,75,75,75,75,75,75,75,75,75,75,75,75,75],"card_choices":[{"not_picked":["Reckless Charge","Heavy Blade"],"picked":"Sword Boomerang","floor":0},{"not_picked":["Armaments","Reckless Charge"],"picked":"Headbutt","floor":1},{"not_picked":["Headbutt","Wild Strike","Iron Wave"],"picked":"SKIP","floor":3},{"not_picked":["Heavy Blade","Flame Barrier"],"picked":"Sword Boomerang","floor":4},{"not_picked":["Body Slam","Iron Wave"],"picked":"Rampage","floor":7},{"not_picked":["Sever Soul","Hemokinesis"],"picked":"Blood for Blood","floor":8},{"not_picked":["Flex","Dark Embrace"],"picked":"True Grit","floor":10},{"not_picked":["Brutality","Body Slam"],"picked":"Thunderclap","floor":11},{"not_picked":["Sentinel","Iron Wave"],"picked":"Clash","floor":13},{"not_picked":["Perfected Strike","Carnage"],"picked":"Pommel Strike","floor":14}],"player_experience":783068,"relics_obtained":[{"floor":8,"key":"Odd Mushroom"},{"floor":9,"key":"Oddly Smooth Stone"},{"floor":11,"key":"Bag of Preparation"}],"event_choices":[{"damage_healed":0,"gold_gain":0,"player_choice":"Upgraded","damage_taken":0,"max_hp_gain":0,"max_hp_loss":0,"event_name":"Upgrade Shrine","floor":2,"gold_loss":0,"cards_upgraded":["Bash"]},{"damage_healed":0,"gold_gain":0,"player_choice":"Fought Mushrooms","damage_taken":0,"max_hp_gain":0,"max_hp_loss":0,"event_name":"Mushrooms","floor":8,"gold_loss":0}],"is_beta":false,"boss_relics":[],"items_purged_floors":[5],"is_endless":false,"potions_floor_spawned":[4,7,10,11],"killed_by":"The Guardian","ascension_level":20}