{"gold_per_floor":[117,133,133,58,73,73,104,104,104,124,199,164,175,175,175,278,278,288,305],"floor_reached":19,"playtime":1779,"items_purged":["Defend_R"],"score":186,"play_id":"9c52e507-c029-4753-bd7d-bf58e4b0da90","local_time":"20180902071346","is_ascension_mode":true,"campfire_choices":[{"data":"Dark Embrace","floor":6,"key":"SMITH"},{"data":"Havoc","floor":8,"key":"SMITH"},{"data":"Disarm","floor":15,"key":"SMITH"}],"neow_cost":"CURSE","seed_source_timestamp":429872791952946,"circlet_count":0,"master_deck":["Strike_R","Strike_R","Strike_R","Strike_R","Strike_R","Defend_R","Defend_R","Defend_R","Bash","Clumsy","Dark Embrace+1","True Grit+1","Disarm+1","Power Through","Havoc+1","Warcry","Thunderclap","Reaper","Inflame","Pummel","Pummel","Clothesline","Inflame","Anger+1"],"relics":["Burning Blood","Charon\u0027s Ashes","Meat on the Bone","Incense Burner","Orrery"],"potions_floor_usage":[7,16,16],"damage_taken":[{"damage":14,"enemies":"Small Slimes","floor":1,"turns":4},{"damage":3,"enemies":"Cultist","floor":2,"turns":4},{"damage":0,"enemies":"2 Louse","floor":5,"turns":4},{"damage":30,"enemies":"3 Sentries","floor":7,"turns":10},{"damage":6,"enemies":"Blue Slaver","floor":10,"turns":4},{"damage":7,"enemies":"Large Slime","floor":13,"turns":5},{"damage":22,"enemies":"Hexaghost","floor":16,"turns":13},{"damage":32,"enemies":"Spheric Guardian","floor":18,"turns":6},{"damage":12,"enemies":"Shell Parasite","floor":19,"turns":4}],"seed_played":"-2216686904187534904","potions_obtained":[{"floor":1,"key":"LiquidBronze"},{"floor":10,"key":"LiquidBronze"},{"floor":13,"key":"GamblersBrew"},{"floor":16,"key":"LiquidBronze"}],"is_trial":false,"path_per_floor":["M","M","?","$","M","R","E","R","T","M","?","?","M","?","R","B",null,"M"],"character_chosen":"IRONCLAD","items_purchased":[],"campfire_rested":0,"item_purchase_floors":[],"current_hp_per_floor":[72,75,75,75,80,80,56,56,56,56,45,65,64,57,57,53,80,54,48],"gold":305,"neow_bonus":"THREE_RARE_CARDS","is_prod":false,"is_daily":false,"chose_seed":false,"campfire_upgraded":3,"win_rate":0,"timestamp":1535838226,"path_taken":["M","M","?","$","M","R","E","R","T","M","?","?","?","?","R","BOSS","M","M"],"build_version":"2018-08-30","purchased_purges":1,"victory":false,"max_hp_per_floor":[80,80,80,80,80,80,80,80,80,80,80,80,80,80,80,80,80,80,80],"card_choices":[{"not_picked":["Fiend Fire","Double Tap"],"picked":"Dark Embrace","floor":0},{"not_picked":["Flame Barrier","Perfected Strike"],"picked":"True Grit","floor":1},{"not_picked":["Sword Boomerang","Headbutt"],"picked":"Disarm","floor":2},{"not_picked":["Sword Boomerang","Hemokinesis"],"picked":"Power Through","floor":5},{"not_picked":["Rampage","Clash"],"picked":"Havoc","floor":7},{"not_picked":["Spot Weakness","Headbutt"],"picked":"Warcry","floor":10},{"not_picked":["Bloodletting","Havoc"],"picked":"Thunderclap","floor":13},{"not_picked":["Fiend Fire","Berserk"],"picked":"Reaper","floor":16},{"not_picked":["Shrug It Off","Intimidate"],"picked":"Inflame","floor":17},{"not_picked":["Sentinel","Whirlwind"],"picked":"Pummel","floor":17},{"not_picked":["Perfected Strike","Body Slam"],"picked":"Pummel","floor":17},{"not_picked":["Hemokinesis","Dual Wield"],"picked":"Clothesline","floor":17},{"not_picked":["Blood for Blood","Power Through"],"picked":"Inflame","floor":17},{"not_picked":["Power Through+1","True Grit"],"picked":"Anger+1","floor":18}],"player_experience":102166,"relics_obtained":[{"floor":7,"key":"Charon\u0027s Ashes"},{"floor":9,"key":"Meat on the Bone"}],"event_choices":[{"event_name":"Upgrade Shrine","player_choice":"Upgraded","floor":3,"damage_taken":0},{"event_name":"World of Goop","player_choice":"Gather Gold","floor":11,"damage_taken":0},{"event_name":"The Cleric","player_choice":"Healed","floor":12,"damage_taken":0},{"event_name":"Scrap Ooze","player_choice":"success","floor":14,"damage_taken":7}],"is_beta":false,"boss_relics":[{"not_picked":["Coffee Dripper","Calling Bell"],"picked":"Orrery"}],"items_purged_floors":[4],"is_endless":false,"potions_floor_spawned":[1,10,13,16],"killed_by":"Shell Parasite","ascension_level":2}