{"gold_per_floor":[112,130,148,34,34,34,69,69,69,79,79,93,126,91,91,194,194,211,266,266,17,32,32,32,43,43,62,62,80,80,90,90,195,195,214,68,122,19,19,19,19],"floor_reached":41,"playtime":2176,"items_purged":["Regret"],"score":459,"play_id":"e84549fb-b06c-4c44-ada2-617402742aad","local_time":"20180926193406","is_ascension_mode":true,"campfire_choices":[{"data":"True Grit","floor":6.0,"key":"SMITH"},{"data":"Metallicize","floor":11.0,"key":"SMITH"},{"data":"Flame Barrier","floor":15.0,"key":"SMITH"},{"data":"Juggernaut","floor":23.0,"key":"SMITH"},{"data":"Feel No Pain","floor":28.0,"key":"SMITH"},{"data":"Infernal Blade","floor":30.0,"key":"SMITH"},{"data":"Spot Weakness","floor":32.0,"key":"SMITH"},{"data":"Purity","floor":40.0,"key":"SMITH"}],"neow_cost":"CURSE","seed_source_timestamp":0,"circlet_count":0,"master_deck":["Strike_R","Strike_R","Strike_R","Strike_R","Strike_R","Defend_R+1","Defend_R","Defend_R","Defend_R+1","Bash","Flame Barrier+1","True Grit+1","Cleave","Metallicize+1","Infernal Blade+1","Feel No Pain+1","Juggernaut+1","Intimidate","Thunderclap+1","Spot Weakness+1","Exhume","Metallicize+1","Purity+1","Feel No Pain+1"],"special_seed":0,"relics":["Burning Blood","Incense Burner","CultistMask","Matryoshka","War Paint","Orichalcum","Ancient Tea Set","Busted Crown","Kunai","Tiny Chest","Bottled Tornado","Girya","Mark of Pain","Red Skull","Prayer Wheel"],"potions_floor_usage":[],"damage_taken":[{"damage":11.0,"enemies":"Small Slimes","floor":1.0,"turns":4.0},{"damage":4.0,"enemies":"Cultist","floor":2.0,"turns":4.0},{"damage":3.0,"enemies":"2 Louse","floor":3.0,"turns":3.0},{"damage":63.0,"enemies":"Lagavulin","floor":7.0,"turns":12.0},{"damage":4.0,"enemies":"Large Slime","floor":10.0,"turns":7.0},{"damage":3.0,"enemies":"Blue Slaver","floor":12.0,"turns":4.0},{"damage":14.0,"enemies":"Gremlin Nob","floor":13.0,"turns":6.0},{"damage":26.0,"enemies":"Slime Boss","floor":16.0,"turns":17.0},{"damage":0.0,"enemies":"3 Byrds","floor":18.0,"turns":1.0},{"damage":0.0,"enemies":"2 Thieves","floor":22.0,"turns":5.0},{"damage":14.0,"enemies":"Centurion and Healer","floor":25.0,"turns":8.0},{"damage":18.0,"enemies":"Snecko","floor":27.0,"turns":6.0},{"damage":22.0,"enemies":"3 Cultists","floor":29.0,"turns":6.0},{"damage":0.0,"enemies":"Centurion and Healer","floor":31.0,"turns":6.0},{"damage":19.0,"enemies":"Collector","floor":33.0,"turns":10.0},{"damage":19.0,"enemies":"3 Shapes","floor":35.0,"turns":6.0},{"damage":17.0,"enemies":"Mysterious Sphere","floor":37.0,"turns":4.0},{"damage":69,"enemies":"2 Orb Walkers","floor":41,"turns":4}],"seed_played":"-3382974002840647341","potions_obtained":[{"floor":3.0,"key":"Energy Potion"},{"floor":10.0,"key":"Dexterity Potion"},{"floor":12.0,"key":"PowerPotion"},{"floor":13.0,"key":"Dexterity Potion"},{"floor":18.0,"key":"GamblersBrew"},{"floor":25.0,"key":"Dexterity Potion"},{"floor":35.0,"key":"Ancient Potion"}],"is_trial":false,"path_per_floor":["M","M","M","$","?","R","E","$","T","M","R","M","E","?","R","B",null,"M","T","?","$","M","R","?","M","T","M","R","M","R","M","R","B",null,"M","$","?","$","?","R"],"character_chosen":"IRONCLAD","items_purchased":["Metallicize","Bottled Tornado","Red Skull","Purity"],"campfire_rested":0,"item_purchase_floors":[4,21,36,38],"current_hp_per_floor":[75,77,80,80,80,80,23,23,23,25,25,28,20,40,40,20,80,80,80,65,65,71,71,71,63,63,51,51,35,35,41,41,28,85,72,72,61,61,61,61,0],"gold":19,"neow_bonus":"ONE_RARE_RELIC","is_prod":false,"is_daily":false,"chose_seed":false,"campfire_upgraded":8,"win_rate":0,"timestamp":1537956246,"path_taken":["M","M","M","$","?","R","E","$","T","M","R","M","E","?","R","BOSS","BOSS","M","?","?","$","M","R","?","M","T","?","R","M","R","M","R","BOSS","M","$","?","$","?","R","E"],"build_version":"2018-09-20","purchased_purges":1,"victory":false,"max_hp_per_floor":[80,80,80,80,80,80,80,80,80,80,80,80,80,80,80,80,80,80,80,85,85,85,85,85,85,85,85,85,85,85,85,85,85,85,85,85,85,85,85,85,85],"card_choices":[{"not_picked":["Bloodletting","Armaments"],"picked":"Flame Barrier","floor":1.0},{"not_picked":["Carnage","Clash"],"picked":"True Grit","floor":2.0},{"not_picked":["Armaments","Dual Wield"],"picked":"Cleave","floor":3.0},{"not_picked":["Sword Boomerang","Entrench"],"picked":"Infernal Blade","floor":7.0},{"not_picked":["Reaper","Dual Wield"],"picked":"Feel No Pain","floor":10.0},{"not_picked":["Warcry","Sever Soul","Armaments"],"picked":"SKIP","floor":12.0},{"not_picked":["Intimidate","Rage","Body Slam"],"picked":"SKIP","floor":13.0},{"not_picked":["Feed","Double Tap"],"picked":"Juggernaut","floor":16.0},{"not_picked":[],"picked":"Intimidate","floor":18.0},{"not_picked":["True Grit"],"picked":"SKIP","floor":22.0},{"not_picked":["Warcry"],"picked":"SKIP","floor":25.0},{"not_picked":["Cleave"],"picked":"SKIP","floor":27.0},{"not_picked":[],"picked":"Thunderclap+1","floor":29.0},{"not_picked":[],"picked":"Spot Weakness","floor":31.0},{"not_picked":[],"picked":"Exhume","floor":33.0},{"not_picked":[],"picked":"Metallicize+1","floor":35.0}],"player_experience":213394,"relics_obtained":[{"floor":7.0,"key":"Matryoshka"},{"floor":9.0,"key":"War Paint"},{"floor":9.0,"key":"Orichalcum"},{"floor":13.0,"key":"Ancient Tea Set"},{"floor":19.0,"key":"Kunai"},{"floor":19.0,"key":"Tiny Chest"},{"floor":26.0,"key":"Girya"},{"floor":37.0,"key":"Prayer Wheel"}],"event_choices":[{"event_name":"FaceTrader","player_choice":"Trade","floor":5.0,"damage_taken":0.0},{"event_name":"The Cleric","player_choice":"Healed","floor":14.0,"damage_taken":0.0},{"event_name":"Forgotten Altar","player_choice":"Shed Blood","floor":20.0,"damage_taken":0.0},{"event_name":"Beggar","player_choice":"Ignored","floor":24.0,"damage_taken":0.0},{"event_name":"Mysterious Sphere","player_choice":"Fight","floor":37.0,"damage_taken":0.0},{"event_name":"Duplicator","player_choice":"One dupe","floor":39.0,"damage_taken":0.0}],"is_beta":false,"boss_relics":[{"not_picked":["Runic Pyramid","Runic Cube"],"picked":"Busted Crown"},{"not_picked":["Velvet Choker","Pandora\u0027s Box"],"picked":"Mark of Pain"}],"items_purged_floors":[4],"is_endless":false,"potions_floor_spawned":[3,10,12,13,18,25,35],"killed_by":"2 Orb Walkers","ascension_level":3}