{"gold_per_floor":[132,307,307,102,102,102,102,102,102,140,235,247,337,142,142,392,392,420,420,420,465,513,588,588,14,14,77,77,160,193,241,241,496,496,529,9,39,39,64,64,107,220,220,288,288,102,167,207,207,207],"floor_reached":50,"playtime":4336,"items_purged":["Poisoned Stab","Blur"],"score":864,"play_id":"f4dccba0-78f1-4627-a358-28df5f1dfd97","local_time":"20181013144109","daily_mods":["Draft","Vintage","DeadlyEvents","Elite Swarm","MonsterHunter"],"is_ascension_mode":false,"campfire_choices":[{"data":"Crippling Poison","floor":6,"key":"SMITH"},{"data":"Dodge and Roll","floor":8,"key":"SMITH"},{"data":"After Image","floor":12,"key":"SMITH"},{"floor":15,"key":"REST"},{"floor":24,"key":"REST"},{"floor":28,"key":"REST"},{"floor":32,"key":"REST"},{"data":"1","floor":40,"key":"LIFT"},{"data":"2","floor":45,"key":"LIFT"},{"data":"3","floor":49,"key":"LIFT"}],"neow_cost":"","seed_source_timestamp":0,"circlet_count":0,"master_deck":["Poisoned Stab+1","Dodge and Roll+1","Poisoned Stab","Deadly Poison","Poisoned Stab","Bane","Catalyst","Backflip","PiercingWail","Backflip","Deadly Poison","Backflip","Crippling Poison+1","Die Die Die","After Image+1","Corpse Explosion+1","Apotheosis+1","Envenom","Envenom+1","Noxious Fumes+1","Die Die Die","Envenom+1","Die Die Die","After Image+1","Deadly Poison+1","Dagger Spray+1","Noxious Fumes+1","Terror+1","Backstab+1","Catalyst+1","Adrenaline+1"],"relics":["Unceasing Top","Vajra","Lantern","MawBank","Question Card","Dead Branch","Meat on the Bone","HoveringKite","The Courier","War Paint","Frozen Egg 2","Omamori","Regal Pillow","Singing Bowl","PreservedInsect","Toxic Egg 2","Ancient Tea Set","Du-Vu Doll","Ornamental Fan","Snake Skull","Molten Egg 2","Orrery","Strawberry","Bottled Tornado","Girya","Mercury Hourglass","Sundial","Shovel","Pocketwatch","Pantograph","Pear","Blood Vial","Potion Belt","Boot"],"potions_floor_usage":[22,29,29,31,42,42,48,50],"damage_taken":[{"damage":2,"enemies":"2 Louse","floor":1,"turns":3},{"damage":0,"enemies":"Jaw Worm","floor":10,"turns":3},{"damage":14,"enemies":"Gremlin Nob","floor":11,"turns":3},{"damage":21,"enemies":"3 Sentries","floor":13,"turns":8},{"damage":13,"enemies":"The Guardian","floor":16,"turns":8},{"damage":15,"enemies":"Spheric Guardian","floor":18,"turns":4},{"damage":1,"enemies":"Chosen","floor":21,"turns":5},{"damage":12,"enemies":"Shelled Parasite and Fungi","floor":22,"turns":5},{"damage":10,"enemies":"Gremlin Leader","floor":23,"turns":5},{"damage":46,"enemies":"Slavers","floor":27,"turns":3},{"damage":9,"enemies":"Book of Stabbing","floor":29,"turns":4},{"damage":17,"enemies":"Snake Plant","floor":30,"turns":3},{"damage":7,"enemies":"Centurion and Healer","floor":31,"turns":5},{"damage":37,"enemies":"Champ","floor":33,"turns":7},{"damage":7,"enemies":"Orb Walker","floor":35,"turns":4},{"damage":56,"enemies":"3 Shapes","floor":37,"turns":3},{"damage":11,"enemies":"Reptomancer","floor":39,"turns":4},{"damage":19,"enemies":"4 Shapes","floor":41,"turns":2},{"damage":14,"enemies":"Mysterious Sphere","floor":42,"turns":3},{"damage":19,"enemies":"Nemesis","floor":44,"turns":7},{"damage":0,"enemies":"Giant Head","floor":47,"turns":5},{"damage":19,"enemies":"3 Darklings","floor":48,"turns":3},{"damage":74,"enemies":"Awakened One","floor":50,"turns":7}],"seed_played":"1972932685027055722","potions_obtained":[{"floor":16,"key":"Swift Potion"},{"floor":21,"key":"LiquidBronze"},{"floor":22,"key":"Block Potion"},{"floor":27,"key":"AttackPotion"},{"floor":30,"key":"GamblersBrew"},{"floor":31,"key":"Dexterity Potion"},{"floor":39,"key":"SkillPotion"},{"floor":47,"key":"Energy Potion"},{"floor":48,"key":"GamblersBrew"}],"is_trial":true,"path_per_floor":["M","?","?","$","?","R","?","R","T","M","E","R","E","$","R","B",null,"M","?","?","M","M","E","R","$","T","E","R","E","M","M","R","B",null,"M","$","M","?","M","R","M","?","T","E","R","$","E","M","R"],"character_chosen":"THE_SILENT","items_purchased":["Backflip","Crippling Poison","Apotheosis","Noxious Fumes+1","Singing Bowl","PreservedInsect","Die Die Die","Bottled Tornado","Girya","Terror+1","Catalyst+1","Blood Vial"],"campfire_rested":4,"item_purchase_floors":[4,4,14,25,25,25,25,36,36,36,46,46],"current_hp_per_floor":[68,68,61,61,61,61,61,61,61,61,47,47,26,26,47,34,70,55,55,42,41,41,43,75,75,75,41,75,66,49,42,75,38,79,79,79,35,35,36,36,29,27,27,32,32,32,46,41,41,0],"gold":207,"neow_bonus":"","is_prod":false,"is_daily":false,"chose_seed":false,"campfire_upgraded":3,"win_rate":0,"timestamp":1539403869,"path_taken":["M","?","?","$","?","R","?","R","T","M","E","R","E","$","R","BOSS","M","?","?","M","?","E","R","$","T","E","R","?","M","M","R","BOSS","M","$","M","?","M","R","?","?","T","E","R","$","E","M","R","BOSS"],"build_version":"2018-10-11","purchased_purges":2,"victory":false,"max_hp_per_floor":[70,70,70,70,70,70,70,70,70,70,70,70,70,70,70,70,70,70,70,75,75,75,75,75,75,75,75,75,75,75,75,75,75,79,86,86,86,86,86,86,86,86,86,98,98,98,98,98,98,98],"card_choices":[{"not_picked":["Slice","Backflip"],"picked":"Poisoned Stab","floor":0},{"not_picked":["Masterful Stab","Expertise"],"picked":"Dodge and Roll","floor":0},{"not_picked":["Blade Dance","PiercingWail"],"picked":"Poisoned Stab","floor":0},{"not_picked":["Sucker Punch","Acrobatics"],"picked":"Deadly Poison","floor":0},{"not_picked":["Quick Slash","Dodge and Roll"],"picked":"Poisoned Stab","floor":0},{"not_picked":["Calculated Gamble","Dodge and Roll"],"picked":"Bane","floor":0},{"not_picked":["Dodge and Roll","Cloak And Dagger"],"picked":"Poisoned Stab","floor":0},{"not_picked":["Quick Slash","Outmaneuver"],"picked":"Deflect","floor":0},{"not_picked":["Prepared","Backstab"],"picked":"Catalyst","floor":0},{"not_picked":["Deadly Poison","Flying Knee"],"picked":"Backflip","floor":0},{"not_picked":["Backstab","Prepared"],"picked":"PiercingWail","floor":0},{"not_picked":["Acrobatics","Dagger Spray"],"picked":"Backflip","floor":0},{"not_picked":["Cloak And Dagger","Flying Knee"],"picked":"Blur","floor":0},{"not_picked":["Prepared","Blade Dance"],"picked":"Deadly Poison","floor":0},{"not_picked":["Dagger Spray","Masterful Stab"],"picked":"Flying Knee","floor":0},{"not_picked":["Unload","Corpse Explosion"],"picked":"After Image","floor":11},{"not_picked":["Die Die Die","Venomology","Unload"],"picked":"Corpse Explosion","floor":13},{"not_picked":["Storm of Steel","Adrenaline","Corpse Explosion"],"picked":"Envenom","floor":16},{"not_picked":["Malaise","Glass Knife","A Thousand Cuts+1"],"picked":"Envenom+1","floor":23},{"not_picked":["Unload","Corpse Explosion+1","Malaise+1"],"picked":"Envenom+1","floor":27},{"not_picked":["Tools of the Trade+1","Wraith Form v2+1","A Thousand Cuts+1"],"picked":"Die Die Die","floor":29},{"not_picked":["Grand Finale","Envenom+1","Bullet Time+1"],"picked":"After Image+1","floor":33},{"not_picked":["Prepared+1","Outmaneuver+1","Deflect+1","Sucker Punch+1"],"picked":"Singing Bowl","floor":34},{"not_picked":["Escape Plan+1","Flying Knee+1","Storm of Steel+1"],"picked":"Deadly Poison+1","floor":34},{"not_picked":["Blade Dance+1","Underhanded Strike+1","Backflip+1","Caltrops+1"],"picked":"Singing Bowl","floor":34},{"not_picked":["Leg Sweep+1","Prepared+1","Dagger Throw+1"],"picked":"Dagger Spray+1","floor":34},{"not_picked":["Underhanded Strike+1","Reflex+1","Riddle With Holes+1"],"picked":"Noxious Fumes+1","floor":34},{"not_picked":["Dodge and Roll+1","Flying Knee+1","Backflip+1"],"picked":"Backstab+1","floor":42},{"not_picked":["Bullet Time+1","Glass Knife+1","Phantasmal Killer+1","Wraith Form v2+1"],"picked":"Singing Bowl","floor":44},{"not_picked":["Burst+1","Envenom+1","Wraith Form v2+1"],"picked":"Adrenaline+1","floor":47}],"player_experience":291719,"relics_obtained":[{"floor":1,"key":"Vajra"},{"floor":9,"key":"Lantern"},{"floor":10,"key":"MawBank"},{"floor":11,"key":"Question Card"},{"floor":13,"key":"Dead Branch"},{"floor":16,"key":"Meat on the Bone"},{"floor":18,"key":"The Courier"},{"floor":21,"key":"Frozen Egg 2"},{"floor":22,"key":"Omamori"},{"floor":23,"key":"Regal Pillow"},{"floor":26,"key":"Toxic Egg 2"},{"floor":27,"key":"Ancient Tea Set"},{"floor":29,"key":"Du-Vu Doll"},{"floor":30,"key":"Ornamental Fan"},{"floor":31,"key":"Snake Skull"},{"floor":33,"key":"Molten Egg 2"},{"floor":35,"key":"Strawberry"},{"floor":37,"key":"Mercury Hourglass"},{"floor":39,"key":"Sundial"},{"floor":41,"key":"Shovel"},{"floor":42,"key":"Pocketwatch"},{"floor":43,"key":"Pantograph"},{"floor":44,"key":"Pear"},{"floor":47,"key":"Potion Belt"},{"floor":48,"key":"Boot"}],"event_choices":[{"event_name":"Liars Game","player_choice":"agreed","floor":2,"damage_taken":0},{"event_name":"Golden Wing","player_choice":"Card Removal","floor":3,"damage_taken":0},{"event_name":"Transmorgrifier","player_choice":"Transform","floor":5,"damage_taken":0},{"event_name":"Living Wall","player_choice":"Grow","floor":7,"damage_taken":0},{"event_name":"The Mausoleum","player_choice":"Yes","floor":19,"damage_taken":0},{"event_name":"Forgotten Altar","player_choice":"Shed Blood","floor":20,"damage_taken":0},{"event_name":"Purifier","player_choice":"One Purge","floor":38,"damage_taken":0},{"event_name":"Mysterious Sphere","player_choice":"Fight","floor":42,"damage_taken":0}],"is_beta":false,"boss_relics":[{"not_picked":["Calling Bell","WristBlade"],"picked":"HoveringKite"},{"not_picked":["Black Star","Sozu"],"picked":"Orrery"}],"items_purged_floors":[4,25],"is_endless":true,"potions_floor_spawned":[16,21,22,27,30,31,39,47,48],"killed_by":"Awakened One","ascension_level":0}