{"gold_per_floor":[116,4,4,15,35,67,67,95,141,141,151,151,151,151,151,249,249,264,264,264,59,82,82,118,141,141,66,66,82,82,102,102,195,258,276,4,1003,1029,49,49,49],"floor_reached":41,"playtime":1080,"items_purged":["Injury","Pain"],"score":880,"play_id":"5f13e1fa-462c-4f2e-9c79-0364db34fe98","local_time":"20181218060032","is_ascension_mode":true,"campfire_choices":[{"data":"Zap","floor":7.0,"key":"SMITH"},{"data":"Defragment","floor":10.0,"key":"SMITH"},{"data":"Fission","floor":12.0,"key":"SMITH"},{"data":"Dualcast","floor":15.0,"key":"SMITH"},{"data":"Reprogram","floor":23.0,"key":"SMITH"},{"floor":32.0,"key":"REST"},{"data":"Capacitor","floor":40,"key":"SMITH"}],"neow_cost":"NONE","seed_source_timestamp":387574772973179,"circlet_count":0,"master_deck":["AscendersBane","Strike_B+1","Strike_B+1","Strike_B+1","Strike_B+1","Defend_B+1","Defend_B+1","Defend_B+1","Defend_B+1","Zap+1","Dualcast+1","Ball Lightning+1","Self Repair+1","Cold Snap","Defragment+1","Ball Lightning+1","Cold Snap","Fission+1","Multi-Cast+1","Conserve Battery","Reprogram+1","Sweeping Beam","Stack+1","Go for the Eyes","Double Energy+1","Go for the Eyes+1","Reboot","BootSequence","Ball Lightning","Normality","Normality","Capacitor+1"],"special_seed":0,"relics":["Cracked Core","Blue Candle","Boot","Bronze Scales","Anchor","Golden Idol","Inserter","Whetstone","Centennial Puzzle","Question Card","WarpedTongs","Tiny House","Lantern","Vajra","OrangePellets","Pear","Torii"],"potions_floor_usage":[],"damage_taken":[{"damage":7.0,"enemies":"Cultist","floor":1.0,"turns":4.0},{"damage":21.0,"enemies":"Small Slimes","floor":4.0,"turns":3.0},{"damage":0.0,"enemies":"2 Louse","floor":5.0,"turns":2.0},{"damage":5.0,"enemies":"Lagavulin","floor":6.0,"turns":7.0},{"damage":17.0,"enemies":"Gremlin Nob","floor":8.0,"turns":4.0},{"damage":2.0,"enemies":"Exordium Wildlife","floor":11.0,"turns":4.0},{"damage":26.0,"enemies":"Hexaghost","floor":16.0,"turns":8.0},{"damage":18.0,"enemies":"Spheric Guardian","floor":18.0,"turns":4.0},{"damage":20.0,"enemies":"2 Thieves","floor":22.0,"turns":4.0},{"damage":23.0,"enemies":"Book of Stabbing","floor":24.0,"turns":4.0},{"damage":18.0,"enemies":"3 Cultists","floor":25.0,"turns":5.0},{"damage":11.0,"enemies":"Cultist and Chosen","floor":29.0,"turns":6.0},{"damage":6.0,"enemies":"Centurion and Healer","floor":31.0,"turns":6.0},{"damage":50.0,"enemies":"Automaton","floor":33.0,"turns":10.0},{"damage":3.0,"enemies":"Orb Walker","floor":35.0,"turns":3.0},{"damage":112,"enemies":"Reptomancer","floor":41,"turns":8}],"seed_played":"-2741888095109716834","potions_obtained":[{"floor":5.0,"key":"FocusPotion"},{"floor":6.0,"key":"Block Potion"},{"floor":11.0,"key":"Ancient Potion"},{"floor":16.0,"key":"FearPotion"},{"floor":24.0,"key":"GamblersBrew"},{"floor":29.0,"key":"Block Potion"},{"floor":31.0,"key":"Dexterity Potion"},{"floor":34.0,"key":"SpeedPotion"}],"is_trial":false,"path_per_floor":["M","$","?","M","M","E","R","E","T","R","M","R","?","?","R","B",null,"M","?","?","$","M","R","E","M","T","$","?","M","?","M","R","B",null,"M","$","?","T","$","R","E"],"character_chosen":"DEFECT","items_purchased":["Ball Lightning","Self Repair","Whetstone","Reprogram","Lantern","Fruit Juice","Capacitor","OrangePellets","Pear","Torii"],"campfire_rested":1,"item_purchase_floors":[2,2,21,21,36,36,39,39,39,39],"current_hp_per_floor":[64,64,64,50,57,59,59,49,49,49,54,54,54,31,31,15,62,54,54,54,54,44,44,31,23,23,23,23,22,38,42,65,25,70,67,72,72,72,82,82,0],"gold":49,"neow_bonus":"TEN_PERCENT_HP_BONUS","is_prod":false,"is_daily":false,"chose_seed":false,"campfire_upgraded":6,"win_rate":0,"timestamp":1545080432,"path_taken":["M","$","?","M","M","E","R","E","T","R","?","R","?","?","R","BOSS","M","?","?","?","M","R","E","?","T","$","?","?","?","M","R","BOSS","M","$","?","?","$","R","E"],"build_version":"2018-12-13","purchased_purges":2,"victory":false,"max_hp_per_floor":[78,78,78,78,78,78,78,78,78,78,78,78,78,78,78,78,78,78,78,78,78,78,78,78,78,78,78,78,78,78,78,78,78,83,83,88,88,88,98,98,98],"card_choices":[{"not_picked":["Skim","Redo"],"picked":"Leap","floor":1.0},{"not_picked":["Rebound","Gash"],"picked":"Cold Snap","floor":4.0},{"not_picked":["Compile Driver","Force Field"],"picked":"Defragment","floor":5.0},{"not_picked":["Sunder","Go for the Eyes"],"picked":"Ball Lightning","floor":6.0},{"not_picked":["Steam","Barrage"],"picked":"Cold Snap","floor":8.0},{"not_picked":["Redo","Streamline"],"picked":"Fission","floor":11.0},{"not_picked":["Thunder Strike","Hyperbeam"],"picked":"Multi-Cast","floor":16.0},{"not_picked":["Compile Driver","Rebound+1"],"picked":"Conserve Battery","floor":18.0},{"not_picked":["Stack","Heatsinks"],"picked":"Sweeping Beam","floor":22.0},{"not_picked":["Chaos","White Noise"],"picked":"Stack+1","floor":24.0},{"not_picked":["Rebound","Coolheaded"],"picked":"Go for the Eyes","floor":25.0},{"not_picked":["White Noise","Compile Driver","Hyperbeam"],"picked":"Double Energy+1","floor":29.0},{"not_picked":["Lockon","Loop","Fusion"],"picked":"Go for the Eyes+1","floor":31.0},{"not_picked":["Amplify","Multi-Cast","Rainbow"],"picked":"Reboot","floor":33.0},{"not_picked":["Turbo","Reprogram","Static Discharge"],"picked":"BootSequence","floor":34.0},{"not_picked":["Leap","Stack","Compile Driver"],"picked":"Ball Lightning","floor":35.0}],"player_experience":815347,"relics_obtained":[{"floor":6.0,"key":"Boot"},{"floor":8.0,"key":"Bronze Scales"},{"floor":9.0,"key":"Anchor"},{"floor":24.0,"key":"Centennial Puzzle"},{"floor":26.0,"key":"Question Card"},{"floor":38,"key":"Vajra"}],"event_choices":[{"cards_removed":["Leap"],"damage_healed":0.0,"max_hp_gain":0.0,"max_hp_loss":0.0,"gold_gain":0.0,"event_name":"WeMeetAgain","player_choice":"Gave Card","floor":3.0,"gold_loss":0.0,"damage_taken":0.0,"relics_obtained":["Blue Candle"]},{"damage_healed":0.0,"max_hp_gain":0.0,"max_hp_loss":0.0,"gold_gain":0.0,"event_name":"Golden Idol","player_choice":"Take Wound","floor":13.0,"gold_loss":0.0,"damage_taken":0.0,"relics_obtained":["Golden Idol"],"cards_obtained":["Injury"]},{"damage_healed":0.0,"max_hp_gain":0.0,"max_hp_loss":0.0,"gold_gain":0.0,"event_name":"Shining Light","player_choice":"Entered Light","floor":14.0,"gold_loss":0.0,"damage_taken":23.0,"cards_upgraded":["Defend_B","Self Repair"]},{"damage_healed":0.0,"max_hp_gain":0.0,"max_hp_loss":0.0,"gold_gain":0.0,"event_name":"Back to Basics","player_choice":"Simplicity","floor":19.0,"gold_loss":0.0,"damage_taken":0.0,"cards_upgraded":["Strike_B","Strike_B","Strike_B","Strike_B","Defend_B","Defend_B","Defend_B"]},{"damage_healed":0.0,"max_hp_gain":0.0,"max_hp_loss":0.0,"gold_gain":0.0,"event_name":"Ghosts","player_choice":"Ignored","floor":20.0,"gold_loss":0.0,"damage_taken":0.0},{"damage_healed":0.0,"max_hp_gain":0.0,"max_hp_loss":0.0,"gold_gain":0.0,"event_name":"Accursed Blacksmith","player_choice":"Rummage","floor":28.0,"gold_loss":0.0,"damage_taken":0.0,"relics_obtained":["WarpedTongs"],"cards_obtained":["Pain"]},{"damage_healed":16.0,"max_hp_gain":0.0,"max_hp_loss":0.0,"gold_gain":0.0,"event_name":"The Library","player_choice":"Heal","floor":30.0,"gold_loss":0.0,"damage_taken":0.0},{"damage_healed":0,"gold_gain":999,"player_choice":"Gold","damage_taken":0,"max_hp_gain":0,"max_hp_loss":0,"event_name":"MindBloom","floor":37,"gold_loss":0,"cards_obtained":["Normality","Normality"]}],"is_beta":false,"boss_relics":[{"not_picked":["White Beast Statue","Black Star"],"picked":"Inserter"},{"not_picked":["Runic Pyramid","Empty Cage"],"picked":"Tiny House"}],"items_purged_floors":[27,39],"is_endless":false,"potions_floor_spawned":[5,6,11,16,22,24,29,31],"killed_by":"Reptomancer","ascension_level":20}