{"gold_per_floor":[311,311,328,31,46,46,46,46,46,46,84,9,50,70,70,201,201],"floor_reached":17,"playtime":885,"items_purged":["Injury"],"score":163,"play_id":"d19e49a5-2c8f-4a62-ba05-cad30c7a02e1","local_time":"20190215174115","is_ascension_mode":false,"campfire_choices":[{"data":"Catalyst","floor":6,"key":"SMITH"},{"data":"Poisoned Stab","floor":8,"key":"SMITH"},{"data":"Sucker Punch","floor":15,"key":"SMITH"}],"neow_cost":"NO_GOLD","seed_source_timestamp":257946946541,"circlet_count":0,"master_deck":["Defend_G","Defend_G","Defend_G","Defend_G","Defend_G","Strike_G","Strike_G","Strike_G","Strike_G","Strike_G","Survivor","Neutralize","Sucker Punch+1","Dagger Spray","Poisoned Stab+1","Catalyst+1","Quick Slash","Outmaneuver","Flying Knee","Night Terror"],"relics":["Ring of the Snake","Old Coin","Shuriken","Golden Idol","Ornamental Fan","Nunchaku","Bag of Marbles","Potion Belt"],"potions_floor_usage":[16],"damage_taken":[{"damage":5,"enemies":"2 Louse","floor":1,"turns":3},{"damage":0,"enemies":"Small Slimes","floor":3,"turns":3},{"damage":0,"enemies":"Jaw Worm","floor":5,"turns":4},{"damage":15,"enemies":"Gremlin Nob","floor":11,"turns":4},{"damage":7,"enemies":"3 Sentries","floor":13,"turns":6},{"damage":0,"enemies":"Exordium Thugs","floor":14,"turns":2},{"damage":23,"enemies":"Slime Boss","floor":16,"turns":8}],"seed_played":"-1547619306458302120","potions_obtained":[{"floor":3,"key":"Swift Potion"},{"floor":13,"key":"Weak Potion"}],"is_trial":false,"path_per_floor":["M","?","M","$","M","R","?","R","T","?","E","$","E","M","R","B",null],"character_chosen":"THE_SILENT","items_purchased":["Shuriken","Poisoned Stab"],"campfire_rested":0,"item_purchase_floors":[4,4],"current_hp_per_floor":[65,65,65,65,65,65,65,65,65,65,50,50,43,43,43,20,20],"gold":201,"neow_bonus":"ONE_RARE_RELIC","is_prod":false,"is_daily":false,"chose_seed":false,"campfire_upgraded":3,"win_rate":0.0,"timestamp":1550248875,"path_taken":["M","?","M","$","M","R","?","R","T","?","E","$","E","M","R","BOSS"],"build_version":"2019-01-23","purchased_purges":1,"victory":false,"max_hp_per_floor":[70,70,70,70,70,70,70,70,70,70,70,70,70,70,70,70,70],"card_choices":[{"not_picked":["Slice","Acrobatics"],"picked":"Sucker Punch","floor":1},{"not_picked":["Skewer","Dodge and Roll"],"picked":"Dagger Spray","floor":3},{"not_picked":["Predator","PiercingWail"],"picked":"Catalyst","floor":5},{"not_picked":["Flying Knee","Accuracy"],"picked":"Quick Slash","floor":11},{"not_picked":["Dodge and Roll","Underhanded Strike"],"picked":"Outmaneuver","floor":13},{"not_picked":["Underhanded Strike","Acrobatics"],"picked":"Flying Knee","floor":14},{"not_picked":["Malaise","Storm of Steel"],"picked":"Night Terror","floor":16}],"player_experience":32201,"relics_obtained":[{"floor":9,"key":"Ornamental Fan"},{"floor":11,"key":"Bag of Marbles"},{"floor":13,"key":"Potion Belt"}],"event_choices":[{"damage_healed":0,"gold_gain":0,"player_choice":"Ignored","damage_taken":0,"max_hp_gain":0,"max_hp_loss":0,"event_name":"Golden Wing","floor":2,"gold_loss":0},{"damage_healed":0,"gold_gain":0,"player_choice":"Take Wound","damage_taken":0,"relics_obtained":["Golden Idol"],"max_hp_gain":0,"max_hp_loss":0,"event_name":"Golden Idol","floor":7,"gold_loss":0,"cards_obtained":["Injury"]},{"damage_healed":0,"gold_gain":0,"player_choice":"Gave Potion","damage_taken":0,"relics_obtained":["Nunchaku"],"max_hp_gain":0,"max_hp_loss":0,"event_name":"WeMeetAgain","floor":10,"gold_loss":0}],"is_beta":false,"boss_relics":[],"items_purged_floors":[12],"is_endless":false,"potions_floor_spawned":[3,13],"ascension_level":0}