{"gold_per_floor":[115,40,40,58,58,58,74,74,100,112,130,148,48,59,59,161,161,171,187,31,45,63,63,63],"floor_reached":24,"playtime":1403,"items_purged":["Normality","Strike_R"],"score":230,"play_id":"3da4b6df-ff19-44c3-aaad-a40351a3dc3d","local_time":"20181021145527","is_ascension_mode":true,"campfire_choices":[{"data":"Spot Weakness","floor":6.0,"key":"SMITH"},{"data":"Iron Wave","floor":8.0,"key":"SMITH"},{"data":"Flame Barrier","floor":15.0,"key":"SMITH"},{"data":"Demon Form","floor":23,"key":"SMITH"}],"neow_cost":"CURSE","seed_source_timestamp":170575520383872,"circlet_count":0,"master_deck":["Strike_R","Strike_R","Strike_R","Strike_R","Defend_R","Defend_R","Defend_R","Defend_R","Bash","Spot Weakness+1","Iron Wave+1","Uppercut","Inflame","Flame Barrier+1","Cleave","Demon Form+1","Shrug It Off","Shrug It Off","Rage","Shockwave","Heavy Blade","Rage"],"special_seed":0,"relics":["Burning Blood","StoneCalendar","WarpedTongs","Happy Flower","Orrery","Lantern"],"potions_floor_usage":[24],"damage_taken":[{"damage":1.0,"enemies":"Cultist","floor":1.0,"turns":4.0},{"damage":4.0,"enemies":"2 Louse","floor":4.0,"turns":3.0},{"damage":10.0,"enemies":"Small Slimes","floor":7.0,"turns":3.0},{"damage":2.0,"enemies":"Exordium Wildlife","floor":10.0,"turns":3.0},{"damage":13.0,"enemies":"Gremlin Gang","floor":11.0,"turns":6.0},{"damage":7.0,"enemies":"Looter","floor":12.0,"turns":3.0},{"damage":2.0,"enemies":"3 Louse","floor":14.0,"turns":3.0},{"damage":3.0,"enemies":"Slime Boss","floor":16.0,"turns":7.0},{"damage":27.0,"enemies":"3 Byrds","floor":18.0,"turns":5.0},{"damage":24.0,"enemies":"Shell Parasite","floor":19.0,"turns":5.0},{"damage":21.0,"enemies":"Centurion and Healer","floor":21.0,"turns":7.0},{"damage":10.0,"enemies":"3 Cultists","floor":22.0,"turns":5.0},{"damage":30,"enemies":"Book of Stabbing","floor":24,"turns":4}],"seed_played":"574945204372444690","potions_obtained":[{"floor":7.0,"key":"GamblersBrew"},{"floor":10.0,"key":"SteroidPotion"},{"floor":16.0,"key":"Swift Potion"},{"floor":18.0,"key":"BloodPotion"},{"floor":22,"key":"EssenceOfSteel"}],"is_trial":false,"path_per_floor":["M","$","?","M","?","R","M","R","T","M","M","M","$","M","R","B",null,"M","M","$","M","M","R"],"character_chosen":"IRONCLAD","items_purchased":["Lantern"],"campfire_rested":0,"item_purchase_floors":[20],"current_hp_per_floor":[80,80,80,80,73,73,69,69,69,73,66,65,65,69,69,72,80,59,49,49,34,30,30,0],"gold":63,"neow_bonus":"ONE_RARE_RELIC","is_prod":false,"is_daily":false,"chose_seed":false,"campfire_upgraded":4,"win_rate":0,"timestamp":1540095927,"path_taken":["M","$","?","M","?","R","M","R","T","M","?","M","$","?","R","BOSS","M","?","$","M","M","R","E"],"build_version":"2018-10-18","purchased_purges":2,"victory":false,"max_hp_per_floor":[80,80,80,80,80,80,80,80,80,80,80,80,80,80,80,80,80,80,80,80,80,80,80,80],"card_choices":[{"not_picked":["Anger","Dual Wield"],"picked":"Spot Weakness","floor":1.0},{"not_picked":["Headbutt","Warcry"],"picked":"Iron Wave","floor":4.0},{"not_picked":["Wild Strike","Fiend Fire"],"picked":"Uppercut","floor":7.0},{"not_picked":["Flex","Havoc"],"picked":"Inflame","floor":10.0},{"not_picked":["Perfected Strike","Pommel Strike","Headbutt"],"picked":"SKIP","floor":11.0},{"not_picked":["Seeing Red","Hemokinesis"],"picked":"Flame Barrier","floor":12.0},{"not_picked":["Bloodletting","Clash"],"picked":"Cleave","floor":14.0},{"not_picked":["Fiend Fire","Impervious"],"picked":"Demon Form","floor":16.0},{"not_picked":["Wild Strike","Sever Soul"],"picked":"Shrug It Off","floor":17.0},{"not_picked":["Wild Strike","Corruption"],"picked":"Shrug It Off","floor":17.0},{"not_picked":["Wild Strike","Combust"],"picked":"Rage","floor":17.0},{"not_picked":["Perfected Strike","Warcry"],"picked":"Shockwave","floor":17.0},{"not_picked":["Clothesline","Armaments+1"],"picked":"Heavy Blade","floor":18.0},{"not_picked":["Fire Breathing","Clash"],"picked":"Rage","floor":19.0},{"not_picked":["Corruption+1","Second Wind+1","Wild Strike"],"picked":"SKIP","floor":21.0},{"not_picked":["Sword Boomerang","Hemokinesis+1","Clash"],"picked":"SKIP","floor":22}],"player_experience":328598,"relics_obtained":[{"floor":9.0,"key":"Happy Flower"}],"event_choices":[{"damage_healed":0.0,"max_hp_gain":0.0,"max_hp_loss":0.0,"gold_gain":0.0,"event_name":"Accursed Blacksmith","player_choice":"Rummage","floor":3.0,"gold_loss":0.0,"damage_taken":0.0,"relics_obtained":["WarpedTongs"],"cards_obtained":["Pain"]},{"cards_removed":["Pain"],"damage_healed":0.0,"max_hp_gain":0.0,"max_hp_loss":0.0,"gold_gain":0.0,"event_name":"Golden Wing","player_choice":"Card Removal","floor":5.0,"gold_loss":0.0,"damage_taken":7.0}],"is_beta":false,"boss_relics":[{"not_picked":["Pandora\u0027s Box","Mark of Pain"],"picked":"Orrery"}],"items_purged_floors":[2,13],"is_endless":false,"potions_floor_spawned":[7,10,16,18,22],"killed_by":"Book of Stabbing","ascension_level":4}