{"gold_per_floor":[109,120,131,149,67,67,96,96,96,125,90,125,125,135,135,237,237,254,169,186,186,186,206,226,226,273,273,110,139,23,36,36,135,135,150,199,212,19,0,0,0,0,0,0,15,32,47,47,47,47],"floor_reached":51,"playtime":3677,"items_purged":[],"score":851,"play_id":"ee9743c0-6f56-4bc2-8cd8-37f8a96f6968","local_time":"20180923120422","is_ascension_mode":true,"campfire_choices":[{"data":"Zap","floor":6,"key":"SMITH"},{"data":"Consume","floor":8,"key":"SMITH"},{"floor":13,"key":"REST"},{"floor":15,"key":"REST"},{"floor":27,"key":"REST"},{"data":"Go for the Eyes","floor":32,"key":"SMITH"},{"data":"Multi-Cast","floor":40,"key":"SMITH"},{"data":"White Noise","floor":44,"key":"SMITH"},{"data":"Dualcast","floor":49,"key":"SMITH"}],"neow_cost":"NONE","seed_source_timestamp":816510772486822,"circlet_count":0,"master_deck":["Defend_B","Defend_B","Defend_B","Defend_B","Zap+1","Dualcast+1","Hologram","Undo","Defragment","Consume+1","Capacitor","Doom and Gloom","Ball Lightning","White Noise+1","Electrodynamics","Steam","Ball Lightning","Writhe","Bite","Bite","Bite","Bite","Bite","BootSequence","Conserve Battery+1","Go for the Eyes+1","Auto Shields","Multi-Cast+1","Conserve Battery+1","Conserve Battery+1","Loop+1"],"relics":["Cracked Core","Art of War","Singing Bowl","The Courier","Centennial Puzzle","Bag of Preparation","Inserter","Meat on the Bone","Blue Candle","Symbiotic Virus","Smiling Mask","Bronze Scales","Pen Nib","Strawberry","Runic Pyramid","Thread and Needle","Cables","Red Mask","Bag of Marbles","SsserpentHead"],"potions_floor_usage":[10,12,16,16,16,18,29,33,47,50,50],"damage_taken":[{"damage":4,"enemies":"Small Slimes","floor":1,"turns":3},{"damage":4,"enemies":"Jaw Worm","floor":2,"turns":4},{"damage":1,"enemies":"2 Louse","floor":3,"turns":2},{"damage":1,"enemies":"2 Fungi Beasts","floor":4,"turns":4},{"damage":12,"enemies":"Lagavulin","floor":7,"turns":6},{"damage":26,"enemies":"3 Sentries","floor":10,"turns":6},{"damage":32,"enemies":"Gremlin Nob","floor":12,"turns":4},{"damage":8,"enemies":"Large Slime","floor":14,"turns":4},{"damage":14,"enemies":"The Guardian","floor":16,"turns":7},{"damage":10,"enemies":"Spheric Guardian","floor":18,"turns":4},{"damage":40,"enemies":"Shell Parasite","floor":20,"turns":9},{"damage":19,"enemies":"Snecko","floor":23,"turns":4},{"damage":3,"enemies":"Cultist and Chosen","floor":24,"turns":4},{"damage":20,"enemies":"Gremlin Leader","floor":29,"turns":4},{"damage":8,"enemies":"3 Cultists","floor":31,"turns":4},{"damage":30,"enemies":"Automaton","floor":33,"turns":6},{"damage":11,"enemies":"3 Shapes","floor":35,"turns":3},{"damage":15,"enemies":"Mysterious Sphere","floor":36,"turns":5},{"damage":1,"enemies":"Orb Walker","floor":37,"turns":5},{"damage":1,"enemies":"4 Shapes","floor":45,"turns":2},{"damage":1,"enemies":"Reptomancer","floor":46,"turns":5},{"damage":12,"enemies":"Transient","floor":47,"turns":5},{"damage":47,"enemies":"Donu and Deca","floor":50,"turns":7}],"seed_played":"8273371029298039942","potions_obtained":[{"floor":2,"key":"Dexterity Potion"},{"floor":7,"key":"Weak Potion"},{"floor":14,"key":"EntropicBrew"},{"floor":16,"key":"Block Potion"},{"floor":24,"key":"Explosive Potion"},{"floor":29,"key":"PowerPotion"},{"floor":33,"key":"Swift Potion"},{"floor":36,"key":"LiquidBronze"},{"floor":37,"key":"Strength Potion"},{"floor":45,"key":"Weak Potion"}],"is_trial":false,"path_per_floor":["M","M","M","M","$","R","E","R","T","E","?","E","R","M","R","B",null,"M","?","M","?","?","M","M","T","T","R","$","E","$","M","R","B",null,"M","?","M","$","?","R","?","$","T","R","M","M","M","?","R","B"],"character_chosen":"DEFECT","items_purchased":["Capacitor","Bronze Scales","Go for the Eyes","Strawberry","Cables"],"campfire_rested":3,"item_purchase_floors":[5,28,28,30,38],"current_hp_per_floor":[64,60,59,58,58,58,46,46,46,20,38,6,28,22,45,31,66,56,56,28,28,28,23,36,36,36,51,51,39,46,44,44,38,56,51,44,47,47,47,47,47,47,47,47,48,57,49,49,49,20],"gold":47,"neow_bonus":"RANDOM_COMMON_RELIC","is_prod":false,"is_daily":false,"chose_seed":false,"campfire_upgraded":6,"win_rate":0,"timestamp":1537729462,"path_taken":["M","M","M","M","$","R","E","R","T","E","?","E","R","M","R","BOSS","M","?","M","?","?","?","M","?","T","R","$","E","?","M","R","BOSS","M","?","M","$","?","R","?","?","T","R","M","M","M","?","R","BOSS"],"build_version":"2018-09-20","purchased_purges":0,"victory":true,"max_hp_per_floor":[75,75,75,75,75,75,75,75,75,75,75,75,75,77,77,77,77,77,77,77,77,53,53,53,53,53,53,53,53,60,62,62,62,62,64,66,68,68,68,68,68,68,68,68,70,70,70,70,70,70],"card_choices":[{"not_picked":["Stack","Tempest"],"picked":"Hologram","floor":1},{"not_picked":["Streamline","Turbo"],"picked":"Undo","floor":2},{"not_picked":["Barrage","Doom and Gloom"],"picked":"Defragment","floor":3},{"not_picked":["Coolheaded","Rebound"],"picked":"Consume","floor":4},{"not_picked":["Gash","Capacitor"],"picked":"Doom and Gloom","floor":7},{"not_picked":["Biased Cognition","Chaos"],"picked":"Ball Lightning","floor":10},{"not_picked":["Sweeping Beam","Hologram"],"picked":"White Noise","floor":12},{"not_picked":["Rebound","Redo","Hologram"],"picked":"Singing Bowl","floor":14},{"not_picked":["Meteor Strike","Machine Learning"],"picked":"Electrodynamics","floor":16},{"not_picked":["Melter","Turbo"],"picked":"Steam","floor":18},{"not_picked":["Redo","Fusion"],"picked":"Ball Lightning","floor":20},{"not_picked":["Storm","White Noise"],"picked":"BootSequence","floor":23},{"not_picked":["Defragment","BootSequence"],"picked":"Conserve Battery+1","floor":24},{"not_picked":["Stack+1","FTL"],"picked":"Auto Shields","floor":29},{"not_picked":["Doom and Gloom","All For One","Go for the Eyes"],"picked":"Singing Bowl","floor":31},{"not_picked":["Reboot","Biased Cognition"],"picked":"Multi-Cast","floor":33},{"not_picked":["Ball Lightning","Compile Driver","Lockon+1"],"picked":"Singing Bowl","floor":35},{"not_picked":["FTL+1","Rebound+1","Stack+1"],"picked":"Singing Bowl","floor":36},{"not_picked":["Blizzard","Force Field","Heatsinks+1"],"picked":"Singing Bowl","floor":37},{"not_picked":["Recycle","Gash","Redo"],"picked":"Singing Bowl","floor":45},{"not_picked":["Beam Cell+1","Capacitor+1"],"picked":"Conserve Battery+1","floor":46},{"not_picked":["Fusion+1","Hyperbeam"],"picked":"Loop+1","floor":47}],"player_experience":434970,"relics_obtained":[{"floor":7,"key":"Singing Bowl"},{"floor":9,"key":"The Courier"},{"floor":10,"key":"Centennial Puzzle"},{"floor":12,"key":"Bag of Preparation"},{"floor":25,"key":"Symbiotic Virus"},{"floor":26,"key":"Smiling Mask"},{"floor":29,"key":"Pen Nib"},{"floor":36,"key":"Thread and Needle"},{"floor":43,"key":"Bag of Marbles"}],"event_choices":[{"event_name":"The Cleric","player_choice":"Healed","floor":11,"damage_taken":0},{"event_name":"Addict","player_choice":"Obtained Relic","floor":19,"damage_taken":0},{"event_name":"The Mausoleum","player_choice":"Yes","floor":21,"damage_taken":0},{"event_name":"Vampires","player_choice":"Became a vampire","floor":22,"damage_taken":0},{"event_name":"Mysterious Sphere","player_choice":"Fight","floor":36,"damage_taken":0},{"event_name":"Tomb of Lord Red Mask","player_choice":"Paid","floor":39,"damage_taken":0},{"event_name":"Duplicator","player_choice":"One dupe","floor":41,"damage_taken":0},{"event_name":"FaceTrader","player_choice":"Trade","floor":48,"damage_taken":0}],"is_beta":false,"boss_relics":[{"not_picked":["Tiny House","Runic Dome"],"picked":"Inserter"},{"not_picked":["Empty Cage","Calling Bell"],"picked":"Runic Pyramid"}],"items_purged_floors":[],"is_endless":false,"potions_floor_spawned":[2,7,14,16,24,29,33,36,37,45,46],"ascension_level":6}