{"gold_per_floor":[360,379,379,398,385,410,423,458,458,458,472,472,503,503,503,503],"floor_reached":16,"playtime":1153,"items_purged":[],"score":124,"play_id":"cf58547f-c269-4469-9aab-6a9ce47c188e","local_time":"20190214171433","is_ascension_mode":false,"campfire_choices":[{"floor":10,"key":"REST"},{"floor":12,"key":"REST"},{"floor":15,"key":"REST"}],"neow_cost":"TEN_PERCENT_HP_LOSS","seed_source_timestamp":26539153746413,"circlet_count":0,"master_deck":["Defend_G","Defend_G","Defend_G","Defend_G","Defend_G","Strike_G","Strike_G","Strike_G","Strike_G","Strike_G","Survivor","Neutralize","Bouncing Flask","Poisoned Stab","Dodge and Roll","PiercingWail","Burst","Bane","Bane","Dagger Spray+1","Deflect"],"relics":["Ring of the Snake","Strawberry","Vajra","Molten Egg 2","Bottled Flame"],"potions_floor_usage":[6,13,14],"damage_taken":[{"damage":0,"enemies":"Cultist","floor":1,"turns":4},{"damage":5,"enemies":"Small Slimes","floor":2,"turns":3},{"damage":0,"enemies":"Jaw Worm","floor":4,"turns":3},{"damage":12,"enemies":"Exordium Thugs","floor":5,"turns":4},{"damage":22,"enemies":"Gremlin Nob","floor":6,"turns":5},{"damage":10,"enemies":"2 Fungi Beasts","floor":7,"turns":6},{"damage":17,"enemies":"Lagavulin","floor":8,"turns":6},{"damage":14,"enemies":"Blue Slaver","floor":11,"turns":3},{"damage":30,"enemies":"3 Sentries","floor":13,"turns":7},{"damage":0,"enemies":"3 Louse","floor":14,"turns":1},{"damage":0,"enemies":"The Guardian","floor":16,"turns":1}],"seed_played":"-3911668297176524954","potions_obtained":[{"floor":2,"key":"SneckoOil"},{"floor":4,"key":"FearPotion"},{"floor":6,"key":"GamblersBrew"},{"floor":7,"key":"Swift Potion"},{"floor":11,"key":"SmokeBomb"}],"is_trial":false,"path_per_floor":["M","M","?","M","M","E","M","E","T","R","M","R","E","M","R","B"],"character_chosen":"THE_SILENT","items_purchased":[],"campfire_rested":3,"item_purchase_floors":[],"current_hp_per_floor":[63,58,58,58,46,31,21,4,4,25,11,32,2,2,23,23],"gold":503,"neow_bonus":"TWO_FIFTY_GOLD","is_prod":false,"is_daily":false,"chose_seed":false,"campfire_upgraded":0,"win_rate":0.0,"timestamp":1550160873,"path_taken":["M","M","?","M","M","E","M","E","T","R","M","R","E","M","R","BOSS"],"build_version":"2019-01-23","purchased_purges":0,"victory":false,"max_hp_per_floor":[63,63,63,63,63,70,70,70,70,70,70,70,70,70,70,70],"card_choices":[{"not_picked":["Blade Dance","Slice"],"picked":"Bouncing Flask","floor":1},{"not_picked":["Flechettes","Expertise"],"picked":"Poisoned Stab","floor":2},{"not_picked":["Acrobatics","Outmaneuver"],"picked":"Dodge and Roll","floor":4},{"not_picked":["Backflip","Calculated Gamble"],"picked":"PiercingWail","floor":5},{"not_picked":["Adrenaline","Heel Hook"],"picked":"Burst","floor":6},{"not_picked":["Deadly Poison","Quick Slash"],"picked":"Bane","floor":7},{"not_picked":["Calculated Gamble","Tactician"],"picked":"Bane","floor":8},{"not_picked":["Acrobatics","Leg Sweep"],"picked":"Dagger Spray+1","floor":11},{"not_picked":["PiercingWail","Prepared"],"picked":"Deflect","floor":13}],"player_experience":23964,"relics_obtained":[{"floor":6,"key":"Strawberry"},{"floor":8,"key":"Vajra"},{"floor":9,"key":"Molten Egg 2"},{"floor":13,"key":"Bottled Flame"}],"event_choices":[{"damage_healed":0,"gold_gain":0,"player_choice":"Ignored","damage_taken":0,"max_hp_gain":0,"max_hp_loss":0,"event_name":"Purifier","floor":3,"gold_loss":0}],"is_beta":false,"boss_relics":[],"items_purged_floors":[],"is_endless":false,"potions_floor_spawned":[2,4,6,7,11,14],"killed_by":"The Guardian","ascension_level":0}