{"gold_per_floor":[117,192,292,305,317,317,317,267,267,267,267,39,39,54,54,185,185,199,44,44,58,81,81,81,102,102,120,134,147,47,47,47,177,177,197,197,530,544,177,177,197,197,251,0,59,88,112,124],"floor_reached":48,"playtime":3563,"items_purged":["Strike_R","Strike_R","Defend_R"],"score":547,"play_id":"9db4d393-c416-498f-8179-45c89bbd171c","local_time":"20180823102806","is_ascension_mode":false,"campfire_choices":[{"data":"Fire Breathing","floor":7,"key":"SMITH"},{"data":"Armaments","floor":10,"key":"SMITH"},{"data":"Flex","floor":15,"key":"SMITH"},{"data":"Fire Breathing","floor":23,"key":"SMITH"},{"data":"Whirlwind","floor":32,"key":"SMITH"},{"data":"Shockwave","floor":40,"key":"SMITH"}],"neow_cost":"NONE","seed_source_timestamp":223648744049289,"circlet_count":0,"master_deck":["Strike_R","Strike_R","Defend_R","Defend_R","Bash+1","Armaments+1","Headbutt","Fire Breathing+1","Flex+1","Shrug It Off","Iron Wave","Bludgeon","Perfected Strike","Fire Breathing+1","Whirlwind+1","Shockwave+1","Cleave+1","Ghostly","Ghostly","Ghostly","Ghostly","Ghostly","Thunderclap","Headbutt","Headbutt+1","Cleave+1","Feed","Armaments+1","Fire Breathing+1","Carnage+1","Reaper","Iron Wave","Fire Breathing+1","Cleave+1","Shrug It Off+1"],"relics":["Burning Blood","Kunai","Bottled Tornado","Juzu Bracelet","Mark of Pain","Bird Faced Urn","Runic Pyramid","Ornamental Fan","MawBank","Red Mask","StoneCalendar"],"potions_floor_usage":[16,46,48,48],"damage_taken":[{"damage":5,"enemies":"Small Slimes","floor":1,"turns":5},{"damage":1,"enemies":"Jaw Worm","floor":4,"turns":6},{"damage":1,"enemies":"Cultist","floor":5,"turns":3},{"damage":2,"enemies":"3 Louse","floor":14,"turns":3},{"damage":56,"enemies":"Hexaghost","floor":16,"turns":15},{"damage":31,"enemies":"Spheric Guardian","floor":18,"turns":6},{"damage":17,"enemies":"Shell Parasite","floor":21,"turns":5},{"damage":24,"enemies":"Chosen and Byrds","floor":22,"turns":7},{"damage":7,"enemies":"Centurion and Healer","floor":25,"turns":8},{"damage":20,"enemies":"Shelled Parasite and Fungi","floor":27,"turns":7},{"damage":7,"enemies":"3 Cultists","floor":28,"turns":6},{"damage":14,"enemies":"Cultist and Chosen","floor":29,"turns":5},{"damage":14,"enemies":"Automaton","floor":33,"turns":10},{"damage":7,"enemies":"3 Darklings","floor":35,"turns":5},{"damage":15,"enemies":"Flame Bruiser 1 Orb","floor":38,"turns":5},{"damage":8,"enemies":"Maw","floor":41,"turns":10},{"damage":28,"floor":45,"turns":4},{"damage":2,"enemies":"Transient","floor":46,"turns":5},{"damage":28,"enemies":"4 Shapes","floor":47,"turns":4},{"damage":26,"enemies":"Giant Head","floor":48,"turns":5}],"seed_played":"2910424731532454625","potions_obtained":[{"floor":14,"key":"Regen Potion"},{"floor":27,"key":"BloodPotion"},{"floor":28,"key":"AttackPotion"},{"floor":33,"key":"Dexterity Potion"},{"floor":41,"key":"Explosive Potion"},{"floor":46,"key":"FearPotion"}],"is_trial":false,"path_per_floor":["M","?","?","M","M","?","R","?","T","R","?","$","?","M","R","B",null,"M","$","?","M","M","R","?","M","T","M","M","M","$","?","R","B",null,"M","?","?","M","$","R","M","?","T","?","?","M","M"],"character_chosen":"IRONCLAD","items_purchased":["Juzu Bracelet","Flex","Shrug It Off","Fire Breathing","Ornamental Fan"],"campfire_rested":0,"item_purchase_floors":[12,12,12,19,39],"current_hp_per_floor":[80,69,69,74,79,72,72,72,72,72,52,52,57,61,61,26,85,60,60,60,49,31,31,31,30,30,20,23,17,17,17,17,13,42,42,42,42,34,34,34,42,42,42,42,24,32,17,0],"gold":124,"neow_bonus":"UPGRADE_CARD","is_prod":false,"is_daily":false,"chose_seed":false,"campfire_upgraded":6,"win_rate":0.0,"timestamp":1534985886,"path_taken":["M","?","?","M","M","?","R","?","T","R","?","?","?","M","R","BOSS","M","?","?","M","M","R","?","M","T","M","M","M","$","?","R","BOSS","M","?","?","M","$","R","M","?","T","?","?","M","M","E"],"build_version":"2018-08-16","purchased_purges":3,"victory":false,"max_hp_per_floor":[80,80,80,80,80,80,80,80,80,80,80,80,85,85,85,85,85,85,85,85,85,85,85,42,42,42,42,42,42,42,42,42,42,42,42,42,42,42,42,42,46,46,46,46,46,46,49,49],"card_choices":[{"not_picked":["Headbutt","Iron Wave"],"picked":"Armaments","floor":1},{"not_picked":["Pommel Strike","Intimidate"],"picked":"Headbutt","floor":4},{"not_picked":["Twin Strike","Power Through"],"picked":"Fire Breathing","floor":5},{"not_picked":["Shrug It Off","Warcry"],"picked":"Iron Wave","floor":14},{"not_picked":["Berserk","Brutality"],"picked":"Bludgeon","floor":16},{"not_picked":["Armaments","Headbutt"],"picked":"Perfected Strike","floor":18},{"not_picked":["Pommel Strike+1","Searing Blow"],"picked":"Shockwave","floor":21},{"not_picked":["Entrench","Corruption"],"picked":"Cleave+1","floor":22},{"not_picked":["Pommel Strike","True Grit"],"picked":"Thunderclap","floor":25},{"not_picked":["Clash","Flex"],"picked":"Headbutt","floor":27},{"not_picked":["Armaments+1","Pummel"],"picked":"Headbutt+1","floor":28},{"not_picked":["Clothesline","Brutality"],"picked":"Cleave+1","floor":29},{"not_picked":["Berserk","Impervious"],"picked":"Feed","floor":33},{"not_picked":["Hemokinesis","Reckless Charge+1"],"picked":"Armaments+1","floor":35},{"not_picked":["Thunderclap","Clothesline"],"picked":"Carnage+1","floor":38},{"not_picked":["Twin Strike","Sever Soul"],"picked":"Reaper","floor":41},{"not_picked":["Clash+1","Perfected Strike"],"picked":"Fire Breathing+1","floor":45},{"not_picked":["Twin Strike","Sword Boomerang"],"picked":"Cleave+1","floor":46},{"not_picked":["Flame Barrier+1","Entrench+1"],"picked":"Shrug It Off+1","floor":47}],"player_experience":8683,"relics_obtained":[{"floor":9,"key":"Bottled Tornado"},{"floor":26,"key":"Bird Faced Urn"},{"floor":43,"key":"MawBank"},{"floor":45,"key":"StoneCalendar"}],"event_choices":[{"event_name":"World of Goop","player_choice":"Gather Gold","floor":2,"damage_taken":0},{"event_name":"Golden Shrine","player_choice":"Pray","floor":3,"damage_taken":0},{"event_name":"Scrap Ooze","player_choice":"success","floor":6,"damage_taken":7},{"event_name":"The Cleric","player_choice":"Card Removal","floor":8,"damage_taken":0},{"event_name":"Golden Idol","player_choice":"Take Damage","floor":11,"damage_taken":0},{"event_name":"Big Fish","player_choice":"Donut","floor":13,"damage_taken":0},{"event_name":"The Library","player_choice":"Read","floor":20,"damage_taken":0},{"event_name":"Ghosts","player_choice":"Became a Ghost","floor":24,"damage_taken":0},{"event_name":"Addict","player_choice":"Ignored","floor":31,"damage_taken":0},{"event_name":"Duplicator","player_choice":"One dupe","floor":36,"damage_taken":0},{"event_name":"The Moai Head","player_choice":"Gave Idol","floor":37,"damage_taken":0},{"event_name":"Transmorgrifier","player_choice":"Transform","floor":42,"damage_taken":0},{"event_name":"Tomb of Lord Red Mask","player_choice":"Paid","floor":44,"damage_taken":0},{"event_name":"Mysterious Sphere","player_choice":"Fight","floor":45,"damage_taken":0}],"is_beta":false,"boss_relics":[{"not_picked":["Tiny House","Runic Cube"],"picked":"Mark of Pain"},{"not_picked":["Black Star","Orrery"],"picked":"Runic Pyramid"}],"items_purged_floors":[19,30,39],"is_endless":false,"potions_floor_spawned":[14,27,28,33,41,46,47],"killed_by":"Giant Head","ascension_level":0}