{"gold_per_floor":[119,294,2,13,24,24,41,41,123,80,80,92,92,105,105,204,204,214,233,249,249,1,1,1,15,15,31,31,31,31,47,47,47],"floor_reached":33,"playtime":3328,"items_purged":["Doubt"],"score":264,"play_id":"d0afc3ab-25ee-40fd-a8bd-a28df614233c","local_time":"20190211160140","is_ascension_mode":false,"campfire_choices":[{"data":"Bouncing Flask","floor":6,"key":"SMITH"},{"data":"Crippling Poison","floor":8,"key":"SMITH"},{"data":"Footwork","floor":13,"key":"SMITH"},{"floor":15,"key":"REST"},{"data":"Burst","floor":23,"key":"SMITH"},{"data":"Footwork","floor":30,"key":"SMITH"},{"data":"Neutralize","floor":32,"key":"SMITH"}],"neow_cost":"NONE","seed_source_timestamp":19692661858628,"circlet_count":0,"master_deck":["Defend_G+1","Defend_G+1","Defend_G+1","Defend_G+1","Defend_G+1","Strike_G+1","Strike_G+1","Strike_G+1","Strike_G+1","Strike_G+1","Survivor","Neutralize+1","Bouncing Flask+1","Footwork+1","Dagger Throw","PiercingWail","Crippling Poison+1","Poisoned Stab","Dodge and Roll","Burst+1","Backflip+1","Riddle With Holes+1","Sucker Punch","Shame","Reflex+1","Footwork+1","Underhanded Strike+1"],"relics":["Ring of the Snake","War Paint","Matryoshka","Coffee Dripper","Molten Egg 2","Vajra","Bottled Flame","Gremlin Horn"],"potions_floor_usage":[16,18,19,19,20,33,33],"damage_taken":[{"damage":0,"enemies":"Small Slimes","floor":1,"turns":4},{"damage":0,"enemies":"2 Louse","floor":4,"turns":3},{"damage":0,"enemies":"Jaw Worm","floor":5,"turns":6},{"damage":8,"enemies":"Gremlin Gang","floor":7,"turns":7},{"damage":0,"enemies":"Exordium Wildlife","floor":12,"turns":3},{"damage":10,"enemies":"2 Fungi Beasts","floor":14,"turns":4},{"damage":14,"enemies":"Hexaghost","floor":16,"turns":9},{"damage":7,"enemies":"Spheric Guardian","floor":18,"turns":4},{"damage":0,"enemies":"3 Byrds","floor":19,"turns":3},{"damage":18,"enemies":"Centurion and Healer","floor":20,"turns":8},{"damage":0,"enemies":"Chosen and Byrds","floor":25,"turns":5},{"damage":3,"enemies":"3 Cultists","floor":27,"turns":6},{"damage":18,"enemies":"Snecko","floor":31,"turns":5},{"damage":43,"enemies":"Automaton","floor":33,"turns":12}],"seed_played":"-339686914569284780","potions_obtained":[{"floor":1,"key":"Explosive Potion"},{"floor":4,"key":"Poison Potion"},{"floor":7,"key":"Explosive Potion"},{"floor":18,"key":"GhostInAJar"},{"floor":19,"key":"Fruit Juice"},{"floor":25,"key":"Energy Potion"},{"floor":31,"key":"FearPotion"}],"is_trial":false,"path_per_floor":["M","?","$","M","M","R","M","R","T","?","?","M","R","M","R","B",null,"M","M","M","?","$","R","?","M","T","M","?","$","R","M","R","B"],"character_chosen":"THE_SILENT","items_purchased":["Footwork","War Paint","Molten Egg 2"],"campfire_rested":1,"item_purchase_floors":[3,3,22],"current_hp_per_floor":[77,77,77,77,77,77,69,69,69,69,74,74,74,64,82,68,82,75,80,62,62,62,62,62,62,62,59,59,59,59,41,41,0],"gold":47,"neow_bonus":"TEN_PERCENT_HP_BONUS","is_prod":false,"is_daily":false,"chose_seed":false,"campfire_upgraded":6,"win_rate":0.0,"timestamp":1549915300,"path_taken":["M","?","$","M","M","R","M","R","T","?","?","?","R","M","R","BOSS","M","M","?","?","$","R","?","M","T","M","?","$","R","M","R","BOSS"],"build_version":"2019-01-23","purchased_purges":1,"victory":false,"max_hp_per_floor":[77,77,77,77,77,77,77,77,77,77,82,82,82,82,82,82,82,82,87,87,87,87,87,87,87,87,87,87,87,87,87,87,87],"card_choices":[{"not_picked":["Caltrops","Quick Slash"],"picked":"Bouncing Flask","floor":1},{"not_picked":["Slice","Underhanded Strike"],"picked":"Dagger Throw","floor":4},{"not_picked":["Underhanded Strike","Quick Slash"],"picked":"PiercingWail","floor":5},{"not_picked":["Finisher","Flying Knee"],"picked":"Crippling Poison","floor":7},{"not_picked":["Distraction","Dodge and Roll"],"picked":"Poisoned Stab","floor":12},{"not_picked":["Acrobatics","Sucker Punch"],"picked":"Dodge and Roll","floor":14},{"not_picked":["Wraith Form v2","Malaise"],"picked":"Burst","floor":16},{"not_picked":["Backstab","Dagger Throw"],"picked":"Backflip+1","floor":18},{"not_picked":["Outmaneuver+1","Prepared+1"],"picked":"Riddle With Holes+1","floor":19},{"not_picked":["Prepared","Finisher"],"picked":"Sucker Punch","floor":20},{"not_picked":["Slice+1","Underhanded Strike+1"],"picked":"Reflex+1","floor":25},{"not_picked":["Blade Dance","Outmaneuver+1"],"picked":"Footwork","floor":27},{"not_picked":["Outmaneuver","Deflect+1"],"picked":"Underhanded Strike+1","floor":31}],"player_experience":5455,"relics_obtained":[{"floor":9,"key":"Matryoshka"},{"floor":26,"key":"Bottled Flame"},{"floor":26,"key":"Gremlin Horn"}],"event_choices":[{"damage_healed":0,"gold_gain":175,"player_choice":"AGREE","damage_taken":0,"max_hp_gain":0,"max_hp_loss":0,"event_name":"Liars Game","floor":2,"gold_loss":0,"cards_obtained":["Doubt"]},{"damage_healed":0,"gold_gain":0,"player_choice":"Left Gold","damage_taken":0,"max_hp_gain":0,"max_hp_loss":0,"event_name":"World of Goop","floor":10,"gold_loss":43},{"damage_healed":0,"gold_gain":0,"player_choice":"Donut","damage_taken":0,"max_hp_gain":5,"max_hp_loss":0,"event_name":"Big Fish","floor":11,"gold_loss":0},{"damage_healed":0,"gold_gain":0,"player_choice":"Ignored","damage_taken":0,"max_hp_gain":0,"max_hp_loss":0,"event_name":"Ghosts","floor":21,"gold_loss":0},{"damage_healed":0,"gold_gain":0,"player_choice":"Stole Relic","damage_taken":0,"relics_obtained":["Vajra"],"max_hp_gain":0,"max_hp_loss":0,"event_name":"Addict","floor":24,"gold_loss":0,"cards_obtained":["Shame"]},{"damage_healed":0,"gold_gain":0,"player_choice":"Simplicity","damage_taken":0,"max_hp_gain":0,"max_hp_loss":0,"event_name":"Back to Basics","floor":28,"gold_loss":0,"cards_upgraded":["Defend_G","Defend_G","Defend_G","Strike_G","Strike_G","Strike_G","Strike_G","Strike_G"]}],"is_beta":false,"boss_relics":[{"not_picked":["White Beast Statue","Philosopher\u0027s Stone"],"picked":"Coffee Dripper"}],"items_purged_floors":[3],"is_endless":false,"potions_floor_spawned":[1,4,7,18,19,25,31],"killed_by":"Automaton","ascension_level":0}