{"gold_per_floor":[111,17,28,58,77,77,111,111,165,179,192,211,226,238,238,336,336,349,349,368,368,283,283,52,52,52,52,71,71,71],"floor_reached":30,"playtime":1105,"items_purged":[],"score":338,"play_id":"d57aa7b9-8fdd-428c-9054-db15b1bdec96","local_time":"20181014080027","is_ascension_mode":true,"campfire_choices":[{"data":"Discovery","floor":6,"key":"SMITH"},{"data":"Armaments","floor":8,"key":"SMITH"},{"data":"Inflame","floor":15,"key":"SMITH"},{"data":"Reaper","floor":23,"key":"SMITH"},{"data":"Inflame","floor":25,"key":"SMITH"},{"data":"Cleave","floor":27,"key":"SMITH"}],"neow_cost":"NONE","seed_source_timestamp":144523706864982,"circlet_count":0,"master_deck":["Strike_R","Strike_R","Defend_R","Defend_R","Defend_R","Defend_R","Bash","Cleave+1","Discovery+1","Thunderclap","Armaments+1","Whirlwind","Inflame+1","Reaper+1","Whirlwind","Inflame+1","Discovery+1"],"relics":["Burning Blood","Art of War","Tiny Chest","Meat on the Bone","Oddly Smooth Stone","Empty Cage","Nunchaku","DollysMirror","Paper Frog","Matryoshka"],"potions_floor_usage":[3],"damage_taken":[{"damage":5,"enemies":"2 Louse","floor":1,"turns":3},{"damage":5,"enemies":"Small Slimes","floor":3,"turns":3},{"damage":0,"enemies":"Cultist","floor":5,"turns":3},{"damage":32,"enemies":"Gremlin Nob","floor":7,"turns":4},{"damage":10,"enemies":"Gremlin Gang","floor":10,"turns":3},{"damage":9,"enemies":"Exordium Wildlife","floor":11,"turns":3},{"damage":0,"enemies":"2 Fungi Beasts","floor":12,"turns":3},{"damage":16,"enemies":"Looter","floor":13,"turns":3},{"damage":0,"enemies":"Lots of Slimes","floor":14,"turns":1},{"damage":0,"enemies":"Slime Boss","floor":16,"turns":6},{"damage":24,"enemies":"Chosen","floor":18,"turns":5},{"damage":5,"enemies":"3 Byrds","floor":20,"turns":4},{"damage":44,"enemies":"Snake Plant","floor":28,"turns":4},{"damage":40,"enemies":"Book of Stabbing","floor":30,"turns":4}],"seed_played":"59160915013233957","potions_obtained":[{"floor":1,"key":"Energy Potion"},{"floor":5,"key":"Explosive Potion"},{"floor":11,"key":"Fire Potion"},{"floor":12,"key":"Strength Potion"}],"is_trial":false,"path_per_floor":["M","$","M","?","M","R","E","R","T","M","M","M","M","M","R","B",null,"M","?","M","?","?","R","$","R","T","R","M","T"],"character_chosen":"IRONCLAD","items_purchased":["Discovery","Inflame","DollysMirror"],"campfire_rested":0,"item_purchase_floors":[2,24,24],"current_hp_per_floor":[80,80,80,55,61,61,35,35,35,43,52,58,48,54,54,60,80,65,65,66,66,66,66,66,66,66,66,40,40,0],"gold":71,"neow_bonus":"RANDOM_COMMON_RELIC","is_prod":false,"is_daily":false,"chose_seed":false,"campfire_upgraded":6,"win_rate":0,"timestamp":1539466227,"path_taken":["M","$","M","?","M","R","E","R","T","M","M","?","M","?","R","BOSS","M","?","?","?","?","R","?","R","T","R","M","?","E"],"build_version":"2018-10-11","purchased_purges":0,"victory":false,"max_hp_per_floor":[80,80,80,80,80,80,80,80,80,80,80,80,80,80,80,80,80,80,80,80,80,80,80,80,80,80,80,80,80,80],"card_choices":[{"not_picked":["Sentinel","Ghostly Armor"],"picked":"Cleave","floor":1},{"not_picked":["Warcry","Wild Strike"],"picked":"Thunderclap","floor":3},{"not_picked":["Sword Boomerang","Warcry","Bloodletting"],"picked":"SKIP","floor":5},{"not_picked":["Sever Soul","Perfected Strike"],"picked":"Armaments","floor":7},{"not_picked":["Heavy Blade","Wild Strike","Sword Boomerang"],"picked":"SKIP","floor":10},{"not_picked":["Armaments","Twin Strike"],"picked":"Whirlwind","floor":11},{"not_picked":["Clothesline","Perfected Strike","Rage"],"picked":"SKIP","floor":12},{"not_picked":["Brutality","Feel No Pain","Disarm"],"picked":"SKIP","floor":13},{"not_picked":["Pommel Strike","Flex"],"picked":"Inflame","floor":14},{"not_picked":["Dark Embrace","Berserk"],"picked":"Reaper","floor":16},{"not_picked":["Pommel Strike","Rupture+1","Twin Strike"],"picked":"SKIP","floor":18},{"not_picked":["Pummel","Headbutt"],"picked":"Whirlwind","floor":20},{"not_picked":["Shrug It Off","Rupture","Body Slam"],"picked":"SKIP","floor":28}],"player_experience":299827,"relics_obtained":[{"floor":7,"key":"Meat on the Bone"},{"floor":9,"key":"Oddly Smooth Stone"},{"floor":26,"key":"Paper Frog"},{"floor":29,"key":"Matryoshka"}],"event_choices":[{"event_name":"Scrap Ooze","player_choice":"success","floor":4,"damage_taken":25},{"event_name":"Back to Basics","player_choice":"Elegance","floor":19,"damage_taken":0},{"event_name":"Vampires","player_choice":"Ignored","floor":21,"damage_taken":0},{"event_name":"Addict","player_choice":"Obtained Relic","floor":22,"damage_taken":0}],"is_beta":false,"boss_relics":[{"not_picked":["Orrery","Calling Bell"],"picked":"Empty Cage"}],"items_purged_floors":[],"is_endless":false,"potions_floor_spawned":[1,5,11,12,13,18,28],"killed_by":"Book of Stabbing","ascension_level":4}