{"gold_per_floor":[216,229,229,229,229,229,260,260,260,108,157,9,0,11,11,106,106,122,122,122,22,38,51,51,85,85,85,85,114,114,131,131,229,229,249,0,0,0,0,29,29,60,60,60],"floor_reached":44,"playtime":2797,"items_purged":["Pain","Shame"],"score":620,"play_id":"0690ef81-5dc6-4442-ba57-e2855ac179a0","local_time":"20180909084545","is_ascension_mode":true,"campfire_choices":[{"data":"Well Laid Plans","floor":6,"key":"SMITH"},{"data":"Caltrops","floor":8,"key":"SMITH"},{"data":"Dash","floor":15,"key":"SMITH"},{"data":"Phantasmal Killer","floor":24,"key":"SMITH"},{"floor":27,"key":"REST"},{"floor":32,"key":"REST"},{"floor":41,"key":"REST"}],"neow_cost":"NONE","seed_source_timestamp":1039363104918323,"circlet_count":0,"master_deck":["Defend_G","Defend_G","Defend_G","Defend_G","Defend_G","Strike_G","Strike_G","Strike_G","Strike_G","Strike_G+1","Survivor","Neutralize","Well Laid Plans+1","Deadly Poison+1","Caltrops+1","Dash+1","Phantasmal Killer+1","Deadly Poison","Dagger Throw","PiercingWail+1","Parasite","Necronomicurse","Envenom+1","Dash+1","Envenom","Madness","Madness","Dodge and Roll+1","Normality"],"relics":["Ring of the Snake","WarpedTongs","Darkstone Periapt","Pantograph","Pen Nib","Bronze Scales","Cursed Key","MutagenicStrength","Vajra","Ancient Tea Set","Letter Opener","Necronomicon","Juzu Bracelet","White Beast Statue","Red Mask","Unceasing Top","Singing Bowl","Anchor","Question Card"],"potions_floor_usage":[16,23,25,29,29,38,42,42],"damage_taken":[{"damage":0,"enemies":"2 Louse","floor":1,"turns":4},{"damage":0,"enemies":"Cultist","floor":2,"turns":4},{"damage":12,"enemies":"Lagavulin","floor":7,"turns":7},{"damage":1,"enemies":"Jaw Worm","floor":14,"turns":3},{"damage":24,"enemies":"Slime Boss","floor":16,"turns":8},{"damage":16,"enemies":"Spheric Guardian","floor":18,"turns":4},{"damage":0,"enemies":"3 Byrds","floor":22,"turns":3},{"damage":8,"enemies":"Shelled Parasite and Fungi","floor":23,"turns":4},{"damage":32,"enemies":"Gremlin Leader","floor":25,"turns":5},{"damage":9,"enemies":"Book of Stabbing","floor":29,"turns":3},{"damage":0,"enemies":"Snake Plant","floor":31,"turns":2},{"damage":24,"enemies":"Automaton","floor":33,"turns":8},{"damage":12,"enemies":"Orb Walker","floor":35,"turns":4},{"damage":14,"enemies":"Mind Bloom Boss Battle","floor":38,"turns":5},{"damage":50,"enemies":"2 Orb Walkers","floor":40,"turns":6},{"damage":48,"enemies":"Nemesis","floor":42,"turns":7},{"damage":19,"enemies":"Giant Head","floor":44,"turns":5}],"seed_played":"3576352411942243931","potions_obtained":[{"floor":1,"key":"Poison Potion"},{"floor":16,"key":"LiquidBronze"},{"floor":18,"key":"GhostInAJar"},{"floor":23,"key":"AttackPotion"},{"floor":25,"key":"Fire Potion"},{"floor":35,"key":"Fire Potion"},{"floor":38,"key":"Dexterity Potion"},{"floor":40,"key":"Poison Potion"},{"floor":42,"key":"Fire Potion"}],"is_trial":false,"path_per_floor":["M","M","?","?","?","R","E","R","T","$","T","$","?","M","R","B",null,"M","?","?","$","M","M","R","E","T","R","?","E","$","M","R","B",null,"M","?","?","?","?","E","R","E","T"],"character_chosen":"THE_SILENT","items_purchased":["Dash","Bronze Scales"],"campfire_rested":3,"item_purchase_floors":[10,12],"current_hp_per_floor":[70,70,70,56,56,56,44,44,44,44,44,44,44,43,43,44,70,54,54,60,60,60,52,52,20,26,50,40,31,31,31,57,58,88,76,76,65,74,74,26,53,7,13,0],"gold":60,"neow_bonus":"HUNDRED_GOLD","is_prod":false,"is_daily":false,"chose_seed":false,"campfire_upgraded":4,"win_rate":0,"timestamp":1536448545,"path_taken":["M","M","?","?","?","R","E","R","T","$","?","?","?","M","R","BOSS","M","?","?","$","?","M","R","E","T","R","?","E","?","M","R","BOSS","M","?","?","?","?","E","R","E","T","E"],"build_version":"2018-09-06","purchased_purges":2,"victory":false,"max_hp_per_floor":[70,70,70,70,70,70,70,70,70,70,70,70,70,70,70,70,70,70,70,76,76,76,76,76,76,82,82,88,88,88,88,88,88,88,88,88,88,88,88,90,90,92,98,98],"card_choices":[{"not_picked":["Tactician","Sucker Punch"],"picked":"Well Laid Plans","floor":1},{"not_picked":["PiercingWail","Flying Knee"],"picked":"Deadly Poison","floor":2},{"not_picked":["Underhanded Strike","Infinite Blades"],"picked":"Caltrops","floor":7},{"not_picked":["Blade Dance","Finisher","Flying Knee"],"picked":"SKIP","floor":14},{"not_picked":["Grand Finale","Malaise"],"picked":"Phantasmal Killer","floor":16},{"not_picked":["Dagger Spray","Deflect+1"],"picked":"Deadly Poison","floor":18},{"not_picked":["Deflect+1","Blade Dance+1"],"picked":"Dagger Throw","floor":22},{"not_picked":["Calculated Gamble+1","Deflect","Underhanded Strike"],"picked":"SKIP","floor":23},{"not_picked":["Blade Dance+1","Sucker Punch"],"picked":"PiercingWail+1","floor":25},{"not_picked":["Reflex+1","Blade Dance"],"picked":"Envenom","floor":29},{"not_picked":["Outmaneuver","Bane+1"],"picked":"Dash+1","floor":31},{"not_picked":["Burst","Phantasmal Killer"],"picked":"Envenom","floor":33},{"not_picked":["Outmaneuver+1","Poisoned Stab+1","Endless Agony+1"],"picked":"SKIP","floor":35},{"not_picked":["Deadly Poison+1","Cloak And Dagger"],"picked":"Dodge and Roll+1","floor":38},{"not_picked":["Flechettes+1","Dagger Throw+1","Burst"],"picked":"Singing Bowl","floor":40},{"not_picked":["Bouncing Flask","Dagger Throw+1","Blade Dance"],"picked":"Singing Bowl","floor":42}],"player_experience":160185,"relics_obtained":[{"floor":7,"key":"Darkstone Periapt"},{"floor":9,"key":"Pantograph"},{"floor":11,"key":"Pen Nib"},{"floor":25,"key":"Ancient Tea Set"},{"floor":26,"key":"Letter Opener"},{"floor":28,"key":"Necronomicon"},{"floor":29,"key":"Juzu Bracelet"},{"floor":38,"key":"Unceasing Top"},{"floor":40,"key":"Singing Bowl"},{"floor":42,"key":"Anchor"},{"floor":43,"key":"Question Card"}],"event_choices":[{"event_name":"Accursed Blacksmith","player_choice":"Rummage","floor":3,"damage_taken":0},{"event_name":"Shining Light","player_choice":"Entered Light","floor":4,"damage_taken":0},{"event_name":"Liars Game","player_choice":"disagreed","floor":5,"damage_taken":0},{"event_name":"World of Goop","player_choice":"Left","floor":13,"damage_taken":0},{"event_name":"Drug Dealer","player_choice":"Inject Mutagens","floor":19,"damage_taken":0},{"event_name":"Addict","player_choice":"Stole Relic","floor":20,"damage_taken":0},{"event_name":"Cursed Tome","player_choice":"Obtained Book","floor":28,"damage_taken":0},{"event_name":"Tomb of Lord Red Mask","player_choice":"Paid","floor":36,"damage_taken":0},{"event_name":"Winding Halls","player_choice":"Embrace Madness","floor":37,"damage_taken":0},{"event_name":"MindBloom","player_choice":"Fight","floor":38,"damage_taken":0},{"event_name":"Upgrade Shrine","player_choice":"Upgraded","floor":39,"damage_taken":0}],"is_beta":false,"boss_relics":[{"not_picked":["Philosopher\u0027s Stone","Ectoplasm"],"picked":"Cursed Key"},{"not_picked":["Pandora\u0027s Box","Fusion Hammer"],"picked":"White Beast Statue"}],"items_purged_floors":[10,21],"is_endless":false,"potions_floor_spawned":[1,16,18,23,25,35,38,40,42],"killed_by":"Giant Head","ascension_level":3}