{"gold_per_floor":[119,139,139,153,153,153,1,13,13,13,24,24,38,38,38,38],"floor_reached":16,"playtime":505,"items_purged":[],"score":92,"play_id":"d1922cce-a5e3-4c17-af46-0d26ecde6356","local_time":"20190114204534","is_ascension_mode":false,"campfire_choices":[{"data":"Footwork","floor":6,"key":"SMITH"},{"data":"Blade Dance","floor":15,"key":"SMITH"}],"neow_cost":"NONE","seed_source_timestamp":5465924476387,"circlet_count":0,"master_deck":["Defend_G","Defend_G+1","Defend_G","Defend_G","Defend_G","Strike_G","Strike_G","Strike_G","Strike_G","Strike_G","Survivor","Neutralize+1","Dagger Spray+1","Footwork+1","Cloak And Dagger","Blade Dance+1","Backflip+1","Regret"],"relics":["Ring of the Snake","Mercury Hourglass","Bag of Marbles","Toxic Egg 2","Torii"],"potions_floor_usage":[],"damage_taken":[{"damage":0,"enemies":"2 Louse","floor":1,"turns":3},{"damage":0,"enemies":"Cultist","floor":2,"turns":4},{"damage":0,"enemies":"Small Slimes","floor":4,"turns":2},{"damage":0,"enemies":"2 Fungi Beasts","floor":8,"turns":3},{"damage":0,"enemies":"Gremlin Gang","floor":11,"turns":1},{"damage":0,"enemies":"Large Slime","floor":13,"turns":4},{"damage":65,"enemies":"Slime Boss","floor":16,"turns":7}],"seed_played":"-6153228943224591304","potions_obtained":[{"floor":2,"key":"Poison Potion"},{"floor":11,"key":"GamblersBrew"},{"floor":13,"key":"Block Potion"}],"is_trial":false,"path_per_floor":["M","M","?","M","?","R","$","M","T","?","M","$","M","?","R","B"],"character_chosen":"THE_SILENT","items_purchased":["Bag of Marbles"],"campfire_rested":0,"item_purchase_floors":[7],"current_hp_per_floor":[77,77,77,77,62,62,62,62,62,62,62,62,62,62,62,0],"gold":38,"neow_bonus":"TEN_PERCENT_HP_BONUS","is_prod":false,"is_daily":false,"chose_seed":false,"campfire_upgraded":2,"win_rate":0,"timestamp":1547460934,"path_taken":["M","M","?","?","?","R","$","M","T","?","M","$","?","?","R","BOSS"],"build_version":"2019-01-10","purchased_purges":0,"victory":false,"max_hp_per_floor":[77,77,77,77,77,77,77,77,77,77,77,77,77,77,77,77],"card_choices":[{"not_picked":["Outmaneuver","Bouncing Flask"],"picked":"Dagger Spray","floor":1},{"not_picked":["Skewer","Deadly Poison"],"picked":"Footwork","floor":2},{"not_picked":["Acrobatics","Outmaneuver"],"picked":"Cloak And Dagger","floor":4},{"not_picked":["Acrobatics","Distraction"],"picked":"Blade Dance","floor":8},{"not_picked":["Tools of the Trade","Bouncing Flask+1"],"picked":"Backflip+1","floor":11},{"not_picked":["Quick Slash","Outmaneuver+1","Concentrate+1"],"picked":"SKIP","floor":13}],"player_experience":433547,"relics_obtained":[{"floor":9,"key":"Toxic Egg 2"}],"event_choices":[{"damage_healed":0,"gold_gain":0,"player_choice":"Gave Potion","damage_taken":0,"relics_obtained":["Mercury Hourglass"],"max_hp_gain":0,"max_hp_loss":0,"event_name":"WeMeetAgain","floor":3,"gold_loss":0},{"damage_healed":0,"gold_gain":0,"player_choice":"Entered Light","damage_taken":15,"max_hp_gain":0,"max_hp_loss":0,"event_name":"Shining Light","floor":5,"gold_loss":0,"cards_upgraded":["Defend_G","Neutralize"]},{"damage_healed":0,"gold_gain":0,"player_choice":"Upgraded","damage_taken":0,"max_hp_gain":0,"max_hp_loss":0,"event_name":"Upgrade Shrine","floor":10,"gold_loss":0,"cards_upgraded":["Dagger Spray"]},{"damage_healed":0,"gold_gain":0,"player_choice":"Box","damage_taken":0,"relics_obtained":["Torii"],"max_hp_gain":0,"max_hp_loss":0,"event_name":"Big Fish","floor":14,"gold_loss":0,"cards_obtained":["Regret"]}],"is_beta":false,"boss_relics":[],"items_purged_floors":[],"is_endless":false,"potions_floor_spawned":[2,11,13],"killed_by":"Slime Boss","ascension_level":0}