{"gold_per_floor":[118,138,138,16,166,166,166,195,221,255,255,255,255,273,273,350,350,361,361,376,31,51,51,71,83,83,83,83],"floor_reached":28,"playtime":695,"items_purged":["Regret"],"score":502,"play_id":"cbc47a8b-d56b-4338-98b2-fecc03a68c91","local_time":"20190214121824","is_ascension_mode":true,"campfire_choices":[{"data":"Uppercut","floor":6.0,"key":"SMITH"},{"data":"Infernal Blade","floor":11.0,"key":"SMITH"},{"data":"Metallicize","floor":13.0,"key":"SMITH"},{"data":"Evolve","floor":15.0,"key":"SMITH"},{"floor":23.0,"key":"REST"},{"floor":27.0,"key":"REST"}],"neow_cost":"NONE","seed_source_timestamp":825248207206181,"circlet_count":0,"master_deck":["AscendersBane","Strike_R","Strike_R","Strike_R","Strike_R","Strike_R","Defend_R","Defend_R","Defend_R","Bash","Clothesline","Uppercut+1","Infernal Blade+1","Metallicize","Reaper","Metallicize+1","Evolve+1","Offering","Metallicize","Flame Barrier+1","Dropkick+1","Pommel Strike"],"special_seed":0,"relics":["Burning Blood","NeowsBlessing","Art of War","Red Skull","StoneCalendar","Bronze Scales","Lizard Tail","Enchiridion","Toxic Egg 2","Anchor"],"potions_floor_usage":[],"damage_taken":[{"damage":0.0,"enemies":"Small Slimes","floor":1.0,"turns":1.0},{"damage":0.0,"enemies":"Jaw Worm","floor":2.0,"turns":1.0},{"damage":0.0,"enemies":"Lagavulin","floor":8.0,"turns":1.0},{"damage":24.0,"enemies":"Gremlin Nob","floor":10.0,"turns":4.0},{"damage":6.0,"enemies":"2 Louse","floor":14.0,"turns":3.0},{"damage":54.0,"enemies":"Hexaghost","floor":16.0,"turns":9.0},{"damage":33.0,"enemies":"Shell Parasite","floor":18.0,"turns":5.0},{"damage":17.0,"enemies":"Chosen","floor":20.0,"turns":4.0},{"damage":40.0,"enemies":"Centurion and Healer","floor":22.0,"turns":5.0},{"damage":23.0,"enemies":"3 Cultists","floor":24.0,"turns":4.0},{"damage":11.0,"enemies":"Sentry and Sphere","floor":25.0,"turns":5.0},{"damage":25,"enemies":"Gremlin Leader","floor":28,"turns":3}],"seed_played":"-5919572799078348321","potions_obtained":[{"floor":2.0,"key":"SpeedPotion"},{"floor":14.0,"key":"FearPotion"},{"floor":18.0,"key":"SteroidPotion"},{"floor":22.0,"key":"Explosive Potion"}],"is_trial":false,"path_per_floor":["M","M","?","$","?","R","?","E","T","E","R","?","R","M","R","B",null,"M","?","M","$","M","R","M","M","T","R","E"],"character_chosen":"IRONCLAD","items_purchased":["Infernal Blade","Metallicize","Toxic Egg 2"],"campfire_rested":2,"item_purchase_floors":[4,4,21],"current_hp_per_floor":[74,75,68,68,68,68,68,74,74,62,62,62,62,62,62,24,62,41,20,19,19,9,31,28,29,29,51,40],"gold":83,"neow_bonus":"THREE_ENEMY_KILL","is_prod":false,"is_daily":false,"chose_seed":false,"campfire_upgraded":4,"win_rate":0,"timestamp":1550171904,"path_taken":["M","M","?","$","?","R","?","E","T","E","R","?","R","M","R","BOSS","M","?","M","$","M","R","M","M","T","R","E"],"build_version":"2019-01-23","purchased_purges":1,"victory":false,"max_hp_per_floor":[75,75,75,75,75,75,75,75,75,75,75,75,75,75,75,75,75,75,75,75,75,75,75,75,75,75,75,75],"card_choices":[{"not_picked":["Thunderclap","Wild Strike"],"picked":"Clothesline","floor":1.0},{"not_picked":["Havoc","Reckless Charge"],"picked":"Uppercut","floor":2.0},{"not_picked":["Sword Boomerang","Headbutt"],"picked":"Reaper","floor":8.0},{"not_picked":["Clash","Double Tap"],"picked":"Metallicize","floor":10.0},{"not_picked":["Perfected Strike","Clash"],"picked":"Evolve","floor":14.0},{"not_picked":["Feed","Limit Break"],"picked":"Offering","floor":16.0},{"not_picked":["Wild Strike","Twin Strike"],"picked":"Metallicize","floor":18.0},{"not_picked":["Armaments","Perfected Strike"],"picked":"Flame Barrier+1","floor":20.0},{"not_picked":["Carnage","True Grit+1"],"picked":"Dropkick+1","floor":22.0},{"not_picked":["Entrench+1","Clothesline","Sentinel+1"],"picked":"SKIP","floor":24.0},{"not_picked":["Evolve","Clash"],"picked":"Pommel Strike","floor":25.0}],"player_experience":823966,"relics_obtained":[{"floor":8.0,"key":"Art of War"},{"floor":9.0,"key":"Red Skull"},{"floor":10.0,"key":"StoneCalendar"},{"floor":19.0,"key":"Enchiridion"},{"floor":26.0,"key":"Anchor"}],"event_choices":[{"cards_removed":["Defend_R"],"damage_healed":0.0,"max_hp_gain":0.0,"max_hp_loss":0.0,"gold_gain":0.0,"event_name":"Golden Wing","player_choice":"Card Removal","floor":3.0,"gold_loss":0.0,"damage_taken":7.0},{"damage_healed":0.0,"max_hp_gain":0.0,"max_hp_loss":0.0,"gold_gain":150.0,"event_name":"Liars Game","player_choice":"AGREE","floor":5.0,"gold_loss":0.0,"damage_taken":0.0,"cards_obtained":["Doubt"]},{"cards_removed":["Doubt"],"damage_healed":0.0,"max_hp_gain":0.0,"max_hp_loss":0.0,"gold_gain":0.0,"event_name":"Living Wall","player_choice":"Forget","floor":7.0,"gold_loss":0.0,"damage_taken":0.0},{"damage_healed":0.0,"max_hp_gain":0.0,"max_hp_loss":0.0,"gold_gain":0.0,"event_name":"Big Fish","player_choice":"Box","floor":12.0,"gold_loss":0.0,"damage_taken":0.0,"relics_obtained":["Bronze Scales"],"cards_obtained":["Regret"]},{"damage_healed":0.0,"max_hp_gain":0.0,"max_hp_loss":0.0,"gold_gain":0.0,"event_name":"Cursed Tome","player_choice":"Obtained Book","floor":19.0,"gold_loss":0.0,"damage_taken":21.0}],"is_beta":false,"boss_relics":[{"not_picked":["Coffee Dripper","Snecko Eye"],"picked":"Lizard Tail"}],"items_purged_floors":[21],"is_endless":false,"potions_floor_spawned":[2,14,18,22],"killed_by":"Gremlin Leader","ascension_level":20}