{"gold_per_floor":[109,109,120,120,195,195,211,211,280,37,37,37,51,71,71,71],"floor_reached":16,"playtime":478,"items_purged":[],"score":99,"play_id":"dab5783c-08c8-43eb-b9a6-28b420e07acb","local_time":"20180901141902","is_ascension_mode":true,"campfire_choices":[{"data":"Infernal Blade","floor":6,"key":"SMITH"},{"data":"Shockwave","floor":8,"key":"SMITH"},{"data":"Bash","floor":11,"key":"SMITH"},{"data":"Cleave","floor":15,"key":"SMITH"}],"neow_cost":"","seed_source_timestamp":370295606131971,"circlet_count":0,"master_deck":["Strike_R","Strike_R","Strike_R","Strike_R+1","Strike_R","Defend_R","Defend_R+1","Defend_R","Defend_R","Bash+1","Infernal Blade+1","Shockwave+1","Cleave+1","Heavy Blade"],"relics":["Burning Blood","Lantern","The Courier","Calipers"],"potions_floor_usage":[16],"damage_taken":[{"damage":3,"enemies":"Jaw Worm","floor":1,"turns":5},{"damage":7,"enemies":"Small Slimes","floor":3,"turns":4},{"damage":0,"enemies":"Cultist","floor":7,"turns":3},{"damage":7,"enemies":"Exordium Wildlife","floor":13,"turns":4},{"damage":0,"enemies":"3 Louse","floor":14,"turns":2},{"damage":39,"enemies":"Slime Boss","floor":16,"turns":8}],"seed_played":"-1366662665166571046","potions_obtained":[{"floor":7,"key":"LiquidBronze"},{"floor":13,"key":"SteroidPotion"}],"is_trial":false,"path_per_floor":["M","?","M","?","?","R","M","R","T","$","R","?","M","M","R"],"character_chosen":"IRONCLAD","items_purchased":["Calipers"],"campfire_rested":0,"item_purchase_floors":[10],"current_hp_per_floor":[80,62,61,61,50,50,56,56,56,56,56,40,39,45,45,6],"gold":71,"neow_bonus":"","is_prod":false,"is_daily":false,"chose_seed":false,"campfire_upgraded":4,"win_rate":0,"timestamp":1535777342,"path_taken":["M","?","M","?","?","R","M","R","T","$","R","?","M","M","R","BOSS"],"build_version":"2018-08-30","purchased_purges":0,"victory":false,"max_hp_per_floor":[80,80,80,80,80,80,80,80,80,80,80,80,80,80,80,80],"card_choices":[{"not_picked":["Twin Strike","Battle Trance"],"picked":"Infernal Blade","floor":1},{"not_picked":["Perfected Strike","Seeing Red","Sword Boomerang"],"picked":"SKIP","floor":3},{"not_picked":["Hemokinesis","Armaments"],"picked":"Shockwave","floor":7},{"not_picked":["Sword Boomerang","Anger"],"picked":"Cleave","floor":13},{"not_picked":["Perfected Strike","True Grit"],"picked":"Heavy Blade","floor":14}],"player_experience":96141,"relics_obtained":[{"floor":9,"key":"The Courier"}],"event_choices":[{"event_name":"Scrap Ooze","player_choice":"success","floor":2,"damage_taken":18},{"event_name":"Liars Game","player_choice":"disagreed","floor":4,"damage_taken":0},{"event_name":"World of Goop","player_choice":"Gather Gold","floor":5,"damage_taken":0},{"event_name":"Shining Light","player_choice":"Entered Light","floor":12,"damage_taken":0}],"is_beta":false,"boss_relics":[],"items_purged_floors":[],"is_endless":false,"potions_floor_spawned":[7,13],"killed_by":"Slime Boss","ascension_level":2}