{"gold_per_floor":[114,134,134,147,147,178,228,241,268,268,300,315,315,343,343,415,415,426,426,426,442,160,160,160,160,187,199,213,213,227,277,277,277],"floor_reached":33,"playtime":1440,"items_purged":["Strike_B"],"score":477,"play_id":"6bc55495-b701-484b-b73c-d11edbc88726","local_time":"20190127161903","is_ascension_mode":true,"campfire_choices":[{"floor":10.0,"key":"REST"},{"floor":13.0,"key":"REST"},{"floor":15.0,"key":"REST"},{"floor":23,"key":"REST"},{"floor":25,"key":"REST"},{"floor":32,"key":"REST"}],"neow_cost":"NONE","seed_source_timestamp":394578439328766,"circlet_count":0,"master_deck":["AscendersBane","Strike_B","Strike_B+1","Strike_B+1","Defend_B","Defend_B","Defend_B","Defend_B+1","Zap","Dualcast","Streamline+1","Capacitor","Sweeping Beam","Leap","Melter","Conserve Battery","Core Surge","Go for the Eyes","RitualDagger","Coolheaded","Consume","Bandage Up","Hologram","RitualDagger"],"special_seed":0,"relics":["Cracked Core","NeowsBlessing","Whetstone","Bag of Marbles","Smiling Mask","PreservedInsect","Busted Crown","Art of War","Pen Nib"],"potions_floor_usage":[20,30],"damage_taken":[{"damage":0.0,"enemies":"Jaw Worm","floor":1.0,"turns":1.0},{"damage":0.0,"enemies":"2 Louse","floor":2.0,"turns":1.0},{"damage":0.0,"enemies":"Cultist","floor":4.0,"turns":1.0},{"damage":38.0,"enemies":"Gremlin Nob","floor":6.0,"turns":5.0},{"damage":7.0,"enemies":"Exordium Wildlife","floor":8.0,"turns":3.0},{"damage":23.0,"enemies":"3 Sentries","floor":11.0,"turns":6.0},{"damage":0.0,"enemies":"2 Fungi Beasts","floor":12.0,"turns":2.0},{"damage":15.0,"enemies":"Lagavulin","floor":14.0,"turns":5.0},{"damage":29.0,"enemies":"The Guardian","floor":16.0,"turns":9.0},{"damage":18.0,"enemies":"3 Byrds","floor":18.0,"turns":5.0},{"damage":9,"enemies":"Colosseum Slavers","floor":20,"turns":3},{"damage":0,"enemies":"Spheric Guardian","floor":21,"turns":1},{"damage":25,"enemies":"Snecko","floor":27,"turns":6},{"damage":7,"enemies":"Centurion and Healer","floor":28,"turns":10},{"damage":15,"enemies":"Chosen and Byrds","floor":30,"turns":6},{"damage":61,"enemies":"Champ","floor":33,"turns":10}],"seed_played":"4541298484632870617","potions_obtained":[{"floor":2.0,"key":"SteroidPotion"},{"floor":4.0,"key":"Weak Potion"},{"floor":11.0,"key":"SpeedPotion"},{"floor":14.0,"key":"PowerPotion"},{"floor":18.0,"key":"Fire Potion"},{"floor":30,"key":"Fruit Juice"}],"is_trial":false,"path_per_floor":["M","M","?","M","?","E","?","M","T","R","E","M","R","E","R","B",null,"M","?","?","M","$","R","?","R","T","M","M","?","M","T","R","B"],"character_chosen":"DEFECT","items_purchased":["Consume","Bandage Up","Hologram"],"campfire_rested":6,"item_purchase_floors":[22,22,22],"current_hp_per_floor":[64,64,43,43,48,10,10,3,3,25,2,2,24,9,31,2,58,40,34,25,25,25,47,25,49,49,28,25,25,19,19,44,0],"gold":277,"neow_bonus":"THREE_ENEMY_KILL","is_prod":false,"is_daily":false,"chose_seed":false,"campfire_upgraded":0,"win_rate":0,"timestamp":1548634743,"path_taken":["M","M","?","M","?","E","?","M","T","R","E","?","R","E","R","BOSS","M","?","?","M","?","R","?","R","T","M","M","?","?","?","R","BOSS"],"build_version":"2019-01-23","purchased_purges":1,"victory":false,"max_hp_per_floor":[71,71,71,71,76,76,76,76,76,76,76,76,76,76,76,76,76,76,76,76,76,76,76,81,81,81,81,81,81,86,86,86,86],"card_choices":[{"not_picked":["Beam Cell","Chill"],"picked":"Streamline","floor":1.0},{"not_picked":["Steam","White Noise"],"picked":"Capacitor","floor":2.0},{"not_picked":["Redo","Rebound","Skim"],"picked":"SKIP","floor":4.0},{"not_picked":["Capacitor","Barrage"],"picked":"Sweeping Beam","floor":6.0},{"not_picked":["Gash","Stack"],"picked":"Leap","floor":8.0},{"not_picked":["Sunder","All For One","Steam"],"picked":"SKIP","floor":11.0},{"not_picked":["Chill","Redo"],"picked":"Melter","floor":12.0},{"not_picked":["Leap","Darkness"],"picked":"Conserve Battery","floor":14.0},{"not_picked":["Machine Learning","Amplify"],"picked":"Core Surge","floor":16.0},{"not_picked":[],"picked":"Go for the Eyes","floor":18.0},{"not_picked":[],"picked":"Coolheaded","floor":21},{"not_picked":["Skim"],"picked":"SKIP","floor":27},{"not_picked":["Melter"],"picked":"SKIP","floor":28},{"not_picked":["Tempest"],"picked":"SKIP","floor":30}],"player_experience":890000,"relics_obtained":[{"floor":6.0,"key":"Whetstone"},{"floor":9.0,"key":"Bag of Marbles"},{"floor":11.0,"key":"Smiling Mask"},{"floor":14.0,"key":"PreservedInsect"},{"floor":26,"key":"Art of War"},{"floor":31,"key":"Pen Nib"}],"event_choices":[{"damage_healed":0.0,"max_hp_gain":0.0,"max_hp_loss":0.0,"gold_gain":0.0,"event_name":"Shining Light","player_choice":"Entered Light","floor":3.0,"gold_loss":0.0,"damage_taken":21.0,"cards_upgraded":["Defend_B","Strike_B"]},{"damage_healed":0.0,"max_hp_gain":5.0,"max_hp_loss":0.0,"gold_gain":0.0,"event_name":"Big Fish","player_choice":"Donut","floor":5.0,"gold_loss":0.0,"damage_taken":0.0},{"damage_healed":0.0,"max_hp_gain":0.0,"max_hp_loss":0.0,"gold_gain":50.0,"event_name":"Golden Shrine","player_choice":"Pray","floor":7.0,"gold_loss":0.0,"damage_taken":0.0},{"damage_healed":0.0,"max_hp_gain":0.0,"max_hp_loss":0.0,"gold_gain":0.0,"event_name":"Nest","player_choice":"Joined the Cult","floor":19.0,"gold_loss":0.0,"damage_taken":6.0,"cards_obtained":["RitualDagger"]},{"damage_healed":0,"gold_gain":0,"player_choice":"Fight","damage_taken":0,"max_hp_gain":0,"max_hp_loss":0,"event_name":"Colosseum","floor":20,"gold_loss":0},{"damage_healed":0,"gold_gain":0,"player_choice":"Fled From Nobs","damage_taken":0,"max_hp_gain":0,"max_hp_loss":0,"event_name":"Colosseum","floor":20,"gold_loss":0},{"damage_healed":0,"gold_gain":0,"player_choice":"Shed Blood","damage_taken":27,"max_hp_gain":5,"max_hp_loss":0,"event_name":"Forgotten Altar","floor":24,"gold_loss":0},{"damage_healed":0,"gold_gain":0,"player_choice":"Copied","damage_taken":0,"max_hp_gain":0,"max_hp_loss":0,"event_name":"Duplicator","floor":29,"gold_loss":0,"cards_obtained":["RitualDagger"]}],"is_beta":false,"boss_relics":[{"not_picked":["Runic Dome","Calling Bell"],"picked":"Busted Crown"}],"items_purged_floors":[22],"is_endless":false,"potions_floor_spawned":[2,4,11,14,18,30],"killed_by":"Champ","ascension_level":16}