{"gold_per_floor":[13,24,38,51,151,151,184,184,207,237,237,248,266,291,291,393,393,406,69,140,155,174,207,207,235,286,298,312,312,237,251,251,355,355,366,366,384,119,137,170,170,201,201,214,249,249,276,303,303,303],"floor_reached":51,"playtime":4771,"items_purged":["Defend_B"],"score":993,"play_id":"0c2df6bb-ad2b-4aae-9889-da71cb8e4859","local_time":"20180915182359","is_ascension_mode":true,"campfire_choices":[{"data":"Zap","floor":6.0,"key":"SMITH"},{"floor":8.0,"key":"REST"},{"floor":11.0,"key":"REST"},{"data":"Dualcast","floor":15.0,"key":"SMITH"},{"floor":24,"key":"DIG"},{"data":"Apotheosis","floor":29,"key":"SMITH"},{"floor":32,"key":"DIG"},{"floor":41,"key":"REST"},{"floor":46,"key":"DIG"},{"floor":49,"key":"DIG"}],"neow_cost":"NO_GOLD","seed_source_timestamp":0,"circlet_count":0,"master_deck":["Strike_B","Defend_B","Defend_B","Defend_B","Zap+1","Dualcast+1","Go for the Eyes","Ball Lightning","Barrage","Hologram","Glacier","Cold Snap+1","Conserve Battery","Self Repair","Beam Cell","Core Surge","Leap+1","Apotheosis+1","Seek","Turbo+1","Ball Lightning+1","Core Surge","Compile Driver+1","Cold Snap","Ball Lightning+1","Meteor Strike+1","Leap+1","Violence","Bandage Up","Trip","Streamline","Conserve Battery+1","Loop+1","Darkness+1","Consume","Creative AI","Go for the Eyes","Compile Driver+1"],"special_seed":0,"relics":["Cracked Core","Shovel","Boot","Happy Flower","Lantern","Ice Cream","Nuclear Battery","Oddly Smooth Stone","Darkstone Periapt","Omamori","Potion Belt","Turnip","Bronze Scales","Emotion Chip","Empty Cage","Runic Capacitor","DataDisk","WingedGreaves","Kunai","Smiling Mask","PreservedInsect","Whetstone","Blue Candle","Pear"],"potions_floor_usage":[16,23,23,33,33,40,44,47,50,50,50],"damage_taken":[{"damage":2.0,"enemies":"Jaw Worm","floor":1.0,"turns":3.0},{"damage":1.0,"enemies":"Cultist","floor":2.0,"turns":3.0},{"damage":2.0,"enemies":"2 Louse","floor":3.0,"turns":2.0},{"damage":1.0,"enemies":"2 Fungi Beasts","floor":4.0,"turns":3.0},{"damage":35.0,"enemies":"3 Sentries","floor":7.0,"turns":6.0},{"damage":18.0,"enemies":"Gremlin Nob","floor":10.0,"turns":4.0},{"damage":0.0,"enemies":"Exordium Wildlife","floor":12.0,"turns":2.0},{"damage":0.0,"enemies":"Red Slaver","floor":13.0,"turns":2.0},{"damage":13.0,"enemies":"3 Sentries","floor":14.0,"turns":5.0},{"damage":20,"enemies":"The Guardian","floor":16,"turns":11},{"damage":7,"enemies":"Shell Parasite","floor":18,"turns":4},{"damage":2,"enemies":"Chosen","floor":21,"turns":3},{"damage":12,"enemies":"Sentry and Sphere","floor":22,"turns":6},{"damage":19,"enemies":"Slavers","floor":23,"turns":7},{"damage":12,"enemies":"Book of Stabbing","floor":25,"turns":6},{"damage":0,"enemies":"Chosen and Byrds","floor":27,"turns":4},{"damage":14,"enemies":"Centurion and Healer","floor":28,"turns":3},{"damage":8,"enemies":"Cultist and Chosen","floor":31,"turns":5},{"damage":15,"enemies":"Automaton","floor":33,"turns":10},{"damage":0,"enemies":"Orb Walker","floor":35,"turns":2},{"damage":20,"enemies":"3 Shapes","floor":37,"turns":6},{"damage":29,"enemies":"Maw","floor":39,"turns":7},{"damage":10,"enemies":"Giant Head","floor":40,"turns":6},{"damage":12,"enemies":"2 Orb Walkers","floor":42,"turns":4},{"damage":2,"enemies":"3 Darklings","floor":44,"turns":3},{"damage":29,"enemies":"Giant Head","floor":45,"turns":8},{"damage":5,"enemies":"2 Orb Walkers","floor":47,"turns":4},{"damage":10,"enemies":"Nemesis","floor":48,"turns":5},{"damage":30,"enemies":"Time Eater","floor":50,"turns":9}],"seed_played":"5123971134461340621","potions_obtained":[{"floor":2.0,"key":"Regen Potion"},{"floor":3.0,"key":"FocusPotion"},{"floor":10.0,"key":"SmokeBomb"},{"floor":12.0,"key":"Swift Potion"},{"floor":13.0,"key":"Block Potion"},{"floor":18,"key":"PowerPotion"},{"floor":23,"key":"Ancient Potion"},{"floor":25,"key":"LiquidBronze"},{"floor":31,"key":"Strength Potion"},{"floor":33,"key":"Energy Potion"},{"floor":35,"key":"Strength Potion"},{"floor":42,"key":"Fire Potion"},{"floor":44,"key":"Regen Potion"},{"floor":47,"key":"Ancient Potion"},{"floor":48,"key":"Weak Potion"}],"is_trial":false,"path_per_floor":["M","M","M","M","?","R","E","R","T","E","R","M","M","E","R","B",null,"M","$","T","M","M","E","R","E","T","M","M","R","?","M","R","B",null,"M","?","M","$","M","E","R","E","T","M","E","R","E","E","R","B"],"character_chosen":"DEFECT","items_purchased":["Apotheosis","Oddly Smooth Stone","Runic Capacitor"],"campfire_rested":3,"item_purchase_floors":[19,19,38],"current_hp_per_floor":[73,72,70,69,69,69,34,56,56,38,60,60,60,54,54,41,75,75,75,75,73,71,73,73,68,68,75,68,68,68,70,70,65,75,75,65,61,61,39,45,67,71,71,69,56,56,67,73,83,59],"gold":303,"neow_bonus":"ONE_RARE_RELIC","is_prod":false,"is_daily":false,"chose_seed":false,"campfire_upgraded":3,"win_rate":0,"timestamp":1537061039,"path_taken":["M","M","M","M","?","R","E","R","T","E","R","M","?","E","R","BOSS","M","$","?","?","M","E","R","E","T","?","?","R","?","M","R","BOSS","M","?","M","$","M","E","R","E","T","M","E","R","E","E","R","BOSS"],"build_version":"2018-09-06","purchased_purges":1,"victory":true,"max_hp_per_floor":[75,75,75,75,75,75,75,75,75,75,75,75,75,75,75,75,75,75,75,75,75,75,75,75,75,75,75,75,75,75,75,75,75,75,75,75,75,75,75,75,75,75,75,75,75,75,75,75,85,85],"card_choices":[{"not_picked":["Turbo","Streamline"],"picked":"Go for the Eyes","floor":1.0},{"not_picked":["Hello World","Hologram"],"picked":"Ball Lightning","floor":2.0},{"not_picked":["Go for the Eyes","Hologram"],"picked":"Barrage","floor":3.0},{"not_picked":["Beam Cell","Gash"],"picked":"Hologram","floor":4.0},{"not_picked":["Streamline","Gash"],"picked":"Glacier","floor":7.0},{"not_picked":["Redo","Aggregate"],"picked":"Cold Snap","floor":10.0},{"not_picked":["Rip and Tear","Stack"],"picked":"Conserve Battery","floor":12.0},{"not_picked":["Cold Snap","Darkness"],"picked":"Self Repair","floor":13.0},{"not_picked":["Streamline","Chaos"],"picked":"Beam Cell","floor":14.0},{"not_picked":["Buffer","All For One"],"picked":"Core Surge","floor":16},{"not_picked":["White Noise","Gash"],"picked":"Leap+1","floor":18},{"not_picked":["Beam Cell","Redo"],"picked":"Seek","floor":21},{"not_picked":["Stack+1","Hologram"],"picked":"Turbo+1","floor":22},{"not_picked":["Leap","Turbo+1"],"picked":"Ball Lightning+1","floor":23},{"not_picked":["Rebound","Cold Snap"],"picked":"Core Surge","floor":25},{"not_picked":["Conserve Battery","Hologram+1"],"picked":"Compile Driver+1","floor":27},{"not_picked":["Sweeping Beam","Lockon"],"picked":"Cold Snap","floor":28},{"not_picked":["Redo+1","Chaos"],"picked":"Ball Lightning+1","floor":31},{"not_picked":["Fission","Hyperbeam"],"picked":"Meteor Strike","floor":33},{"not_picked":["Stack+1","Beam Cell"],"picked":"Leap+1","floor":35},{"not_picked":["Jack Of All Trades","Deep Breath"],"picked":"Violence","floor":36},{"not_picked":["Jack Of All Trades","Swift Strike"],"picked":"Bandage Up","floor":36},{"not_picked":["Dramatic Entrance","Panacea"],"picked":"Trip","floor":36},{"not_picked":["Cold Snap+1","Recycle"],"picked":"Streamline","floor":37},{"not_picked":["Redo","Hologram"],"picked":"Conserve Battery+1","floor":39},{"not_picked":["Leap","BootSequence+1"],"picked":"Loop+1","floor":40},{"not_picked":["Streamline+1","Melter"],"picked":"Darkness+1","floor":42},{"not_picked":["Steam+1","Redo"],"picked":"Consume","floor":44},{"not_picked":["Ball Lightning+1","Streamline"],"picked":"Creative AI","floor":45},{"not_picked":["Doom and Gloom+1","Reboot"],"picked":"Go for the Eyes","floor":47},{"not_picked":["Streamline+1","Turbo"],"picked":"Compile Driver+1","floor":48}],"player_experience":384667,"relics_obtained":[{"floor":7.0,"key":"Boot"},{"floor":9.0,"key":"Happy Flower"},{"floor":10.0,"key":"Lantern"},{"floor":14.0,"key":"Ice Cream"},{"floor":20,"key":"Darkstone Periapt"},{"floor":23,"key":"Omamori"},{"floor":24,"key":"Potion Belt"},{"floor":25,"key":"Turnip"},{"floor":26,"key":"Bronze Scales"},{"floor":32,"key":"Emotion Chip"},{"floor":40,"key":"DataDisk"},{"floor":42,"key":"WingedGreaves"},{"floor":43,"key":"Kunai"},{"floor":45,"key":"Smiling Mask"},{"floor":46,"key":"PreservedInsect"},{"floor":47,"key":"Whetstone"},{"floor":48,"key":"Blue Candle"},{"floor":49,"key":"Pear"}],"event_choices":[{"event_name":"Wheel of Change","player_choice":"Gold","floor":5.0,"damage_taken":0.0},{"event_name":"Beggar","player_choice":"Gave Gold","floor":30,"damage_taken":0},{"event_name":"SensoryStone","player_choice":"Memory 3","floor":36,"damage_taken":0}],"is_beta":false,"boss_relics":[{"not_picked":["Astrolabe","Orrery"],"picked":"Nuclear Battery"},{"not_picked":["Black Star","Runic Dome"],"picked":"Empty Cage"}],"items_purged_floors":[38],"is_endless":false,"potions_floor_spawned":[2,3,10,12,13,18,23,25,31,33,35,42,44,47,48],"ascension_level":4}