{"gold_per_floor":[113,125,125,142,67,94,94,127,206,226,226,226,243,260,260,361,361,372,372,372,29,0,0,0,0,53,53,69,403,403,417,417,417],"floor_reached":33,"playtime":1308,"items_purged":["Pain"],"score":296,"play_id":"6e848364-9738-4082-9787-a004060aaa25","local_time":"20181117175322","is_ascension_mode":false,"campfire_choices":[{"data":"Fire Breathing","floor":7,"key":"SMITH"},{"data":"Fire Breathing","floor":11,"key":"SMITH"},{"data":"Anger","floor":15,"key":"SMITH"},{"data":"Chrysalis","floor":23,"key":"SMITH"},{"data":"Fiend Fire","floor":25,"key":"SMITH"},{"data":"Shrug It Off","floor":27,"key":"SMITH"},{"data":"Iron Wave","floor":30,"key":"SMITH"},{"floor":32,"key":"REST"}],"neow_cost":"NONE","seed_source_timestamp":22744035051911,"circlet_count":0,"master_deck":["Strike_R","Defend_R","Defend_R+1","Defend_R","Defend_R","Bash","Shrug It Off+1","Reaper","Fire Breathing+1","Shrug It Off+1","Fire Breathing+1","Shrug It Off","Iron Wave+1","Anger+1","Fiend Fire+1","Dual Wield+1","Sever Soul+1","Iron Wave+1","Chrysalis+1","Thunderclap+1","True Grit+1","Iron Wave+1"],"relics":["Burning Blood","NeowsBlessing","WarpedTongs","Mango","Blood Vial","Bottled Flame","Odd Mushroom","Astrolabe","Oddly Smooth Stone","Anchor","Old Coin"],"potions_floor_usage":[8,31,33,33],"damage_taken":[{"damage":0,"enemies":"Small Slimes","floor":1,"turns":1},{"damage":0,"enemies":"Cultist","floor":2,"turns":1},{"damage":0,"enemies":"2 Louse","floor":4,"turns":1},{"damage":19,"enemies":"3 Sentries","floor":6,"turns":11},{"damage":32,"enemies":"Gremlin Nob","floor":8,"turns":5},{"damage":25,"enemies":"The Mushroom Lair","floor":10,"turns":5},{"damage":2,"enemies":"Looter","floor":13,"turns":4},{"damage":13,"enemies":"3 Louse","floor":14,"turns":3},{"damage":41,"enemies":"The Guardian","floor":16,"turns":11},{"damage":20,"enemies":"3 Byrds","floor":18,"turns":5},{"damage":9,"enemies":"Shell Parasite","floor":28,"turns":5},{"damage":52,"enemies":"Slavers","floor":29,"turns":9},{"damage":0,"enemies":"Shelled Parasite and Fungi","floor":31,"turns":6},{"damage":90,"enemies":"Automaton","floor":33,"turns":12}],"seed_played":"-649493505342857676","potions_obtained":[{"floor":2,"key":"Fruit Juice"},{"floor":6,"key":"Energy Potion"},{"floor":13,"key":"GamblersBrew"},{"floor":14,"key":"SkillPotion"},{"floor":16,"key":"Block Potion"}],"is_trial":false,"path_per_floor":["M","M","?","M","$","E","R","E","T","?","R","?","M","M","R","B",null,"M","?","?","$","?","R","?","R","T","R","M","E","R","M","R","B"],"character_chosen":"IRONCLAD","items_purchased":["Oddly Smooth Stone","Chrysalis"],"campfire_rested":1,"item_purchase_floors":[21,21],"current_hp_per_floor":[80,80,80,80,80,89,89,68,68,63,63,43,49,59,59,30,99,85,85,85,85,85,85,85,85,85,85,84,45,45,53,82,0],"gold":417,"neow_bonus":"THREE_ENEMY_KILL","is_prod":false,"is_daily":false,"chose_seed":false,"campfire_upgraded":7,"win_rate":0,"timestamp":1542444802,"path_taken":["M","M","?","?","$","E","R","E","T","?","R","?","M","M","R","BOSS","M","?","?","$","?","R","?","R","T","R","M","E","R","M","R","BOSS"],"build_version":"2018-11-15","purchased_purges":1,"victory":false,"max_hp_per_floor":[80,80,80,80,80,94,94,99,99,99,99,99,99,99,99,99,99,99,99,99,99,99,99,99,99,99,99,99,99,99,99,99,99],"card_choices":[{"not_picked":["Wild Strike","Thunderclap"],"picked":"Shrug It Off","floor":1},{"not_picked":["Pommel Strike","Body Slam"],"picked":"Reaper","floor":2},{"not_picked":["Perfected Strike","Clothesline"],"picked":"Fire Breathing","floor":4},{"not_picked":["Sword Boomerang","Iron Wave"],"picked":"Shrug It Off","floor":6},{"not_picked":["Blood for Blood","Thunderclap"],"picked":"Fire Breathing","floor":8},{"not_picked":["Twin Strike","Sentinel"],"picked":"Shrug It Off","floor":10},{"not_picked":["Armaments","Wild Strike"],"picked":"Iron Wave","floor":13},{"not_picked":["Wild Strike","Pommel Strike"],"picked":"Anger","floor":14},{"not_picked":["Impervious","Barricade"],"picked":"Fiend Fire","floor":16},{"not_picked":["Anger","Clothesline","Cleave"],"picked":"SKIP","floor":18},{"not_picked":["Ghostly Armor+1","Warcry"],"picked":"Thunderclap+1","floor":28},{"not_picked":["Clothesline","Uppercut"],"picked":"True Grit+1","floor":29},{"not_picked":["Infernal Blade","Flex"],"picked":"Iron Wave+1","floor":31}],"player_experience":102560,"relics_obtained":[{"floor":6,"key":"Mango"},{"floor":8,"key":"Blood Vial"},{"floor":9,"key":"Bottled Flame"},{"floor":10,"key":"Odd Mushroom"},{"floor":26,"key":"Anchor"},{"floor":29,"key":"Old Coin"}],"event_choices":[{"damage_healed":0,"gold_gain":0,"player_choice":"Rummage","damage_taken":0,"relics_obtained":["WarpedTongs"],"max_hp_gain":0,"max_hp_loss":0,"event_name":"Accursed Blacksmith","floor":3,"gold_loss":0,"cards_obtained":["Pain"]},{"damage_healed":0,"gold_gain":0,"player_choice":"Fought Mushrooms","damage_taken":0,"max_hp_gain":0,"max_hp_loss":0,"event_name":"Mushrooms","floor":10,"gold_loss":0},{"damage_healed":0,"gold_gain":0,"player_choice":"Entered Light","damage_taken":20,"max_hp_gain":0,"max_hp_loss":0,"event_name":"Shining Light","floor":12,"gold_loss":0,"cards_upgraded":["Shrug It Off","Defend_R"]},{"cards_removed":["Strike_R"],"damage_healed":0,"gold_gain":0,"player_choice":"Elegance","damage_taken":0,"max_hp_gain":0,"max_hp_loss":0,"event_name":"Back to Basics","floor":19,"gold_loss":0},{"damage_healed":0,"gold_gain":0,"player_choice":"Ignored","damage_taken":0,"max_hp_gain":0,"max_hp_loss":0,"event_name":"Vampires","floor":20,"gold_loss":0},{"damage_healed":0,"gold_gain":0,"player_choice":"Paid Fearfully","damage_taken":0,"max_hp_gain":0,"max_hp_loss":0,"event_name":"Masked Bandits","floor":22,"gold_loss":29},{"damage_healed":0,"gold_gain":0,"player_choice":"Ignored","damage_taken":0,"max_hp_gain":0,"max_hp_loss":0,"event_name":"Beggar","floor":24,"gold_loss":0}],"is_beta":false,"boss_relics":[{"not_picked":["Runic Dome","Philosopher\u0027s Stone"],"picked":"Astrolabe"}],"items_purged_floors":[5],"is_endless":false,"potions_floor_spawned":[2,6,13,14,16,28,29],"killed_by":"Automaton","ascension_level":0}