{"gold_per_floor":[114,124,124,124,143,169,52,52,77,108,108,125,125],"floor_reached":13,"playtime":641,"items_purged":[],"score":93,"play_id":"8ed75b64-74a7-4ff5-8a73-975a31e6f638","local_time":"20190105193302","is_ascension_mode":false,"campfire_choices":[{"data":"Accuracy","floor":8,"key":"SMITH"}],"neow_cost":"NONE","seed_source_timestamp":101141234913129,"circlet_count":0,"master_deck":["Defend_G+1","Defend_G","Defend_G","Defend_G","Defend_G+1","Strike_G","Strike_G","Strike_G+1","Strike_G","Strike_G","Survivor","Neutralize","Cloak And Dagger+1","Cloak And Dagger","Quick Slash","Distraction","Accuracy+1","Blade Dance+1","Accuracy"],"relics":["Ring of the Snake","Boot","War Paint","Blue Candle"],"potions_floor_usage":[6,10,13],"damage_taken":[{"damage":0,"enemies":"Small Slimes","floor":1,"turns":3},{"damage":0,"enemies":"2 Louse","floor":2,"turns":4},{"damage":6,"enemies":"Cultist","floor":5,"turns":3},{"damage":25,"enemies":"Gremlin Nob","floor":6,"turns":5},{"damage":15,"enemies":"3 Sentries","floor":10,"turns":6},{"damage":13,"enemies":"Exordium Wildlife","floor":12,"turns":4},{"damage":12,"enemies":"Lots of Slimes","floor":13,"turns":1}],"seed_played":"-8824488651062907659","potions_obtained":[{"floor":2,"key":"GamblersBrew"},{"floor":5,"key":"SkillPotion"},{"floor":12,"key":"LiquidBronze"}],"is_trial":false,"path_per_floor":["M","M","?","?","M","E","$","R","T","E","?","M","M"],"character_chosen":"THE_SILENT","items_purchased":["Accuracy","Blade Dance"],"campfire_rested":0,"item_purchase_floors":[7,7],"current_hp_per_floor":[77,77,62,67,61,36,36,36,36,21,21,8,0],"gold":125,"neow_bonus":"TEN_PERCENT_HP_BONUS","is_prod":false,"is_daily":false,"chose_seed":false,"campfire_upgraded":1,"win_rate":0,"timestamp":1546678982,"path_taken":["M","M","?","?","M","E","$","R","T","E","?","M","?"],"build_version":"2019-01-03v4","purchased_purges":0,"victory":false,"max_hp_per_floor":[77,77,77,82,82,82,82,82,82,82,82,82,82],"card_choices":[{"not_picked":["Backflip","Well Laid Plans"],"picked":"Cloak And Dagger","floor":1},{"not_picked":["Slice","Prepared"],"picked":"Cloak And Dagger","floor":2},{"not_picked":["Slice","Choke"],"picked":"Quick Slash","floor":5},{"not_picked":["Finisher","Reflex"],"picked":"Distraction","floor":6},{"not_picked":["Predator","Choke","Outmaneuver"],"picked":"SKIP","floor":10},{"not_picked":["Concentrate","Dagger Throw"],"picked":"Accuracy","floor":12}],"player_experience":426918,"relics_obtained":[{"floor":6,"key":"Boot"},{"floor":9,"key":"War Paint"},{"floor":10,"key":"Blue Candle"}],"event_choices":[{"damage_healed":0,"gold_gain":0,"player_choice":"Entered Light","damage_taken":15,"max_hp_gain":0,"max_hp_loss":0,"event_name":"Shining Light","floor":3,"gold_loss":0,"cards_upgraded":["Strike_G","Defend_G"]},{"damage_healed":0,"gold_gain":0,"player_choice":"Donut","damage_taken":0,"max_hp_gain":5,"max_hp_loss":0,"event_name":"Big Fish","floor":4,"gold_loss":0},{"damage_healed":0,"gold_gain":0,"player_choice":"Forge","damage_taken":0,"max_hp_gain":0,"max_hp_loss":0,"event_name":"Accursed Blacksmith","floor":11,"gold_loss":0,"cards_upgraded":["Cloak And Dagger"]}],"is_beta":false,"boss_relics":[],"items_purged_floors":[],"is_endless":false,"potions_floor_spawned":[2,5,12],"killed_by":"Lots of Slimes","ascension_level":0}