{"gold_per_floor":[116,116,116,15,15,41,41,55,107,134,151,151,151,172,172,296,296,309,309,332,332,347,381,69,69,69,96,108,46,46,7,7,137,137,155,180,180,199,218,30,48,48,72,97,141,157,0,19,19,19],"floor_reached":51,"playtime":2304,"items_purged":[],"score":755,"play_id":"7c695497-c8f7-4c31-bf3d-001a2a1287b0","local_time":"20190211142852","is_ascension_mode":false,"campfire_choices":[{"data":"Blade Dance","floor":7.0,"key":"SMITH"},{"data":"Noxious Fumes","floor":12.0,"key":"SMITH"},{"floor":15.0,"key":"REST"},{"data":"Terror","floor":25.0,"key":"SMITH"},{"data":"Adrenaline","floor":32.0,"key":"SMITH"},{"floor":42.0,"key":"REST"},{"floor":49,"key":"REST"}],"neow_cost":"NONE","seed_source_timestamp":0,"circlet_count":0,"master_deck":["Defend_G","Defend_G","Defend_G","Defend_G","Defend_G","Strike_G","Strike_G+1","Survivor","Neutralize+1","Blade Dance+1","Terror+1","Deflect","Adrenaline+1","Noxious Fumes+1","Bane","Burst","Blade Dance","Blade Dance+1","Blade Dance","Infinite Blades","Cloak And Dagger","Footwork","Infinite Blades","Infinite Blades","Noxious Fumes","A Thousand Cuts+1","Cloak And Dagger+1","Blade Dance","Accuracy","Envenom","Cloak And Dagger+1"],"special_seed":0,"relics":["Ring of the Serpent","Centennial Puzzle","Kunai","Blood Vial","Orichalcum","Vajra","Golden Idol","WristBlade","Bag of Preparation","Meat on the Bone","Bag of Marbles","MawBank","Ancient Tea Set","Oddly Smooth Stone","Potion Belt","Question Card","Red Mask"],"potions_floor_usage":[45,50,50],"damage_taken":[{"damage":0.0,"enemies":"2 Louse","floor":1.0,"turns":4.0},{"damage":21.0,"enemies":"3 Sentries","floor":6.0,"turns":14.0},{"damage":2.0,"enemies":"Jaw Worm","floor":8.0,"turns":2.0},{"damage":5.0,"enemies":"Gremlin Nob","floor":10.0,"turns":3.0},{"damage":0.0,"enemies":"Cultist","floor":11.0,"turns":2.0},{"damage":0.0,"enemies":"Blue Slaver","floor":14.0,"turns":3.0},{"damage":9.0,"enemies":"The Guardian","floor":16.0,"turns":9.0},{"damage":5.0,"enemies":"Chosen","floor":18.0,"turns":2.0},{"damage":3.0,"enemies":"Shell Parasite","floor":20.0,"turns":2.0},{"damage":2.0,"enemies":"Centurion and Healer","floor":22.0,"turns":3.0},{"damage":1.0,"enemies":"Slavers","floor":23.0,"turns":5.0},{"damage":24.0,"enemies":"Automaton","floor":33.0,"turns":7.0},{"damage":9.0,"enemies":"Orb Walker","floor":35.0,"turns":3.0},{"damage":29.0,"enemies":"3 Shapes","floor":36.0,"turns":4.0},{"damage":29.0,"enemies":"3 Darklings","floor":38.0,"turns":4.0},{"damage":16.0,"enemies":"4 Shapes","floor":39.0,"turns":5.0},{"damage":12.0,"enemies":"Jaw Worm Horde","floor":41.0,"turns":4.0},{"damage":0,"enemies":"Transient","floor":44,"turns":5},{"damage":28,"enemies":"Reptomancer","floor":45,"turns":4},{"damage":22,"enemies":"3 Darklings","floor":46,"turns":4},{"damage":0,"enemies":"Sphere and 2 Shapes","floor":48,"turns":3},{"damage":47,"enemies":"Donu and Deca","floor":50,"turns":6}],"seed_played":"-2167776400580676948","potions_obtained":[{"floor":6.0,"key":"Dexterity Potion"},{"floor":10.0,"key":"SteroidPotion"},{"floor":11.0,"key":"Poison Potion"},{"floor":18.0,"key":"Fire Potion"},{"floor":20.0,"key":"GhostInAJar"},{"floor":23.0,"key":"FearPotion"},{"floor":35.0,"key":"GhostInAJar"},{"floor":38.0,"key":"EssenceOfSteel"},{"floor":39.0,"key":"SkillPotion"},{"floor":46,"key":"Fire Potion"}],"is_trial":false,"path_per_floor":["M","?","?","?","$","E","R","M","T","E","M","R","?","M","R","B",null,"M","?","M","?","M","E","$","R","T","T","?","$","?","$","R","B",null,"M","M","?","M","M","$","M","R","T","M","E","M","?","M","R","B",null],"character_chosen":"THE_SILENT","items_purchased":["Footwork","Meat on the Bone","Infinite Blades","Noxious Fumes","Accuracy","Oddly Smooth Stone"],"campfire_rested":3,"item_purchase_floors":[24,24,29,31,40,40],"current_hp_per_floor":[70,56,49,49,49,28,28,28,28,25,27,27,27,29,48,41,65,60,60,59,59,59,60,60,60,60,60,60,60,60,60,60,38,65,56,41,41,26,24,24,26,45,45,47,33,25,25,39,58,25],"gold":19,"neow_bonus":"RANDOM_COMMON_RELIC","is_prod":false,"is_daily":false,"chose_seed":false,"campfire_upgraded":4,"win_rate":0,"timestamp":1549857532,"path_taken":["M","?","?","?","$","E","R","M","T","E","?","R","?","M","R","BOSS","M","?","?","?","?","E","$","R","T","?","?","?","?","$","R","BOSS","M","M","?","M","?","$","?","R","T","M","E","M","?","M","R","BOSS"],"build_version":"2019-01-23","purchased_purges":0,"victory":true,"max_hp_per_floor":[70,70,70,70,70,70,70,70,70,70,70,70,65,65,65,65,65,65,65,65,65,65,65,65,65,65,65,65,65,65,65,65,65,65,65,65,65,65,65,65,65,65,65,65,65,65,65,65,65,65],"card_choices":[{"not_picked":["Dodge and Roll","Riddle With Holes"],"picked":"Blade Dance","floor":1.0},{"not_picked":["Predator","Riddle With Holes"],"picked":"Terror","floor":6.0},{"not_picked":["Bouncing Flask","Backstab"],"picked":"Deflect","floor":8.0},{"not_picked":["Tactician","Sucker Punch"],"picked":"Adrenaline","floor":10.0},{"not_picked":["Bane","Underhanded Strike"],"picked":"Noxious Fumes","floor":11.0},{"not_picked":["Distraction","Terror"],"picked":"Bane","floor":14.0},{"not_picked":["Tools of the Trade","Unload"],"picked":"Burst","floor":16.0},{"not_picked":["Masterful Stab","Choke+1"],"picked":"Blade Dance","floor":18.0},{"not_picked":["Dagger Spray","Acrobatics"],"picked":"Blade Dance","floor":20.0},{"not_picked":["Quick Slash+1","Footwork"],"picked":"Infinite Blades","floor":22.0},{"not_picked":["Heel Hook","Deflect"],"picked":"Cloak And Dagger","floor":23.0},{"not_picked":["Phantasmal Killer","Night Terror"],"picked":"A Thousand Cuts","floor":33.0},{"not_picked":["Dagger Spray","Poisoned Stab+1","Acrobatics+1"],"picked":"SKIP","floor":35.0},{"not_picked":["Blur","Outmaneuver"],"picked":"Cloak And Dagger+1","floor":36.0},{"not_picked":["Deadly Poison","Outmaneuver+1"],"picked":"Blade Dance","floor":38.0},{"not_picked":["Expertise+1","Deadly Poison+1","Dagger Throw+1"],"picked":"SKIP","floor":39.0},{"not_picked":["Bane","Skewer","Blade Dance"],"picked":"SKIP","floor":41.0},{"not_picked":["Bane","Prepared+1","Sucker Punch"],"picked":"SKIP","floor":44},{"not_picked":["Calculated Gamble+1","Leg Sweep"],"picked":"Envenom","floor":45},{"not_picked":["Poisoned Stab+1","Predator+1","Deflect"],"picked":"Cloak And Dagger+1","floor":46},{"not_picked":["Deadly Poison","Outmaneuver","Flechettes+1","Dagger Throw+1"],"picked":"SKIP","floor":48}],"player_experience":454724,"relics_obtained":[{"floor":6.0,"key":"Blood Vial"},{"floor":9.0,"key":"Orichalcum"},{"floor":10.0,"key":"Vajra"},{"floor":23.0,"key":"Bag of Preparation"},{"floor":26.0,"key":"Bag of Marbles"},{"floor":27.0,"key":"MawBank"},{"floor":43,"key":"Potion Belt"},{"floor":45,"key":"Question Card"}],"event_choices":[{"damage_healed":0.0,"max_hp_gain":0.0,"max_hp_loss":0.0,"gold_gain":0.0,"event_name":"Shining Light","player_choice":"Entered Light","floor":2.0,"gold_loss":0.0,"damage_taken":14.0,"cards_upgraded":["Strike_G","Neutralize"]},{"cards_removed":["Strike_G"],"damage_healed":0.0,"max_hp_gain":0.0,"max_hp_loss":0.0,"gold_gain":0.0,"event_name":"Golden Wing","player_choice":"Card Removal","floor":3.0,"gold_loss":0.0,"damage_taken":7.0},{"damage_healed":0.0,"max_hp_gain":0.0,"max_hp_loss":0.0,"gold_gain":0.0,"event_name":"WeMeetAgain","player_choice":"Paid Gold","floor":4.0,"gold_loss":101.0,"damage_taken":0.0,"relics_obtained":["Kunai"]},{"damage_healed":0.0,"max_hp_gain":0.0,"max_hp_loss":5.0,"gold_gain":0.0,"event_name":"Golden Idol","player_choice":"Lose Max HP","floor":13.0,"gold_loss":0.0,"damage_taken":0.0,"relics_obtained":["Golden Idol"]},{"damage_healed":0.0,"max_hp_gain":0.0,"max_hp_loss":0.0,"gold_gain":0.0,"event_name":"Duplicator","player_choice":"Copied","floor":19.0,"gold_loss":0.0,"damage_taken":0.0,"cards_obtained":["Blade Dance"]},{"cards_removed":["Strike_G"],"damage_healed":0.0,"max_hp_gain":0.0,"max_hp_loss":0.0,"gold_gain":0.0,"event_name":"Purifier","player_choice":"Purged","floor":21.0,"gold_loss":0.0,"damage_taken":0.0},{"damage_healed":0.0,"max_hp_gain":0.0,"max_hp_loss":0.0,"gold_gain":0.0,"event_name":"The Mausoleum","player_choice":"Opened","floor":28.0,"gold_loss":0.0,"damage_taken":0.0,"relics_obtained":["Ancient Tea Set"]},{"damage_healed":0.0,"max_hp_gain":0.0,"max_hp_loss":0.0,"gold_gain":0.0,"cards_transformed":["Strike_G"],"event_name":"Transmorgrifier","player_choice":"Transformed","floor":30.0,"gold_loss":0.0,"damage_taken":0.0,"cards_obtained":["Infinite Blades"]},{"damage_healed":0.0,"max_hp_gain":0.0,"max_hp_loss":0.0,"gold_gain":0.0,"event_name":"Accursed Blacksmith","player_choice":"Forge","floor":37.0,"gold_loss":0.0,"damage_taken":0.0,"cards_upgraded":["A Thousand Cuts"]},{"damage_healed":0,"gold_gain":0,"player_choice":"Paid","damage_taken":0,"relics_obtained":["Red Mask"],"max_hp_gain":0,"max_hp_loss":0,"event_name":"Tomb of Lord Red Mask","floor":47,"gold_loss":157}],"is_beta":false,"boss_relics":[{"not_picked":["Cursed Key","Orrery"],"picked":"WristBlade"},{"not_picked":["Calling Bell","Fusion Hammer"],"picked":"Ring of the Serpent"}],"items_purged_floors":[],"is_endless":false,"potions_floor_spawned":[6,10,11,14,18,20,23,35,38,39,46],"ascension_level":0}