{"gold_per_floor":[216,216,216,226,241,241,267,267,318,372,23,40,0,12,12,114,114,129,129,111,129,54,54,54,69,93,93,111,36,56,6,6,6],"floor_reached":33,"playtime":8410,"items_purged":["Decay"],"score":259,"play_id":"fcecdcef-3b0d-45c2-93ec-7ac7dedcf28d","local_time":"20190216162008","is_ascension_mode":true,"campfire_choices":[{"data":"Neutralize","floor":6.0,"key":"SMITH"},{"floor":8.0,"key":"REST"},{"data":"Cloak And Dagger","floor":15.0,"key":"SMITH"},{"floor":23,"key":"REST"},{"floor":32,"key":"REST"}],"neow_cost":"NONE","seed_source_timestamp":0,"circlet_count":0,"master_deck":["Defend_G","Defend_G","Defend_G","Defend_G","Strike_G","Strike_G","Strike_G","Strike_G","Strike_G","Survivor","Neutralize+1","Cloak And Dagger+1","Escape Plan","Dash","Cloak And Dagger","Dagger Spray","Dash","Leg Sweep","Bullet Time","Cloak And Dagger+1","Predator+1","Leg Sweep","PiercingWail","Burst","Blur"],"special_seed":0,"relics":["Ring of the Snake","Happy Flower","Centennial Puzzle","Pen Nib","Medical Kit","Black Star","Ancient Tea Set","MutagenicStrength"],"potions_floor_usage":[21,25,30,33,33],"damage_taken":[{"damage":0.0,"enemies":"2 Louse","floor":1.0,"turns":5.0},{"damage":0.0,"enemies":"Small Slimes","floor":4.0,"turns":4.0},{"damage":0.0,"enemies":"Cultist","floor":5.0,"turns":3.0},{"damage":7.0,"enemies":"3 Sentries","floor":7.0,"turns":8.0},{"damage":0.0,"enemies":"Large Slime","floor":12.0,"turns":8.0},{"damage":0.0,"enemies":"Exordium Thugs","floor":14.0,"turns":3.0},{"damage":27,"enemies":"Slime Boss","floor":16,"turns":13},{"damage":0,"enemies":"3 Byrds","floor":18,"turns":4},{"damage":3,"enemies":"2 Thieves","floor":20,"turns":4},{"damage":2,"enemies":"Shelled Parasite and Fungi","floor":21,"turns":7},{"damage":4,"enemies":"3 Cultists","floor":25,"turns":5},{"damage":11,"enemies":"Snake Plant","floor":28,"turns":4},{"damage":4,"enemies":"Cultist and Chosen","floor":30,"turns":6},{"damage":92,"enemies":"Collector","floor":33,"turns":11}],"seed_played":"-7421399522861028857","potions_obtained":[{"floor":3.0,"key":"SneckoOil"},{"floor":3.0,"key":"Strength Potion"},{"floor":3.0,"key":"Swift Potion"},{"floor":5.0,"key":"Strength Potion"},{"floor":14.0,"key":"SpeedPotion"},{"floor":21,"key":"FearPotion"},{"floor":25,"key":"Ancient Potion"},{"floor":28,"key":"SneckoOil"}],"is_trial":false,"path_per_floor":["M","?","?","M","M","R","E","R","T","?","$","M","$","M","R","B",null,"M","?","M","M","$","R","?","M","T","?","M","?","M","$","R","B"],"character_chosen":"THE_SILENT","items_purchased":["Pen Nib","Medical Kit","Dash","Dexterity Potion"],"campfire_rested":3,"item_purchase_floors":[11,11,13,31],"current_hp_per_floor":[70,75,75,75,75,75,68,75,75,75,75,75,75,75,75,48,75,75,75,72,70,70,75,75,71,71,71,60,60,56,56,75,0],"gold":6,"neow_bonus":"HUNDRED_GOLD","is_prod":false,"is_daily":false,"chose_seed":false,"campfire_upgraded":2,"win_rate":0,"timestamp":1550352008,"path_taken":["M","?","?","M","?","R","E","R","T","?","$","M","?","M","R","BOSS","M","?","M","M","$","R","?","M","T","?","M","?","M","?","R","BOSS"],"build_version":"2019-01-23","purchased_purges":1,"victory":false,"max_hp_per_floor":[70,75,75,75,75,75,75,75,75,75,75,75,75,75,75,75,75,75,75,75,75,75,75,75,75,75,75,75,75,75,75,75,75],"card_choices":[{"not_picked":["Slice","Bane"],"picked":"Cloak And Dagger","floor":1.0},{"not_picked":["Outmaneuver","Endless Agony"],"picked":"Escape Plan","floor":4.0},{"not_picked":["Dodge and Roll","Underhanded Strike"],"picked":"Dash","floor":5.0},{"not_picked":["Dodge and Roll","Leg Sweep"],"picked":"Cloak And Dagger","floor":7.0},{"not_picked":["Calculated Gamble","Underhanded Strike"],"picked":"Dagger Spray","floor":12.0},{"not_picked":["Flechettes","Cloak And Dagger"],"picked":"Leg Sweep","floor":14.0},{"not_picked":["Venomology","Doppelganger"],"picked":"Bullet Time","floor":16},{"not_picked":["Flechettes","Acrobatics+1"],"picked":"Cloak And Dagger+1","floor":18},{"not_picked":["Quick Slash","Underhanded Strike"],"picked":"Predator+1","floor":20},{"not_picked":["Dagger Spray","PiercingWail"],"picked":"Leg Sweep","floor":21},{"not_picked":["Poisoned Stab","Bane"],"picked":"PiercingWail","floor":25},{"not_picked":["Quick Slash","Sucker Punch"],"picked":"Burst","floor":28},{"not_picked":["Backstab","Deadly Poison"],"picked":"Blur","floor":30}],"player_experience":112364,"relics_obtained":[{"floor":7.0,"key":"Happy Flower"},{"floor":9.0,"key":"Centennial Puzzle"},{"floor":26,"key":"Ancient Tea Set"}],"event_choices":[{"damage_healed":0.0,"max_hp_gain":5.0,"max_hp_loss":0.0,"gold_gain":0.0,"event_name":"Big Fish","player_choice":"Donut","floor":2.0,"gold_loss":0.0,"damage_taken":0.0},{"damage_healed":0.0,"max_hp_gain":0.0,"max_hp_loss":0.0,"gold_gain":0.0,"event_name":"Lab","player_choice":"Got Potions","floor":3.0,"gold_loss":0.0,"damage_taken":0.0},{"damage_healed":0.0,"max_hp_gain":0.0,"max_hp_loss":0.0,"gold_gain":54.0,"event_name":"Golden Wing","player_choice":"Gained Gold","floor":10.0,"gold_loss":0.0,"damage_taken":0.0},{"damage_healed":0,"gold_gain":0,"player_choice":"Smashed Altar","damage_taken":0,"max_hp_gain":0,"max_hp_loss":0,"event_name":"Forgotten Altar","floor":19,"gold_loss":0,"cards_obtained":["Decay"]},{"damage_healed":0,"gold_gain":0,"player_choice":"Ignored","damage_taken":0,"max_hp_gain":0,"max_hp_loss":0,"event_name":"The Mausoleum","floor":24,"gold_loss":0},{"damage_healed":0,"gold_gain":0,"player_choice":"Inject Mutagens","damage_taken":0,"relics_obtained":["MutagenicStrength"],"max_hp_gain":0,"max_hp_loss":0,"event_name":"Drug Dealer","floor":27,"gold_loss":0},{"cards_removed":["Defend_G"],"damage_healed":0,"gold_gain":0,"player_choice":"Gave Gold","damage_taken":0,"max_hp_gain":0,"max_hp_loss":0,"event_name":"Beggar","floor":29,"gold_loss":75}],"is_beta":false,"boss_relics":[{"not_picked":["Fusion Hammer","HoveringKite"],"picked":"Black Star"}],"items_purged_floors":[22],"is_endless":false,"potions_floor_spawned":[5,14,21,25,28],"killed_by":"Collector","ascension_level":1}