{"gold_per_floor":[112,160,170,184,196,196,228,228,228,228,262,280,280,293,293,391,391,410,410,421,36,54,65,65,95,165,176,206,222,222,222,222,320,320,337,351,362,362,74,74,107,107,107,107,141,173,185,214,226,238],"floor_reached":51,"playtime":1783,"items_purged":["Strike_B"],"score":1086,"play_id":"967f07cf-eefe-421f-8aaa-eb169e9abe51","local_time":"20190216223923","is_ascension_mode":true,"campfire_choices":[{"data":"Zap","floor":6.0,"key":"SMITH"},{"data":"Melter","floor":8.0,"key":"SMITH"},{"data":"Sunder","floor":15.0,"key":"SMITH"},{"data":"Loop","floor":24,"key":"SMITH"},{"data":"Biased Cognition","floor":30,"key":"SMITH"},{"floor":32,"key":"REST"},{"data":"Defragment","floor":40,"key":"SMITH"},{"data":"Buffer","floor":42,"key":"SMITH"},{"data":"Ball Lightning","floor":44,"key":"SMITH"},{"floor":49,"key":"REST"}],"neow_cost":"NONE","seed_source_timestamp":28391127953800,"circlet_count":0,"master_deck":["Strike_B","Strike_B","Strike_B","Defend_B","Defend_B","Defend_B","Defend_B","Zap+1","Dualcast","Melter+1","Ball Lightning+1","Sunder+1","Loop+1","Leap","Biased Cognition+1","Sunder+1","Buffer+1","Creative AI","Defragment+1","Core Surge","Defragment+1","White Noise+1"],"special_seed":0,"relics":["Cracked Core","Pen Nib","Bronze Scales","Anchor","Matryoshka","Mummified Hand","Art of War","The Courier","Snecko Eye","Omamori","Singing Bowl","Question Card","Regal Pillow","Letter Opener","Dream Catcher","Philosopher\u0027s Stone","Gambling Chip","Lantern","Molten Egg 2","MawBank"],"potions_floor_usage":[22,33,33,33,50,50,50],"damage_taken":[{"damage":1.0,"enemies":"Cultist","floor":1.0,"turns":3.0},{"damage":4.0,"enemies":"Jaw Worm","floor":3.0,"turns":3.0},{"damage":0.0,"enemies":"2 Louse","floor":4.0,"turns":1.0},{"damage":11.0,"enemies":"Lots of Slimes","floor":5.0,"turns":3.0},{"damage":16.0,"enemies":"Gremlin Nob","floor":7.0,"turns":3.0},{"damage":9.0,"enemies":"3 Sentries","floor":11.0,"turns":5.0},{"damage":0.0,"enemies":"2 Fungi Beasts","floor":12.0,"turns":2.0},{"damage":13.0,"enemies":"Exordium Thugs","floor":14.0,"turns":3.0},{"damage":0.0,"enemies":"Slime Boss","floor":16.0,"turns":6.0},{"damage":0.0,"enemies":"Chosen","floor":18.0,"turns":3.0},{"damage":2,"enemies":"2 Thieves","floor":20,"turns":2},{"damage":16,"enemies":"3 Cultists","floor":22,"turns":4},{"damage":0,"enemies":"Cultist and Chosen","floor":23,"turns":3},{"damage":10,"enemies":"Slavers","floor":25,"turns":4},{"damage":0,"enemies":"Sentry and Sphere","floor":27,"turns":2},{"damage":0,"enemies":"Gremlin Leader","floor":28,"turns":4},{"damage":0,"enemies":"Snake Plant","floor":29,"turns":2},{"damage":48,"enemies":"Collector","floor":33,"turns":8},{"damage":0,"enemies":"Orb Walker","floor":35,"turns":2},{"damage":0,"enemies":"3 Shapes","floor":36,"turns":3},{"damage":4,"enemies":"Spire Growth","floor":37,"turns":3},{"damage":4,"enemies":"Giant Head","floor":41,"turns":6},{"damage":0,"enemies":"Reptomancer","floor":45,"turns":4},{"damage":0,"enemies":"4 Shapes","floor":46,"turns":2},{"damage":8,"enemies":"Sphere and 2 Shapes","floor":48,"turns":3},{"damage":22,"enemies":"Donu and Deca","floor":50,"turns":6}],"seed_played":"-8083411973537704379","potions_obtained":[{"floor":4.0,"key":"Swift Potion"},{"floor":5.0,"key":"Dexterity Potion"},{"floor":12.0,"key":"Block Potion"},{"floor":14.0,"key":"Energy Potion"},{"floor":20,"key":"SpeedPotion"},{"floor":23,"key":"Dexterity Potion"},{"floor":27,"key":"Weak Potion"},{"floor":28,"key":"Dexterity Potion"},{"floor":33,"key":"Strength Potion"},{"floor":35,"key":"LiquidBronze"},{"floor":45,"key":"EssenceOfSteel"},{"floor":46,"key":"AttackPotion"},{"floor":47,"key":"PowerPotion"}],"is_trial":false,"path_per_floor":["M","T","M","M","M","R","E","R","T","?","E","M","T","M","R","B",null,"M","?","M","$","M","M","R","E","T","M","E","M","R","?","R","B",null,"M","M","M","?","$","R","E","R","T","R","E","M","?","M","R","B",null],"character_chosen":"DEFECT","items_purchased":["Omamori","Singing Bowl","Gambling Chip","Defragment"],"campfire_rested":2,"item_purchase_floors":[21,21,39,39],"current_hp_per_floor":[74,74,70,70,59,59,43,43,43,48,39,39,39,26,26,26,67,67,67,65,65,51,53,53,45,45,47,49,51,51,42,84,36,78,80,82,80,80,80,80,76,76,76,76,78,78,78,70,102,80],"gold":250,"neow_bonus":"RANDOM_COMMON_RELIC","is_prod":false,"is_daily":false,"chose_seed":false,"campfire_upgraded":8,"win_rate":0,"timestamp":1550349563,"path_taken":["M","?","?","M","M","R","E","R","T","?","E","M","?","M","R","BOSS","M","?","?","$","M","M","R","E","T","M","E","M","R","?","R","BOSS","M","M","M","?","$","R","E","R","T","R","E","M","?","?","R","BOSS"],"build_version":"2019-01-23","purchased_purges":1,"victory":true,"max_hp_per_floor":[75,75,75,75,75,75,75,75,75,80,80,80,80,80,80,80,80,80,80,80,80,82,84,84,86,86,88,90,92,92,92,92,92,92,94,96,98,98,98,98,98,98,98,98,100,100,100,100,102,102],"card_choices":[{"not_picked":["Rebound","Compile Driver"],"picked":"Melter","floor":1.0},{"not_picked":["Stack","Streamline","Barrage"],"picked":"SKIP","floor":3.0},{"not_picked":["Turbo","Streamline","Rip and Tear"],"picked":"SKIP","floor":4.0},{"not_picked":["Steam","Streamline"],"picked":"Ball Lightning","floor":5.0},{"not_picked":["Rainbow","Lockon","Rebound"],"picked":"SKIP","floor":7.0},{"not_picked":["Coolheaded","Hyperbeam"],"picked":"Sunder","floor":11.0},{"not_picked":["Stack","Gash"],"picked":"Loop","floor":12.0},{"not_picked":["Beam Cell","Hologram"],"picked":"Leap","floor":14.0},{"not_picked":["Core Surge","Rainbow"],"picked":"Biased Cognition","floor":16.0},{"not_picked":["Sweeping Beam","Chill+1","Rebound"],"picked":"SKIP","floor":18.0},{"not_picked":["Compile Driver+1","Ball Lightning","Reprogram+1"],"picked":"SKIP","floor":20},{"not_picked":["Rebound","Conserve Battery+1","Static Discharge"],"picked":"Singing Bowl","floor":22},{"not_picked":["Streamline","White Noise","Stack+1"],"picked":"Singing Bowl","floor":23},{"not_picked":["Sweeping Beam","Recycle","Steam"],"picked":"Singing Bowl","floor":25},{"not_picked":["Compile Driver","Tempest+1","Sweeping Beam","Gash"],"picked":"Singing Bowl","floor":27},{"not_picked":["Go for the Eyes+1","Cold Snap","Redo","Heatsinks"],"picked":"Singing Bowl","floor":28},{"not_picked":["Rebound","Hologram","Double Energy","Coolheaded"],"picked":"Singing Bowl","floor":29},{"not_picked":["Steam","Beam Cell","Recycle"],"picked":"Buffer","floor":32},{"not_picked":["Thunder Strike","Rainbow","Multi-Cast"],"picked":"Creative AI","floor":33},{"not_picked":["Tempest+1","Rip and Tear+1","Beam Cell","Force Field"],"picked":"Singing Bowl","floor":35},{"not_picked":["Stack+1","Cold Snap+1","Leap+1","Compile Driver+1"],"picked":"Singing Bowl","floor":36},{"not_picked":["Chaos","Go for the Eyes","Hologram","Ball Lightning"],"picked":"Singing Bowl","floor":37},{"not_picked":["Genetic Algorithm+1","Beam Cell","Heatsinks+1"],"picked":"Core Surge","floor":41},{"not_picked":["Hologram","Leap+1","Melter+1","Sweeping Beam+1"],"picked":"Singing Bowl","floor":45},{"not_picked":["Beam Cell+1","Machine Learning","Stack+1"],"picked":"Defragment+1","floor":46},{"not_picked":["Compile Driver+1","Stack+1","Redo"],"picked":"White Noise+1","floor":48},{"not_picked":["Turbo","Redo+1","Beam Cell+1","Stack+1"],"picked":"Singing Bowl","floor":49}],"player_experience":782808,"relics_obtained":[{"floor":2.0,"key":"Bronze Scales"},{"floor":7.0,"key":"Anchor"},{"floor":9.0,"key":"Matryoshka"},{"floor":11.0,"key":"Mummified Hand"},{"floor":13.0,"key":"Art of War"},{"floor":13.0,"key":"The Courier"},{"floor":25,"key":"Question Card"},{"floor":26,"key":"Regal Pillow"},{"floor":26,"key":"Letter Opener"},{"floor":28,"key":"Dream Catcher"},{"floor":41,"key":"Lantern"},{"floor":43,"key":"Molten Egg 2"},{"floor":45,"key":"MawBank"}],"event_choices":[{"damage_healed":0.0,"max_hp_gain":5.0,"max_hp_loss":0.0,"gold_gain":0.0,"event_name":"Big Fish","player_choice":"Donut","floor":10.0,"gold_loss":0.0,"damage_taken":0.0},{"damage_healed":0.0,"max_hp_gain":0.0,"max_hp_loss":0.0,"gold_gain":0.0,"event_name":"Duplicator","player_choice":"Copied","floor":19.0,"gold_loss":0.0,"damage_taken":0.0,"cards_obtained":["Sunder"]},{"damage_healed":0,"gold_gain":0,"player_choice":"Damaged","damage_taken":9,"max_hp_gain":0,"max_hp_loss":0,"event_name":"Wheel of Change","floor":31,"gold_loss":0},{"damage_healed":0,"gold_gain":0,"player_choice":"Ignored","damage_taken":0,"max_hp_gain":0,"max_hp_loss":0,"event_name":"Tomb of Lord Red Mask","floor":38,"gold_loss":0},{"damage_healed":0,"gold_gain":0,"player_choice":"Got Potions","damage_taken":0,"max_hp_gain":0,"max_hp_loss":0,"event_name":"Lab","floor":47,"gold_loss":0}],"is_beta":false,"boss_relics":[{"not_picked":["Calling Bell","Coffee Dripper"],"picked":"Snecko Eye"},{"not_picked":["Nuclear Battery","FrozenCore"],"picked":"Philosopher\u0027s Stone"}],"items_purged_floors":[21],"is_endless":false,"potions_floor_spawned":[4,5,12,14,20,23,27,28,33,35,45,46,48],"ascension_level":5}