{"gold_per_floor":[112,112,112,112,125,159,159,159,159,187,187,198,218,235,235,340,340,353,353,278,288,67,94,94,120,132,179,191,222,254,279,291,303],"floor_reached":33,"playtime":2360,"items_purged":["Defend_G"],"score":419,"play_id":"11121ed3-7161-4a08-8412-789094747c40","local_time":"20180920010535","is_ascension_mode":true,"campfire_choices":[{"floor":7,"key":"REST"},{"floor":11,"key":"REST"},{"floor":15,"key":"REST"},{"floor":24,"key":"REST"},{"data":"Sucker Punch","floor":28,"key":"SMITH"},{"floor":32,"key":"REST"}],"neow_cost":"NONE","seed_source_timestamp":519114362063327,"circlet_count":0,"master_deck":["Defend_G","Defend_G","Defend_G","Strike_G","Strike_G","Strike_G","Strike_G","Survivor","Neutralize+1","Malaise","Sucker Punch+1","Decay","Flying Knee","Prepared+1","Dodge and Roll+1","Dagger Throw","Infinite Blades","Corpse Explosion+1","Dagger Spray","Ghostly+1","Ghostly+1","Ghostly+1","Ghostly+1","Ghostly+1","Crippling Poison+1","Distraction+1","Backstab+1","Catalyst+1","Deadly Poison+1","Bouncing Flask+1","Bullet Time+1","Choke+1","Poisoned Stab"],"relics":["Ring of the Snake","Toxic Egg 2","Boot","Potion Belt","Philosopher\u0027s Stone","PreservedInsect","Dream Catcher","MawBank","Gremlin Horn","Bag of Marbles"],"potions_floor_usage":[16,21],"damage_taken":[{"damage":0,"enemies":"2 Louse","floor":1,"turns":3},{"damage":4,"enemies":"Jaw Worm","floor":5,"turns":5},{"damage":54,"enemies":"3 Sentries","floor":6,"turns":13},{"damage":15,"enemies":"Gremlin Nob","floor":10,"turns":6},{"damage":2,"enemies":"Small Slimes","floor":12,"turns":4},{"damage":1,"enemies":"Blue Slaver","floor":13,"turns":5},{"damage":6,"enemies":"3 Louse","floor":14,"turns":3},{"damage":23,"enemies":"The Guardian","floor":16,"turns":16},{"damage":7,"enemies":"Spheric Guardian","floor":18,"turns":4},{"damage":3,"enemies":"3 Byrds","floor":21,"turns":5},{"damage":3,"enemies":"Gremlin Leader","floor":23,"turns":7},{"damage":3,"enemies":"Slavers","floor":25,"turns":3},{"damage":5,"enemies":"Gremlin Leader","floor":27,"turns":5},{"damage":0,"enemies":"3 Cultists","floor":29,"turns":4},{"damage":4,"enemies":"Shelled Parasite and Fungi","floor":30,"turns":6},{"damage":0,"enemies":"Centurion and Healer","floor":31,"turns":4},{"damage":44,"enemies":"Collector","floor":33,"turns":3}],"seed_played":"-96530036683223524","potions_obtained":[{"floor":6,"key":"Weak Potion"},{"floor":10,"key":"Dexterity Potion"},{"floor":14,"key":"Swift Potion"},{"floor":16,"key":"EssenceOfSteel"},{"floor":21,"key":"Regen Potion"},{"floor":29,"key":"EssenceOfSteel"},{"floor":30,"key":"GhostInAJar"},{"floor":31,"key":"Regen Potion"}],"is_trial":false,"path_per_floor":["M","?","?","?","M","E","R","?","T","E","R","M","M","M","R","B",null,"M","?","?","M","$","E","R","E","T","E","R","M","M","M","R"],"character_chosen":"THE_SILENT","items_purchased":["PreservedInsect"],"campfire_rested":5,"item_purchase_floors":[22],"current_hp_per_floor":[70,70,63,63,59,5,26,26,26,11,32,30,29,23,44,21,58,51,35,35,32,32,29,35,32,32,27,27,27,23,23,33,0],"gold":303,"neow_bonus":"ONE_RANDOM_RARE_CARD","is_prod":false,"is_daily":false,"chose_seed":false,"campfire_upgraded":1,"win_rate":0,"timestamp":1537430735,"path_taken":["M","?","?","?","M","E","R","?","T","E","R","M","?","M","R","BOSS","M","?","?","M","$","E","R","E","T","E","R","M","M","M","R","BOSS"],"build_version":"2018-09-06","purchased_purges":1,"victory":false,"max_hp_per_floor":[70,70,70,70,70,70,70,70,70,70,70,70,70,70,70,70,70,70,35,35,35,35,35,35,35,35,35,35,35,35,35,35,35],"card_choices":[{"not_picked":["Dagger Throw","Reflex"],"picked":"Sucker Punch","floor":1},{"not_picked":["Skewer","Calculated Gamble","Underhanded Strike"],"picked":"SKIP","floor":5},{"not_picked":["Underhanded Strike","Blade Dance"],"picked":"Flying Knee","floor":6},{"not_picked":["Setup+1","Bane"],"picked":"Prepared+1","floor":10},{"not_picked":["Prepared+1","Sucker Punch"],"picked":"Dodge and Roll+1","floor":12},{"not_picked":["Storm of Steel+1","Prepared+1"],"picked":"Dagger Throw","floor":13},{"not_picked":["Outmaneuver+1","Acrobatics+1"],"picked":"Infinite Blades","floor":14},{"not_picked":["Venomology+1","Doppelganger+1"],"picked":"Corpse Explosion+1","floor":16},{"not_picked":["Bane+1","Slice"],"picked":"Dagger Spray","floor":18},{"not_picked":["Poisoned Stab","Prepared+1"],"picked":"Crippling Poison+1","floor":21},{"not_picked":["Venomology+1","PiercingWail+1"],"picked":"Distraction+1","floor":23},{"not_picked":["PiercingWail+1","Quick Slash+1"],"picked":"Backstab+1","floor":24},{"not_picked":["Caltrops","Infinite Blades"],"picked":"Catalyst+1","floor":25},{"not_picked":["Acrobatics+1","Deflect+1"],"picked":"Deadly Poison+1","floor":27},{"not_picked":["Outmaneuver+1","PiercingWail+1"],"picked":"Bouncing Flask+1","floor":29},{"not_picked":["Flying Knee+1","Caltrops+1"],"picked":"Bullet Time+1","floor":30},{"not_picked":["Dagger Spray","Sucker Punch+1"],"picked":"Choke+1","floor":31},{"not_picked":["Bane","Deflect+1"],"picked":"Poisoned Stab","floor":32}],"player_experience":418387,"relics_obtained":[{"floor":6,"key":"Toxic Egg 2"},{"floor":9,"key":"Boot"},{"floor":10,"key":"Potion Belt"},{"floor":23,"key":"Dream Catcher"},{"floor":25,"key":"MawBank"},{"floor":26,"key":"Gremlin Horn"},{"floor":27,"key":"Bag of Marbles"}],"event_choices":[{"event_name":"Living Wall","player_choice":"Grow","floor":2,"damage_taken":0},{"event_name":"Golden Wing","player_choice":"Card Removal","floor":3,"damage_taken":0},{"event_name":"Wheel of Change","player_choice":"Curse","floor":4,"damage_taken":0},{"event_name":"Match and Keep!","player_choice":"0 cards matched","floor":8,"damage_taken":0},{"event_name":"Ghosts","player_choice":"Became a Ghost","floor":19,"damage_taken":0},{"event_name":"Beggar","player_choice":"Gave Gold","floor":20,"damage_taken":0}],"is_beta":false,"boss_relics":[{"not_picked":["Runic Pyramid","Snecko Eye"],"picked":"Philosopher\u0027s Stone"}],"items_purged_floors":[22],"is_endless":false,"potions_floor_spawned":[6,10,14,16,21,29,30,31],"killed_by":"Collector","ascension_level":5}