{"gold_per_floor":[115,115,133,143,143,143,173,133,133,162,174,202,68,83,83,186,186,174,99,119,45,64,64],"floor_reached":23,"playtime":1078,"items_purged":[],"score":231,"play_id":"74e6fa46-5e6d-4fb0-a597-42a4ec66a30e","local_time":"20180914154237","is_ascension_mode":true,"campfire_choices":[{"data":"Double Tap","floor":6,"key":"SMITH"},{"data":"1","floor":11,"key":"LIFT"},{"data":"2","floor":15,"key":"LIFT"}],"neow_cost":"TEN_PERCENT_HP_LOSS","seed_source_timestamp":78096682100418,"circlet_count":0,"master_deck":["Strike_R","Strike_R","Defend_R","Defend_R","Defend_R","Defend_R","Bash","Double Tap+1","Sword Boomerang","Clothesline","Headbutt","Reaper","True Grit+1","Twin Strike","Headbutt","Ghostly Armor","Feel No Pain","Clash+1","Juggernaut","True Grit","Spot Weakness+1","Inflame"],"relics":["Burning Blood","Girya","Molten Egg 2","MawBank","Blood Vial","Runic Pyramid"],"potions_floor_usage":[7,7,10,10,14,22],"damage_taken":[{"damage":8,"enemies":"2 Louse","floor":1,"turns":2},{"damage":0,"enemies":"Cultist","floor":3,"turns":3},{"damage":5,"enemies":"Jaw Worm","floor":4,"turns":4},{"damage":32,"enemies":"Lagavulin","floor":7,"turns":6},{"damage":8,"enemies":"Gremlin Nob","floor":10,"turns":3},{"damage":5,"enemies":"2 Fungi Beasts","floor":12,"turns":3},{"damage":20,"enemies":"Exordium Thugs","floor":14,"turns":3},{"damage":50,"enemies":"The Guardian","floor":16,"turns":7},{"damage":42,"enemies":"2 Thieves","floor":18,"turns":5},{"damage":39,"enemies":"Spheric Guardian","floor":20,"turns":6},{"damage":20,"enemies":"Shelled Parasite and Fungi","floor":22,"turns":2},{"damage":43,"enemies":"Gremlin Leader","floor":23,"turns":5}],"seed_played":"-2816015826597044985","potions_obtained":[{"floor":3,"key":"LiquidBronze"},{"floor":4,"key":"Regen Potion"},{"floor":8,"key":"EssenceOfSteel"},{"floor":8,"key":"FairyPotion"},{"floor":8,"key":"Strength Potion"},{"floor":10,"key":"Explosive Potion"},{"floor":20,"key":"Fire Potion"}],"is_trial":false,"path_per_floor":["M","?","M","M","?","R","E","?","T","E","R","M","$","M","R","B",null,"M","?","M","$","M"],"character_chosen":"IRONCLAD","items_purchased":["Blood Vial","Inflame"],"campfire_rested":0,"item_purchase_floors":[13,21],"current_hp_per_floor":[70,70,72,72,72,72,51,51,51,58,58,59,59,57,57,15,72,60,60,29,29,17,0],"gold":64,"neow_bonus":"TRANSFORM_TWO_CARDS","is_prod":false,"is_daily":false,"chose_seed":false,"campfire_upgraded":1,"win_rate":0,"timestamp":1536905557,"path_taken":["M","?","?","?","?","R","E","?","T","E","R","M","$","M","R","BOSS","M","?","?","$","M","E"],"build_version":"2018-09-06","purchased_purges":0,"victory":false,"max_hp_per_floor":[72,72,72,72,72,72,72,72,72,72,72,72,72,72,72,72,72,72,72,72,72,72,72],"card_choices":[{"not_picked":["Thunderclap","Havoc"],"picked":"Clothesline","floor":1},{"not_picked":["Wild Strike","Anger"],"picked":"True Grit","floor":3},{"not_picked":["Power Through","Shockwave"],"picked":"Twin Strike","floor":4},{"not_picked":["Thunderclap","Wild Strike"],"picked":"Headbutt","floor":7},{"not_picked":["Combust","Limit Break"],"picked":"Ghostly Armor","floor":10},{"not_picked":["Shrug It Off","True Grit"],"picked":"Feel No Pain","floor":12},{"not_picked":["Wild Strike+1","Whirlwind+1"],"picked":"Clash+1","floor":14},{"not_picked":["Double Tap","Brutality"],"picked":"Juggernaut","floor":16},{"not_picked":["Wild Strike+1","Hemokinesis+1"],"picked":"True Grit","floor":18},{"not_picked":["Armaments","Combust+1"],"picked":"Spot Weakness+1","floor":20},{"not_picked":["Armaments+1","True Grit","Headbutt+1"],"picked":"SKIP","floor":22}],"player_experience":177290,"relics_obtained":[{"floor":7,"key":"Girya"},{"floor":9,"key":"Molten Egg 2"},{"floor":10,"key":"MawBank"}],"event_choices":[{"event_name":"Match and Keep!","player_choice":"2 cards matched","floor":2,"damage_taken":0},{"event_name":"Living Wall","player_choice":"Grow","floor":5,"damage_taken":0},{"event_name":"The Woman in Blue","player_choice":"Bought 3 Potions","floor":8,"damage_taken":0},{"event_name":"Beggar","player_choice":"Gave Gold","floor":19,"damage_taken":0}],"is_beta":false,"boss_relics":[{"not_picked":["Pandora\u0027s Box","Eternal Feather"],"picked":"Runic Pyramid"}],"items_purged_floors":[],"is_endless":false,"potions_floor_spawned":[3,4,10,20],"killed_by":"Gremlin Leader","ascension_level":3}