{"gold_per_floor":[117,127,127,12,12,12,40,56,56,6,6,23,23,23,23,123,123,134,134,34,50,50,82,82,3,3,102,122,133,133,150,150,254,304,315,333,333,46,46,46,81,81,81,92,107,125,125,140,140,140],"floor_reached":50,"playtime":4673,"items_purged":["Strike_G","Strike_G"],"score":823,"play_id":"ca7a0acf-80ca-4780-a1d2-e867141de537","local_time":"20190213204047","is_ascension_mode":true,"campfire_choices":[{"data":"Bouncing Flask","floor":6.0,"key":"SMITH"},{"floor":11.0,"key":"REST"},{"floor":15.0,"key":"REST"},{"data":"After Image","floor":24.0,"key":"SMITH"},{"data":"Ghostly","floor":32.0,"key":"SMITH"},{"data":"Ghostly","floor":40.0,"key":"SMITH"},{"data":"Ghostly","floor":42.0,"key":"SMITH"},{"data":"Night Terror","floor":47.0,"key":"SMITH"},{"data":"Catalyst","floor":49.0,"key":"SMITH"}],"neow_cost":"NONE","seed_source_timestamp":56096088686667,"circlet_count":0,"master_deck":["AscendersBane","Defend_G","Defend_G","Defend_G","Strike_G+1","Survivor","Neutralize","Leg Sweep+1","Bouncing Flask+1","Infinite Blades","Crippling Poison","Noxious Fumes","Die Die Die","After Image+1","Blade Dance","Adrenaline","Footwork+1","Accuracy+1","PiercingWail","Ghostly+1","Ghostly+1","Ghostly+1","Ghostly+1","Ghostly","Cloak And Dagger","Night Terror+1","Accuracy","Backflip+1","Cloak And Dagger+1","Catalyst+1"],"special_seed":0,"relics":["Ring of the Snake","Bottled Flame","Shuriken","Coffee Dripper","The Specimen","Dodecahedron","Tiny House","Torii","Bronze Scales","Vajra"],"potions_floor_usage":[],"damage_taken":[{"damage":9.0,"enemies":"Cultist","floor":1.0,"turns":5.0},{"damage":3.0,"enemies":"2 Louse","floor":2.0,"turns":3.0},{"damage":43.0,"enemies":"Gremlin Nob","floor":7.0,"turns":5.0},{"damage":1.0,"enemies":"Small Slimes","floor":8.0,"turns":5.0},{"damage":5.0,"enemies":"3 Louse","floor":12.0,"turns":5.0},{"damage":2.0,"enemies":"The Guardian","floor":16.0,"turns":10.0},{"damage":6.0,"enemies":"3 Byrds","floor":18.0,"turns":5.0},{"damage":0.0,"enemies":"Chosen","floor":21.0,"turns":5.0},{"damage":7.0,"enemies":"Colosseum Slavers","floor":22.0,"turns":4.0},{"damage":16.0,"enemies":"Gremlin Leader","floor":23.0,"turns":7.0},{"damage":5.0,"enemies":"Shelled Parasite and Fungi","floor":28.0,"turns":5.0},{"damage":17.0,"enemies":"Centurion and Healer","floor":29.0,"turns":6.0},{"damage":0.0,"enemies":"Snake Plant","floor":31.0,"turns":6.0},{"damage":3.0,"enemies":"Automaton","floor":33.0,"turns":10.0},{"damage":0.0,"enemies":"3 Darklings","floor":35.0,"turns":8.0},{"damage":0.0,"enemies":"Orb Walker","floor":36.0,"turns":5.0},{"damage":0.0,"enemies":"Reptomancer","floor":41.0,"turns":9.0},{"damage":1.0,"enemies":"Transient","floor":44.0,"turns":5.0},{"damage":1.0,"enemies":"4 Shapes","floor":45.0,"turns":5.0},{"damage":23.0,"enemies":"Sphere and 2 Shapes","floor":46.0,"turns":4.0},{"damage":1.0,"enemies":"Spire Growth","floor":48.0,"turns":6.0},{"damage":15,"enemies":"Time Eater","floor":50,"turns":4}],"seed_played":"4228895854735033620","potions_obtained":[{"floor":2.0,"key":"LiquidBronze"},{"floor":7.0,"key":"Strength Potion"},{"floor":8.0,"key":"GamblersBrew"},{"floor":18.0,"key":"Weak Potion"},{"floor":31.0,"key":"Dexterity Potion"},{"floor":34.0,"key":"Explosive Potion"},{"floor":35.0,"key":"Block Potion"}],"is_trial":false,"path_per_floor":["M","M","?","$","?","R","E","M","T","?","R","M","?","?","R","B",null,"M","?","$","M","?","E","R","$","T","?","M","M","?","M","R","B",null,"M","M","?","$","?","R","E","R","T","M","M","M","R","M","R","B"],"character_chosen":"THE_SILENT","items_purchased":["Infinite Blades","Accuracy","Torii"],"campfire_rested":2,"item_purchase_floors":[4,25,38],"current_hp_per_floor":[54,51,70,70,56,56,13,12,12,12,33,28,28,28,49,47,64,58,58,58,58,51,35,35,35,35,35,30,13,13,13,13,10,34,34,34,34,34,34,34,34,34,34,33,32,9,9,8,8,0],"gold":140,"neow_bonus":"THREE_CARDS","is_prod":false,"is_daily":false,"chose_seed":false,"campfire_upgraded":7,"win_rate":0,"timestamp":1550112047,"path_taken":["M","M","?","$","?","R","E","M","T","?","R","M","?","?","R","BOSS","M","?","$","M","?","E","R","$","T","?","M","M","?","M","R","BOSS","M","M","?","$","?","R","E","R","T","M","M","?","R","M","R","BOSS"],"build_version":"2019-01-23","purchased_purges":2,"victory":false,"max_hp_per_floor":[70,70,70,70,70,70,70,70,70,70,70,70,70,70,70,70,70,70,70,70,70,70,70,70,70,70,70,70,70,35,35,35,35,40,40,40,40,40,40,40,40,40,40,40,40,40,40,40,40,40],"card_choices":[{"not_picked":["Dagger Throw","Dagger Spray"],"picked":"Leg Sweep","floor":0.0},{"not_picked":["Dagger Throw","Blade Dance"],"picked":"Bouncing Flask","floor":1.0},{"not_picked":["Leg Sweep","Dagger Throw"],"picked":"Footwork","floor":2.0},{"not_picked":["Flying Knee","Acrobatics"],"picked":"Crippling Poison","floor":7.0},{"not_picked":["Deflect","Endless Agony"],"picked":"Noxious Fumes","floor":8.0},{"not_picked":["Poisoned Stab","Dodge and Roll"],"picked":"Die Die Die","floor":12.0},{"not_picked":["Night Terror","Burst"],"picked":"After Image","floor":16.0},{"not_picked":["Eviscerate+1","Outmaneuver","Quick Slash"],"picked":"SKIP","floor":18.0},{"not_picked":["Bouncing Flask+1","Quick Slash","Outmaneuver"],"picked":"SKIP","floor":21.0},{"not_picked":["Flying Knee","Caltrops"],"picked":"Footwork+1","floor":23.0},{"not_picked":["Prepared","Corpse Explosion","Blade Dance+1"],"picked":"SKIP","floor":28.0},{"not_picked":["Blade Dance","Prepared"],"picked":"PiercingWail","floor":29.0},{"not_picked":["Bane+1","Deflect"],"picked":"Cloak And Dagger","floor":31.0},{"not_picked":["Phantasmal Killer","Storm of Steel"],"picked":"Night Terror","floor":33.0},{"not_picked":["Flying Knee","Deflect"],"picked":"Accuracy","floor":34.0},{"not_picked":["Dodge and Roll","Slice+1"],"picked":"Backflip+1","floor":35.0},{"not_picked":["Poisoned Stab","Prepared","Deflect"],"picked":"SKIP","floor":36.0},{"not_picked":["Skewer","Deflect+1","Flying Knee"],"picked":"SKIP","floor":41.0},{"not_picked":["Prepared","Poisoned Stab+1","Reflex"],"picked":"SKIP","floor":44.0},{"not_picked":["Riddle With Holes","Dagger Throw","Flying Knee+1"],"picked":"SKIP","floor":45.0},{"not_picked":["PiercingWail","Flechettes+1"],"picked":"Cloak And Dagger+1","floor":46.0},{"not_picked":["Blade Dance","Cloak And Dagger+1"],"picked":"Catalyst","floor":48.0}],"player_experience":309087,"relics_obtained":[{"floor":7.0,"key":"Bottled Flame"},{"floor":9.0,"key":"Shuriken"},{"floor":23.0,"key":"The Specimen"},{"floor":26.0,"key":"Dodecahedron"},{"floor":41.0,"key":"Bronze Scales"},{"floor":43.0,"key":"Vajra"}],"event_choices":[{"damage_healed":23.0,"max_hp_gain":0.0,"max_hp_loss":0.0,"gold_gain":0.0,"event_name":"Big Fish","player_choice":"Banana","floor":3.0,"gold_loss":0.0,"damage_taken":0.0},{"damage_healed":0.0,"max_hp_gain":0.0,"max_hp_loss":0.0,"gold_gain":0.0,"event_name":"Shining Light","player_choice":"Entered Light","floor":5.0,"gold_loss":0.0,"damage_taken":14.0,"cards_upgraded":["Leg Sweep","Strike_G"]},{"cards_removed":["Strike_G"],"damage_healed":0.0,"max_hp_gain":0.0,"max_hp_loss":0.0,"gold_gain":0.0,"event_name":"The Cleric","player_choice":"Card Removal","floor":10.0,"gold_loss":50.0,"damage_taken":0.0},{"damage_healed":0.0,"max_hp_gain":0.0,"max_hp_loss":0.0,"gold_gain":0.0,"event_name":"Golden Idol","player_choice":"Ignored","floor":13.0,"gold_loss":0.0,"damage_taken":0.0},{"cards_removed":["Defend_G"],"damage_healed":0.0,"max_hp_gain":0.0,"max_hp_loss":0.0,"gold_gain":0.0,"event_name":"Living Wall","player_choice":"Forget","floor":14.0,"gold_loss":0.0,"damage_taken":0.0},{"damage_healed":0.0,"max_hp_gain":0.0,"max_hp_loss":0.0,"gold_gain":0.0,"cards_transformed":["Strike_G","Defend_G"],"event_name":"Drug Dealer","player_choice":"Became Test Subject","floor":19.0,"gold_loss":0.0,"damage_taken":0.0,"cards_obtained":["Blade Dance","Adrenaline"]},{"damage_healed":0.0,"max_hp_gain":0.0,"max_hp_loss":0.0,"gold_gain":0.0,"event_name":"Colosseum","player_choice":"Fight","floor":22.0,"gold_loss":0.0,"damage_taken":0.0},{"damage_healed":0.0,"max_hp_gain":0.0,"max_hp_loss":0.0,"gold_gain":0.0,"event_name":"Colosseum","player_choice":"Fled From Nobs","floor":22.0,"gold_loss":0.0,"damage_taken":0.0},{"damage_healed":0.0,"max_hp_gain":0.0,"max_hp_loss":0.0,"gold_gain":99.0,"event_name":"Nest","player_choice":"Stole From Cult","floor":27.0,"gold_loss":0.0,"damage_taken":0.0},{"damage_healed":0.0,"max_hp_gain":0.0,"max_hp_loss":35.0,"gold_gain":0.0,"event_name":"Ghosts","player_choice":"Became a Ghost","floor":30.0,"gold_loss":0.0,"damage_taken":0.0,"cards_obtained":["Ghostly","Ghostly","Ghostly","Ghostly","Ghostly"]},{"cards_removed":["Footwork"],"damage_healed":0.0,"max_hp_gain":0.0,"max_hp_loss":0.0,"gold_gain":0.0,"event_name":"Falling","player_choice":"Removed Power","floor":37.0,"gold_loss":0.0,"damage_taken":0.0},{"damage_healed":0.0,"max_hp_gain":0.0,"max_hp_loss":0.0,"gold_gain":0.0,"event_name":"Upgrade Shrine","player_choice":"Upgraded","floor":39.0,"gold_loss":0.0,"damage_taken":0.0,"cards_upgraded":["Ghostly"]}],"is_beta":false,"boss_relics":[{"not_picked":["Lizard Tail","White Beast Statue"],"picked":"Coffee Dripper"},{"not_picked":["Empty Cage","Pandora\u0027s Box"],"picked":"Tiny House"}],"items_purged_floors":[4,20],"is_endless":false,"potions_floor_spawned":[2,7,8,18,31,35,41],"killed_by":"Time Eater","ascension_level":11}