{"gold_per_floor":[119,119,131,131,154,154,175,175,175,100,50,50,63,63,63,189,189,204,192,192],"floor_reached":20,"playtime":1436,"items_purged":["Strike_B"],"score":180,"play_id":"9db0854b-47c7-4177-853a-b4ae4da685c7","local_time":"20180908131157","is_ascension_mode":true,"campfire_choices":[{"data":"Echo Form","floor":6,"key":"SMITH"},{"floor":8,"key":"REST"},{"data":"Hello World","floor":12,"key":"SMITH"},{"data":"Echo Form","floor":15,"key":"SMITH"}],"neow_cost":"PERCENT_DAMAGE","seed_source_timestamp":970294645093884,"circlet_count":0,"master_deck":["Strike_B","Zap","Dualcast","Echo Form+1","Meteor Strike","Turbo","Hello World+1","Injury","Conserve Battery","Leap","Echo Form+1","Aggregate","Creative AI","Leap","Sunder"],"relics":["Cracked Core","Du-Vu Doll","Golden Idol","Pantograph","Empty Cage"],"potions_floor_usage":[19],"damage_taken":[{"damage":3,"enemies":"Jaw Worm","floor":1,"turns":5},{"damage":4,"enemies":"Small Slimes","floor":3,"turns":3},{"damage":16,"enemies":"Cultist","floor":5,"turns":4},{"damage":14,"enemies":"Large Slime","floor":7,"turns":6},{"damage":0,"enemies":"Exordium Wildlife","floor":13,"turns":3},{"damage":26,"enemies":"The Guardian","floor":16,"turns":12},{"damage":23,"enemies":"Chosen","floor":18,"turns":5},{"damage":23,"enemies":"2 Thieves","floor":19,"turns":4},{"damage":22,"enemies":"Shelled Parasite and Fungi","floor":20,"turns":6}],"seed_played":"-931342567489627245","potions_obtained":[{"floor":3,"key":"FocusPotion"},{"floor":16,"key":"LiquidBronze"}],"is_trial":false,"path_per_floor":["M","?","M","?","M","R","M","R","T","$","?","R","M","?","R","B",null,"M","M"],"character_chosen":"DEFECT","items_purchased":[],"campfire_rested":1,"item_purchase_floors":[],"current_hp_per_floor":[51,39,35,35,19,19,5,27,27,27,27,27,27,27,27,26,75,52,29,7],"gold":192,"neow_bonus":"TRANSFORM_TWO_CARDS","is_prod":false,"is_daily":false,"chose_seed":false,"campfire_upgraded":3,"win_rate":0,"timestamp":1536378117,"path_taken":["M","?","?","?","M","R","M","R","T","$","?","R","M","?","R","BOSS","M","?","?"],"build_version":"2018-09-06","purchased_purges":1,"victory":false,"max_hp_per_floor":[75,75,75,75,75,75,75,75,75,75,75,75,75,75,75,75,75,75,75,75],"card_choices":[{"not_picked":["Coolheaded","Steam"],"picked":"Turbo","floor":1},{"not_picked":["Beam Cell","Go for the Eyes"],"picked":"Hello World","floor":3},{"not_picked":["Cold Snap","Steam"],"picked":"Conserve Battery","floor":5},{"not_picked":["Ball Lightning","Chill"],"picked":"Leap","floor":7},{"not_picked":["Go for the Eyes","Loop"],"picked":"Echo Form","floor":13},{"not_picked":["Rainbow","Thunder Strike"],"picked":"Creative AI","floor":16},{"not_picked":["Steam","Beam Cell+1"],"picked":"Leap","floor":18},{"not_picked":["FTL","Compile Driver"],"picked":"Sunder","floor":19}],"player_experience":150019,"relics_obtained":[{"floor":9,"key":"Pantograph"}],"event_choices":[{"event_name":"Scrap Ooze","player_choice":"success","floor":2,"damage_taken":12},{"event_name":"Golden Idol","player_choice":"Take Wound","floor":4,"damage_taken":0},{"event_name":"The Cleric","player_choice":"Card Removal","floor":11,"damage_taken":0},{"event_name":"Transmorgrifier","player_choice":"Transform","floor":14,"damage_taken":0}],"is_beta":false,"boss_relics":[{"not_picked":["Coffee Dripper","FrozenCore"],"picked":"Empty Cage"}],"items_purged_floors":[10],"is_endless":false,"potions_floor_spawned":[3,16],"killed_by":"Shelled Parasite and Fungi","ascension_level":2}