{"gold_per_floor":[19,19,169,42,54,54,88,88,88,88,88,116,131,145,145,220,220,236,163,182,16,34,34,63,63,89,102,52,52,63,75,75,154,154,164,64,64,79,79,79,79],"floor_reached":41,"playtime":1089,"items_purged":["Doubt","Defend_R"],"score":838,"play_id":"e923c687-3de5-4ca3-956f-53c146c3a247","local_time":"20180829040219","is_ascension_mode":true,"campfire_choices":[{"data":"Perfected Strike","floor":6,"key":"SMITH"},{"floor":8,"key":"REST"},{"data":"Bash","floor":11,"key":"SMITH"},{"data":"Disarm","floor":15,"key":"SMITH"},{"data":"Double Tap","floor":23,"key":"SMITH"},{"floor":25,"key":"REST"},{"data":"Perfected Strike","floor":29,"key":"SMITH"},{"floor":32,"key":"REST"},{"floor":40,"key":"REST"}],"neow_cost":"NO_GOLD","seed_source_timestamp":1011259543569228,"circlet_count":0,"master_deck":["Strike_R","Strike_R","Strike_R","Strike_R","Strike_R","Defend_R","Defend_R","Defend_R","Bash+1","AscendersBane","Perfected Strike+1","Clash","Battle Trance","Pommel Strike+1","Disarm+1","Pommel Strike","Double Tap+1","Whirlwind","Clash","Perfected Strike+1","Metallicize","Demon Form","Twin Strike+1","Pommel Strike+1","Master of Strategy","Flash of Steel"],"relics":["Burning Blood","Gambling Chip","Happy Flower","Orichalcum","Torii","Lizard Tail","Strawberry","Pen Nib","Kunai","Lantern","Runic Cube"],"potions_floor_usage":[7,16,35,35,38],"damage_taken":[{"damage":21,"enemies":"Small Slimes","floor":1,"turns":5},{"damage":0,"enemies":"Cultist","floor":5,"turns":3},{"damage":55,"enemies":"3 Sentries","floor":7,"turns":11},{"damage":2,"enemies":"Gremlin Nob","floor":12,"turns":3},{"damage":1,"enemies":"Jaw Worm","floor":13,"turns":2},{"damage":6,"enemies":"Looter","floor":14,"turns":2},{"damage":7,"enemies":"Hexaghost","floor":16,"turns":8},{"damage":13,"enemies":"Spheric Guardian","floor":18,"turns":4},{"damage":23,"enemies":"Shell Parasite","floor":20,"turns":3},{"damage":17,"enemies":"Snake Plant","floor":22,"turns":3},{"damage":25,"enemies":"Gremlin Leader","floor":24,"turns":5},{"damage":0,"enemies":"3 Cultists","floor":27,"turns":3},{"damage":17,"enemies":"Centurion and Healer","floor":30,"turns":2},{"damage":1,"enemies":"Sentry and Sphere","floor":31,"turns":3},{"damage":99,"enemies":"Automaton","floor":33,"turns":10},{"damage":14,"enemies":"3 Darklings","floor":35,"turns":3},{"damage":34,"enemies":"3 Shapes","floor":38,"turns":3},{"damage":71,"enemies":"2 Orb Walkers","floor":41,"turns":3}],"seed_played":"-1782551339789861022","potions_obtained":[{"floor":2,"key":"BloodPotion"},{"floor":2,"key":"FairyPotion"},{"floor":14,"key":"EssenceOfSteel"},{"floor":18,"key":"GamblersBrew"},{"floor":33,"key":"LiquidBronze"},{"floor":35,"key":"GamblersBrew"}],"is_trial":false,"path_per_floor":["M","?","?","$","M","R","E","R","T","?","R","E","M","M","R","B",null,"M","?","M","$","M","R","E","R","T","M","?","R","M","M","R","B",null,"M","$","?","M","?","R"],"character_chosen":"IRONCLAD","items_purchased":["Clash","Pen Nib"],"campfire_rested":4,"item_purchase_floors":[4,21],"current_hp_per_floor":[53,53,53,53,59,59,17,39,39,39,39,43,48,48,48,47,68,61,68,51,51,40,40,21,45,45,51,51,51,40,45,69,27,68,60,60,60,32,27,51,0],"gold":79,"neow_bonus":"ONE_RARE_RELIC","is_prod":false,"is_daily":false,"chose_seed":false,"campfire_upgraded":5,"win_rate":0,"timestamp":1535482939,"path_taken":["M","?","?","$","M","R","E","R","T","?","R","E","M","M","R","BOSS","M","?","?","?","M","R","E","R","T","M","?","R","M","M","R","BOSS","M","$","?","M","?","R","E"],"build_version":"2018-08-23v2","purchased_purges":2,"victory":false,"max_hp_per_floor":[75,75,75,75,75,75,75,75,75,75,75,75,75,75,75,75,75,75,82,82,82,82,82,82,82,82,82,82,82,82,82,82,82,82,82,82,82,82,82,82,82],"card_choices":[{"not_picked":["Carnage","Clothesline"],"picked":"Perfected Strike","floor":1},{"not_picked":["Heavy Blade","Corruption"],"picked":"Battle Trance","floor":5},{"not_picked":["Uppercut","Clothesline"],"picked":"Pommel Strike","floor":7},{"not_picked":["Havoc","Evolve"],"picked":"Disarm","floor":12},{"not_picked":["Sever Soul","Sentinel"],"picked":"Pommel Strike","floor":13},{"not_picked":["Thunderclap","Searing Blow"],"picked":"Dual Wield","floor":14},{"not_picked":["Barricade","Offering"],"picked":"Double Tap","floor":16},{"not_picked":["Heavy Blade+1","Armaments"],"picked":"Whirlwind","floor":18},{"not_picked":["Flex","Anger"],"picked":"Clash","floor":20},{"not_picked":["Sword Boomerang","Rage","Flame Barrier"],"picked":"SKIP","floor":22},{"not_picked":["Warcry","Flex","Second Wind"],"picked":"SKIP","floor":24},{"not_picked":["Seeing Red","Twin Strike"],"picked":"Perfected Strike","floor":27},{"not_picked":["True Grit","Feel No Pain"],"picked":"Metallicize","floor":30},{"not_picked":["Dark Embrace","Sever Soul","Whirlwind"],"picked":"SKIP","floor":31},{"not_picked":["Limit Break","Dark Embrace"],"picked":"Demon Form","floor":33},{"not_picked":["Body Slam+1","Cleave"],"picked":"Twin Strike+1","floor":35},{"not_picked":["Headbutt","Clash"],"picked":"Pommel Strike+1","floor":38},{"not_picked":["Mayhem","Deep Breath"],"picked":"Master of Strategy","floor":39},{"not_picked":["Chrysalis","Discovery"],"picked":"Flash of Steel","floor":39}],"player_experience":526434,"relics_obtained":[{"floor":7,"key":"Happy Flower"},{"floor":9,"key":"Orichalcum"},{"floor":12,"key":"Torii"},{"floor":24,"key":"Kunai"},{"floor":26,"key":"Lantern"}],"event_choices":[{"event_name":"The Lab","player_choice":"Got Potions","floor":2,"damage_taken":0},{"event_name":"Liars Game","player_choice":"agreed","floor":3,"damage_taken":0},{"event_name":"Accursed Blacksmith","player_choice":"Forge","floor":10,"damage_taken":0},{"event_name":"WeMeetAgain","player_choice":"Gold","floor":19,"damage_taken":0},{"event_name":"The Joust","player_choice":"Bet on Murderer","floor":28,"damage_taken":0},{"event_name":"Falling","player_choice":"Removed Skill","floor":37,"damage_taken":0},{"event_name":"SensoryStone","player_choice":"Memory 2","floor":39,"damage_taken":0}],"is_beta":false,"boss_relics":[{"not_picked":["Black Blood","Pandora\u0027s Box"],"picked":"Lizard Tail"},{"not_picked":["Black Star","Calling Bell"],"picked":"Runic Cube"}],"items_purged_floors":[4,36],"is_endless":false,"potions_floor_spawned":[5,14,18,20,24,31,33,35],"killed_by":"2 Orb Walkers","ascension_level":20}