{"gold_per_floor":[115,115,130,18,29,29,56,78,78,78,95,24,41,59,59,164,164,181,195,15,15,28,28,60,60,115,115,115,140,140,100,100,197,197,217,267,267,267,267,267,267,277,277,17,28,45,45,45,45,45],"floor_reached":51,"playtime":5130,"items_purged":["Writhe"],"score":947,"play_id":"83810749-2bfe-4390-a701-779c26fb4ba9","local_time":"20190213052028","is_ascension_mode":true,"campfire_choices":[{"data":"Leg Sweep","floor":6,"key":"SMITH"},{"floor":10,"key":"REST"},{"floor":15,"key":"REST"},{"floor":23,"key":"REST"},{"data":"Noxious Fumes","floor":25,"key":"SMITH"},{"floor":30,"key":"REST"},{"data":"Bouncing Flask","floor":32,"key":"SMITH"},{"floor":40,"key":"REST"},{"data":"Accuracy","floor":47,"key":"SMITH"},{"floor":49,"key":"RECALL"}],"neow_cost":"NONE","seed_source_timestamp":727911580596,"circlet_count":0,"master_deck":["AscendersBane","Defend_G+1","Defend_G+1","Defend_G+1","Defend_G+1","Defend_G+1","Strike_G+1","Strike_G+1","Strike_G+1","Survivor+1","Neutralize+1","Bouncing Flask+1","Blur+1","Leg Sweep+1","Infinite Blades+1","Escape Plan+1","Caltrops+1","Cloak And Dagger+1","Noxious Fumes+1","Well Laid Plans+1","Accuracy+1","Adrenaline+1","PiercingWail+1","Cloak And Dagger+1","Bouncing Flask+1","After Image+1","Backstab+1","Thinking Ahead+1","Expertise+1","Accuracy+1"],"relics":["Ring of the Snake","Potion Belt","Gambling Chip","Odd Mushroom","Gremlin Horn","Busted Crown","Vajra","Juzu Bracelet","Tiny Chest","Regal Pillow","Lizard Tail","Nunchaku","Mark of the Bloom","PreservedInsect"],"potions_floor_usage":[7,16,22,24,24,33,33,33,35,35,35,36,36,36,36,46,46,50,50],"damage_taken":[{"damage":7,"enemies":"Small Slimes","floor":1,"turns":4},{"damage":5,"enemies":"2 Louse","floor":3,"turns":3},{"damage":0,"enemies":"Cultist","floor":5,"turns":3},{"damage":16,"enemies":"3 Sentries","floor":7,"turns":11},{"damage":15,"enemies":"The Mushroom Lair","floor":8,"turns":6},{"damage":8,"enemies":"Looter","floor":11,"turns":3},{"damage":16,"enemies":"Lots of Slimes","floor":13,"turns":4},{"damage":0,"enemies":"2 Fungi Beasts","floor":14,"turns":3},{"damage":11,"enemies":"The Guardian","floor":16,"turns":11},{"damage":2,"enemies":"Spheric Guardian","floor":18,"turns":5},{"damage":4,"enemies":"3 Byrds","floor":19,"turns":3},{"damage":2,"enemies":"3 Cultists","floor":22,"turns":6},{"damage":7,"enemies":"Gremlin Leader","floor":24,"turns":8},{"damage":5,"enemies":"Colosseum Slavers","floor":28,"turns":5},{"damage":27,"enemies":"Slavers","floor":29,"turns":6},{"damage":36,"enemies":"Automaton","floor":33,"turns":10},{"damage":0,"enemies":"3 Shapes","floor":35,"turns":6},{"damage":95,"enemies":"2 Orb Walkers","floor":36,"turns":7},{"damage":0,"enemies":"3 Darklings","floor":42,"turns":6},{"damage":17,"enemies":"Spire Growth","floor":45,"turns":5},{"damage":0,"enemies":"Jaw Worm Horde","floor":46,"turns":3},{"damage":34,"enemies":"Donu and Deca","floor":50,"turns":12}],"seed_played":"3309206450039725343","potions_obtained":[{"floor":1,"key":"SkillPotion"},{"floor":3,"key":"SteroidPotion"},{"floor":7,"key":"Dexterity Potion"},{"floor":13,"key":"Ancient Potion"},{"floor":22,"key":"Block Potion"},{"floor":31,"key":"Poison Potion"},{"floor":31,"key":"EntropicBrew"},{"floor":31,"key":"Regen Potion"},{"floor":33,"key":"Swift Potion"},{"floor":35,"key":"Dexterity Potion"},{"floor":36,"key":"Poison Potion"}],"is_trial":false,"path_per_floor":["M","?","M","$","M","R","E","?","T","R","M","$","M","M","R","B",null,"M","M","$","?","M","R","E","R","T","?","?","E","R","?","R","B",null,"M","?","?","?","?","R","?","M","T","$","M","M","R","?","R","B",null],"character_chosen":"THE_SILENT","items_purchased":["Leg Sweep","Infinite Blades","Noxious Fumes","Vajra","Cloak And Dagger","Accuracy","FearPotion","AttackPotion"],"campfire_rested":5,"item_purchase_floors":[4,4,12,20,20,44,44,44],"current_hp_per_floor":[56,56,51,51,51,51,35,20,20,41,33,33,17,17,38,27,59,57,53,53,39,37,58,51,51,51,51,46,19,55,55,55,34,61,61,3,21,21,21,57,57,57,57,57,40,40,40,40,40,6],"gold":45,"neow_bonus":"RANDOM_COMMON_RELIC","is_prod":false,"is_daily":false,"chose_seed":false,"campfire_upgraded":4,"win_rate":0,"timestamp":1550056828,"path_taken":["M","?","M","$","M","R","E","?","T","R","M","$","M","M","R","BOSS","M","M","$","?","M","R","E","R","T","?","?","E","R","?","R","BOSS","M","?","?","?","?","R","?","M","T","$","M","M","R","?","R","BOSS"],"build_version":"2019-01-23","purchased_purges":1,"victory":true,"max_hp_per_floor":[70,70,70,70,70,70,70,70,70,70,70,70,70,70,70,70,70,70,70,70,70,70,70,70,70,70,70,70,70,70,70,70,70,70,70,70,70,70,70,70,70,70,70,70,70,70,70,70,70,70],"card_choices":[{"not_picked":["Choke","Riddle With Holes"],"picked":"Bouncing Flask","floor":1},{"not_picked":["Underhanded Strike","Masterful Stab"],"picked":"Blur","floor":3},{"not_picked":["Flying Knee","Acrobatics"],"picked":"Escape Plan","floor":5},{"not_picked":["Infinite Blades","Blade Dance","Dagger Throw"],"picked":"SKIP","floor":7},{"not_picked":["Poisoned Stab","Deadly Poison"],"picked":"Caltrops","floor":8},{"not_picked":["Bane","Backflip"],"picked":"Cloak And Dagger","floor":11},{"not_picked":["Poisoned Stab","Dagger Throw"],"picked":"Well Laid Plans","floor":13},{"not_picked":["Concentrate","Masterful Stab"],"picked":"Accuracy","floor":14},{"not_picked":["Glass Knife","Storm of Steel"],"picked":"Adrenaline","floor":16},{"not_picked":[],"picked":"PiercingWail","floor":18},{"not_picked":["Predator"],"picked":"SKIP","floor":19},{"not_picked":["Underhanded Strike"],"picked":"SKIP","floor":22},{"not_picked":[],"picked":"Bouncing Flask","floor":24},{"not_picked":["Dagger Spray"],"picked":"SKIP","floor":29},{"not_picked":[],"picked":"After Image","floor":33},{"not_picked":[],"picked":"Backstab","floor":35},{"not_picked":[],"picked":"Thinking Ahead","floor":38},{"not_picked":[],"picked":"Expertise+1","floor":42},{"not_picked":["Poisoned Stab+1"],"picked":"SKIP","floor":45},{"not_picked":["Poisoned Stab+1"],"picked":"SKIP","floor":46}],"player_experience":282066,"relics_obtained":[{"floor":7,"key":"Gambling Chip"},{"floor":8,"key":"Odd Mushroom"},{"floor":9,"key":"Gremlin Horn"},{"floor":24,"key":"Juzu Bracelet"},{"floor":26,"key":"Tiny Chest"},{"floor":29,"key":"Regal Pillow"},{"floor":36,"key":"Nunchaku"},{"floor":43,"key":"PreservedInsect"}],"event_choices":[{"cards_removed":["Strike_G"],"damage_healed":0,"gold_gain":0,"player_choice":"Forget","damage_taken":0,"max_hp_gain":0,"max_hp_loss":0,"event_name":"Living Wall","floor":2,"gold_loss":0},{"damage_healed":0,"gold_gain":0,"player_choice":"Fought Mushrooms","damage_taken":0,"max_hp_gain":0,"max_hp_loss":0,"event_name":"Mushrooms","floor":8,"gold_loss":0},{"damage_healed":0,"gold_gain":0,"player_choice":"POTION ","damage_taken":14,"max_hp_gain":0,"max_hp_loss":0,"event_name":"Knowing Skull","floor":21,"potions_obtained":["Energy Potion"],"gold_loss":0,"cards_obtained":[]},{"damage_healed":0,"gold_gain":0,"player_choice":"Simplicity","damage_taken":0,"max_hp_gain":0,"max_hp_loss":0,"event_name":"Back to Basics","floor":27,"gold_loss":0,"cards_upgraded":["Defend_G","Defend_G","Defend_G","Defend_G","Defend_G","Strike_G","Strike_G","Strike_G","Strike_G"]},{"damage_healed":0,"gold_gain":0,"player_choice":"Fight","damage_taken":0,"max_hp_gain":0,"max_hp_loss":0,"event_name":"Colosseum","floor":28,"gold_loss":0},{"damage_healed":0,"gold_gain":0,"player_choice":"Fled From Nobs","damage_taken":0,"max_hp_gain":0,"max_hp_loss":0,"event_name":"Colosseum","floor":28,"gold_loss":0},{"damage_healed":0,"gold_gain":0,"player_choice":"Bought 3 Potions","damage_taken":0,"max_hp_gain":0,"max_hp_loss":0,"event_name":"The Woman in Blue","floor":31,"gold_loss":0},{"damage_healed":0,"gold_gain":0,"player_choice":"Fight","damage_taken":0,"max_hp_gain":0,"max_hp_loss":0,"event_name":"Mysterious Sphere","floor":36,"gold_loss":0},{"damage_healed":18,"gold_gain":0,"player_choice":"Writhe","damage_taken":0,"max_hp_gain":0,"max_hp_loss":0,"event_name":"Winding Halls","floor":37,"gold_loss":0,"cards_obtained":["Writhe"]},{"damage_healed":0,"gold_gain":0,"player_choice":"Memory 1","damage_taken":0,"max_hp_gain":0,"max_hp_loss":0,"event_name":"SensoryStone","floor":38,"gold_loss":0},{"damage_healed":0,"gold_gain":0,"player_choice":"Ignored","damage_taken":0,"max_hp_gain":0,"max_hp_loss":0,"event_name":"Tomb of Lord Red Mask","floor":39,"gold_loss":0},{"damage_healed":0,"gold_gain":0,"player_choice":"Upgrade","damage_taken":0,"relics_obtained":["Mark of the Bloom"],"max_hp_gain":0,"max_hp_loss":0,"event_name":"MindBloom","floor":41,"gold_loss":0,"cards_upgraded":["Survivor","Neutralize","Blur","Infinite Blades","Escape Plan","Caltrops","Cloak And Dagger","Well Laid Plans","Accuracy","Adrenaline","PiercingWail","Cloak And Dagger","Bouncing Flask","After Image","Backstab","Thinking Ahead"]},{"cards_removed":["Strike_G"],"damage_healed":0,"gold_gain":0,"player_choice":"Removed Attack","damage_taken":0,"max_hp_gain":0,"max_hp_loss":0,"event_name":"Falling","floor":48,"gold_loss":0}],"is_beta":false,"boss_relics":[{"not_picked":["Velvet Choker","Black Star"],"picked":"Busted Crown"},{"not_picked":["White Beast Statue","Empty Cage"],"picked":"Lizard Tail"}],"items_purged_floors":[44],"is_endless":false,"potions_floor_spawned":[1,3,7,13,22,33,35,36],"ascension_level":10}