{"gold_per_floor":[113,38,51,51,126,169,29,29,75,35,56,69,69,69,69,69],"floor_reached":16,"playtime":1213,"items_purged":["Strike_R","Strike_R"],"score":147,"play_id":"bab7b95c-d74f-49ac-bde2-61ea600c3764","local_time":"20190212235131","is_ascension_mode":true,"campfire_choices":[{"floor":8,"key":"REST"},{"floor":15,"key":"REST"}],"neow_cost":"NONE","seed_source_timestamp":460731662999038,"circlet_count":0,"master_deck":["AscendersBane","Strike_R","Strike_R","Defend_R","Defend_R","Defend_R","Defend_R+1","Bash+1","Reaper","Rampage","Sentinel","Inflame","Corruption","Metallicize","Exhume"],"relics":["Burning Blood","Golden Idol","Art of War","Juzu Bracelet"],"potions_floor_usage":[6,16],"damage_taken":[{"damage":14,"enemies":"Jaw Worm","floor":1,"turns":6},{"damage":6,"enemies":"Cultist","floor":3,"turns":4},{"damage":50,"enemies":"3 Sentries","floor":6,"turns":12},{"damage":8,"enemies":"2 Louse","floor":11,"turns":3},{"damage":28,"enemies":"Lots of Slimes","floor":12,"turns":4},{"damage":62,"enemies":"Hexaghost","floor":16,"turns":9}],"seed_played":"-4201265253824741392","potions_obtained":[{"floor":3,"key":"FearPotion"},{"floor":11,"key":"EssenceOfSteel"},{"floor":12,"key":"Explosive Potion"}],"is_trial":false,"path_per_floor":["M","$","M","?","?","E","$","R","T","$","M","M","?","?","R","B"],"character_chosen":"IRONCLAD","items_purchased":["Inflame","Corruption"],"campfire_rested":2,"item_purchase_floors":[7,10],"current_hp_per_floor":[64,64,70,50,39,7,7,31,31,31,37,45,29,29,53,0],"gold":69,"neow_bonus":"ONE_RANDOM_RARE_CARD","is_prod":false,"is_daily":false,"chose_seed":false,"campfire_upgraded":0,"win_rate":0,"timestamp":1550037091,"path_taken":["M","$","M","?","?","E","?","R","T","$","M","M","?","?","R","BOSS"],"build_version":"2019-01-23","purchased_purges":2,"victory":false,"max_hp_per_floor":[80,80,80,80,80,80,80,80,80,80,80,80,80,80,80,80],"card_choices":[{"not_picked":["Clash","Evolve"],"picked":"Rampage","floor":1},{"not_picked":["Sever Soul","Sword Boomerang"],"picked":"Sentinel","floor":3},{"not_picked":["Clothesline","Combust","Bloodletting"],"picked":"SKIP","floor":6},{"not_picked":["Reckless Charge","Anger","Wild Strike"],"picked":"SKIP","floor":11},{"not_picked":["Fire Breathing","Berserk"],"picked":"Metallicize","floor":12}],"player_experience":280853,"relics_obtained":[{"floor":6,"key":"Art of War"},{"floor":9,"key":"Juzu Bracelet"}],"event_choices":[{"damage_healed":0,"gold_gain":0,"player_choice":"Take Damage","damage_taken":20,"relics_obtained":["Golden Idol"],"max_hp_gain":0,"max_hp_loss":0,"event_name":"Golden Idol","floor":4,"gold_loss":0},{"damage_healed":0,"gold_gain":75,"player_choice":"Gather Gold","damage_taken":11,"max_hp_gain":0,"max_hp_loss":0,"event_name":"World of Goop","floor":5,"gold_loss":0},{"damage_healed":0,"gold_gain":0,"player_choice":"Entered Light","damage_taken":16,"max_hp_gain":0,"max_hp_loss":0,"event_name":"Shining Light","floor":13,"gold_loss":0,"cards_upgraded":["Bash","Defend_R"]},{"damage_healed":0,"gold_gain":0,"cards_transformed":["Strike_R"],"player_choice":"Transformed","damage_taken":0,"max_hp_gain":0,"max_hp_loss":0,"event_name":"Transmorgrifier","floor":14,"gold_loss":0,"cards_obtained":["Exhume"]}],"is_beta":false,"boss_relics":[],"items_purged_floors":[2,7],"is_endless":false,"potions_floor_spawned":[3,11,12],"killed_by":"Hexaghost","ascension_level":10}