{"gold_per_floor":[117,127,127,202,221,221,235,262,262,278,278],"floor_reached":11,"playtime":260,"items_purged":[],"score":150,"play_id":"45f9f541-e2aa-49dc-a24e-7cf3b92e2ea2","local_time":"20180829061800","is_ascension_mode":true,"campfire_choices":[{"data":"Bash","floor":6,"key":"SMITH"}],"neow_cost":"NONE","seed_source_timestamp":1020230944860900,"circlet_count":0,"master_deck":["Strike_R","Strike_R","Strike_R","Strike_R","Strike_R","Defend_R","Defend_R","Defend_R","Bash+1","AscendersBane","Sever Soul","True Grit","Shrug It Off","Inflame"],"relics":["Burning Blood","Paper Frog","Letter Opener"],"potions_floor_usage":[7,8,8,11],"damage_taken":[{"damage":7,"enemies":"Cultist","floor":1,"turns":4},{"damage":9,"enemies":"2 Louse","floor":2,"turns":3},{"damage":16,"enemies":"Jaw Worm","floor":5,"turns":4},{"damage":14,"enemies":"Exordium Wildlife","floor":7,"turns":5},{"damage":28,"enemies":"Lagavulin","floor":8,"turns":6},{"damage":7,"enemies":"Blue Slaver","floor":10,"turns":5},{"damage":19,"enemies":"Lots of Slimes","floor":11,"turns":4}],"seed_played":"-5713614841151544671","potions_obtained":[{"floor":1,"key":"Strength Potion"},{"floor":5,"key":"SkillPotion"},{"floor":7,"key":"LiquidBronze"},{"floor":10,"key":"PowerPotion"}],"is_trial":false,"path_per_floor":["M","M","?","?","M","R","M","E","T","M"],"character_chosen":"IRONCLAD","items_purchased":[],"campfire_rested":0,"item_purchase_floors":[],"current_hp_per_floor":[67,64,69,58,48,48,40,18,18,17,0],"gold":278,"neow_bonus":"REMOVE_CARD","is_prod":false,"is_daily":false,"chose_seed":false,"campfire_upgraded":1,"win_rate":0,"timestamp":1535491080,"path_taken":["M","M","?","?","M","R","M","E","T","M","?"],"build_version":"2018-08-23v2","purchased_purges":0,"victory":false,"max_hp_per_floor":[75,75,80,80,80,80,80,80,80,80,80],"card_choices":[{"not_picked":["Infernal Blade","Iron Wave"],"picked":"Sever Soul","floor":1},{"not_picked":["Warcry","Anger","Dropkick"],"picked":"SKIP","floor":2},{"not_picked":["Armaments","Body Slam","Feel No Pain"],"picked":"SKIP","floor":5},{"not_picked":["Clothesline","Disarm"],"picked":"True Grit","floor":7},{"not_picked":["Rage","Clothesline"],"picked":"Shrug It Off","floor":8},{"not_picked":["Infernal Blade","Pommel Strike"],"picked":"Inflame","floor":10}],"player_experience":535081,"relics_obtained":[{"floor":8,"key":"Paper Frog"},{"floor":9,"key":"Letter Opener"}],"event_choices":[{"event_name":"Big Fish","player_choice":"Donut","floor":3,"damage_taken":0},{"event_name":"World of Goop","player_choice":"Gather Gold","floor":4,"damage_taken":0}],"is_beta":false,"boss_relics":[],"items_purged_floors":[],"is_endless":false,"potions_floor_spawned":[1,5,7,10],"killed_by":"Lots of Slimes","ascension_level":20}