{"gold_per_floor":[117,117,117,135,135,135,152,152,152,165,165,165,181,199,199,199],"floor_reached":16,"playtime":283,"items_purged":[],"score":179,"play_id":"00da47ff-545c-4c21-9e07-f7bb7813a137","local_time":"20190107053003","is_ascension_mode":true,"campfire_choices":[{"data":"Neutralize","floor":6,"key":"SMITH"},{"floor":12,"key":"REST"},{"data":"Quick Slash","floor":15,"key":"SMITH"}],"neow_cost":"NONE","seed_source_timestamp":1261989488979655,"circlet_count":0,"master_deck":["AscendersBane","Defend_G","Defend_G","Defend_G+1","Defend_G","Defend_G","Strike_G","Strike_G","Strike_G","Strike_G","Survivor","Neutralize+1","Acrobatics+1","Quick Slash+1","Well Laid Plans","Well Laid Plans+1","Sucker Punch","Die Die Die"],"relics":["Ring of the Snake","Centennial Puzzle","Torii","Golden Idol","Frozen Egg 2"],"potions_floor_usage":[16],"damage_taken":[{"damage":7,"enemies":"Small Slimes","floor":1,"turns":5},{"damage":0,"enemies":"2 Louse","floor":4,"turns":5},{"damage":0,"enemies":"Cultist","floor":7,"turns":3},{"damage":1,"enemies":"Looter","floor":10,"turns":3},{"damage":1,"enemies":"3 Louse","floor":13,"turns":4},{"damage":0,"enemies":"2 Fungi Beasts","floor":14,"turns":4},{"damage":0,"enemies":"Slime Boss","floor":16,"turns":4}],"seed_played":"5469316207204783554","potions_obtained":[{"floor":4,"key":"Swift Potion"},{"floor":13,"key":"Fire Potion"}],"is_trial":false,"path_per_floor":["M","?","?","M","?","R","M","?","T","M","?","R","M","M","R","B"],"character_chosen":"THE_SILENT","items_purchased":[],"campfire_rested":1,"item_purchase_floors":[],"current_hp_per_floor":[52,41,34,34,14,14,14,14,14,13,13,32,31,31,31,31],"gold":199,"neow_bonus":"RANDOM_COMMON_RELIC","is_prod":false,"is_daily":false,"chose_seed":false,"campfire_upgraded":2,"win_rate":0,"timestamp":1546806603,"path_taken":["M","?","?","M","?","R","M","?","T","M","?","R","M","M","R","BOSS"],"build_version":"2019-01-03v4","purchased_purges":0,"victory":false,"max_hp_per_floor":[66,66,66,66,66,66,66,66,66,66,66,66,66,66,66,66],"card_choices":[{"not_picked":["Deflect","PiercingWail"],"picked":"Acrobatics","floor":1},{"not_picked":["Finisher","Backflip"],"picked":"Quick Slash","floor":4},{"not_picked":["Sucker Punch","Heel Hook"],"picked":"Well Laid Plans","floor":7},{"not_picked":["PiercingWail","Dagger Throw"],"picked":"Well Laid Plans+1","floor":10},{"not_picked":["Predator","Accuracy+1"],"picked":"Sucker Punch","floor":13},{"not_picked":["Dagger Spray","Masterful Stab"],"picked":"Die Die Die","floor":14}],"player_experience":844183,"relics_obtained":[{"floor":9,"key":"Frozen Egg 2"}],"event_choices":[{"damage_healed":0,"gold_gain":0,"player_choice":"Success","damage_taken":11,"relics_obtained":["Torii"],"max_hp_gain":0,"max_hp_loss":0,"event_name":"Scrap Ooze","floor":2,"gold_loss":0},{"cards_removed":["Strike_G"],"damage_healed":0,"gold_gain":0,"player_choice":"Card Removal","damage_taken":7,"max_hp_gain":0,"max_hp_loss":0,"event_name":"Golden Wing","floor":3,"gold_loss":0},{"damage_healed":0,"gold_gain":0,"player_choice":"Entered Light","damage_taken":20,"max_hp_gain":0,"max_hp_loss":0,"event_name":"Shining Light","floor":5,"gold_loss":0,"cards_upgraded":["Acrobatics","Defend_G"]},{"damage_healed":0,"gold_gain":0,"player_choice":"Take Wound","damage_taken":0,"relics_obtained":["Golden Idol"],"max_hp_gain":0,"max_hp_loss":0,"event_name":"Golden Idol","floor":8,"gold_loss":0,"cards_obtained":["Injury"]},{"cards_removed":["Injury"],"damage_healed":0,"gold_gain":0,"player_choice":"Removed Curses","damage_taken":0,"max_hp_gain":0,"max_hp_loss":0,"event_name":"Fountain of Cleansing","floor":11,"gold_loss":0}],"is_beta":false,"boss_relics":[],"items_purged_floors":[],"is_endless":false,"potions_floor_spawned":[4,13,14],"killed_by":"Slime Boss","ascension_level":19}