{"gold_per_floor":[117,87,87,107,107,141,141,159,232,248,262,278,294,314,314,314],"floor_reached":16,"playtime":437,"items_purged":[],"score":196,"play_id":"658e822b-28de-45e4-a3ea-43a00412692b","local_time":"20181008044154","is_ascension_mode":true,"campfire_choices":[{"data":"Cloak And Dagger","floor":7,"key":"SMITH"},{"data":"Accuracy","floor":15,"key":"SMITH"}],"neow_cost":"NONE","seed_source_timestamp":1066693917201724,"circlet_count":0,"master_deck":["Defend_G","Defend_G","Defend_G","Defend_G","Defend_G","Strike_G","Strike_G","Strike_G","Strike_G","Strike_G","Survivor","Neutralize","AscendersBane","Cloak And Dagger+1","Terror","Accuracy+1","Escape Plan","Flying Knee","Cloak And Dagger","Dash","Well Laid Plans"],"relics":["Ring of the Snake","Ancient Tea Set","NlothsMask","Potion Belt","Letter Opener"],"potions_floor_usage":[2,6,14,16,16,16],"damage_taken":[{"damage":6,"enemies":"Cultist","floor":1,"turns":5},{"damage":8,"enemies":"Jaw Worm","floor":4,"turns":6},{"damage":26,"enemies":"3 Sentries","floor":6,"turns":10},{"damage":4,"enemies":"Small Slimes","floor":8,"turns":4},{"damage":1,"enemies":"Blue Slaver","floor":10,"turns":5},{"damage":0,"enemies":"Looter","floor":11,"turns":4},{"damage":6,"enemies":"3 Louse","floor":12,"turns":4},{"damage":9,"enemies":"Red Slaver","floor":13,"turns":4},{"damage":0,"enemies":"Exordium Thugs","floor":14,"turns":3},{"damage":12,"enemies":"Slime Boss","floor":16,"turns":5}],"seed_played":"-3883082439676839426","potions_obtained":[{"floor":2,"key":"Explosive Potion"},{"floor":2,"key":"Fruit Juice"},{"floor":6,"key":"Fire Potion"},{"floor":8,"key":"FearPotion"},{"floor":11,"key":"Swift Potion"},{"floor":12,"key":"Swift Potion"}],"is_trial":false,"path_per_floor":["M","?","?","M","T","E","R","M","T","M","M","M","M","M","R"],"character_chosen":"THE_SILENT","items_purchased":[],"campfire_rested":0,"item_purchase_floors":[],"current_hp_per_floor":[53,58,58,50,50,24,24,20,20,19,19,13,4,4,4,0],"gold":314,"neow_bonus":"RANDOM_COMMON_RELIC","is_prod":false,"is_daily":false,"chose_seed":false,"campfire_upgraded":2,"win_rate":0,"timestamp":1538941314,"path_taken":["M","?","?","M","?","E","R","M","T","?","?","M","?","M","R","BOSS"],"build_version":"2018-10-04v2","purchased_purges":0,"victory":false,"max_hp_per_floor":[66,71,71,71,71,71,71,71,71,71,71,71,71,71,71,71],"card_choices":[{"not_picked":["Acrobatics","Infinite Blades"],"picked":"Cloak And Dagger","floor":1},{"not_picked":["Expertise","Blade Dance"],"picked":"Terror","floor":4},{"not_picked":["Underhanded Strike","Catalyst"],"picked":"Accuracy","floor":6},{"not_picked":["Bane","Backflip"],"picked":"Escape Plan","floor":8},{"not_picked":["Bane","Poisoned Stab"],"picked":"Flying Knee","floor":10},{"not_picked":["Dodge and Roll","Crippling Poison","Concentrate"],"picked":"SKIP","floor":11},{"not_picked":["Calculated Gamble","Sucker Punch"],"picked":"Cloak And Dagger","floor":12},{"not_picked":["Sucker Punch","PiercingWail"],"picked":"Dash","floor":13},{"not_picked":["Dodge and Roll","Backflip"],"picked":"Well Laid Plans","floor":14}],"player_experience":750581,"relics_obtained":[{"floor":6,"key":"Potion Belt"},{"floor":9,"key":"Letter Opener"}],"event_choices":[{"event_name":"The Woman in Blue","player_choice":"Bought 2 Potions","floor":2,"damage_taken":0},{"event_name":"FaceTrader","player_choice":"Trade","floor":3,"damage_taken":0}],"is_beta":false,"boss_relics":[],"items_purged_floors":[],"is_endless":false,"potions_floor_spawned":[6,8,11,12],"killed_by":"Slime Boss","ascension_level":17}