{"gold_per_floor":[211,64,81,6,26,53,53,82,82,112,112,175,175,208,208,282,282,295,310,310,322,73,100,120,120,120,120,131,131,166,182,182,259,259,278,258,270,1,19,45,59,88,111,129,163,163,190,42,42,42],"floor_reached":51,"playtime":1711,"items_purged":["Defend_R","Strike_R","Strike_R"],"score":1508,"play_id":"6b477a1c-afe2-4d0b-998c-4db45df589ef","local_time":"20180822004238","is_ascension_mode":true,"campfire_choices":[{"data":"Carnage","floor":7,"key":"SMITH"},{"floor":11,"key":"REST"},{"floor":13,"key":"REST"},{"data":"Disarm","floor":15,"key":"SMITH"},{"data":"Uppercut","floor":25,"key":"SMITH"},{"data":"Uppercut","floor":27,"key":"SMITH"},{"data":"Shockwave","floor":32,"key":"SMITH"},{"data":"Limit Break","floor":49,"key":"SMITH"}],"neow_cost":"NONE","seed_source_timestamp":393687361620830,"circlet_count":0,"master_deck":["Strike_R","Strike_R","Strike_R","Defend_R","Defend_R","Bash","AscendersBane","Disarm+1","Carnage+1","Flex","True Grit","Uppercut+1","Shockwave+1","Reaper","Pommel Strike","Uppercut+1","Seeing Red+1","Shrug It Off","Pummel","Flex","Double Tap","Battle Trance+1","Shrug It Off","Limit Break+1","Flex+1","Power Through+1","Burning Pact+1"],"special_seed":0,"relics":["Burning Blood","Red Skull","Question Card","Mercury Hourglass","Dodecahedron","Boot","Pen Nib","Matryoshka","Busted Crown","Vajra","Unceasing Top","Centennial Puzzle","Paper Frog","Happy Flower","Sozu","Juzu Bracelet","Blue Candle","Potion Belt","Art of War","Dream Catcher","Charon\u0027s Ashes","Bag of Marbles"],"potions_floor_usage":[10,12,14,19,24,50],"damage_taken":[{"damage":5,"enemies":"Cultist","floor":1,"turns":4},{"damage":2,"enemies":"2 Louse","floor":3,"turns":3},{"damage":7,"enemies":"Jaw Worm","floor":5,"turns":3},{"damage":35,"enemies":"3 Sentries","floor":6,"turns":9},{"damage":30,"enemies":"Gremlin Nob","floor":8,"turns":4},{"damage":15,"enemies":"Lagavulin","floor":10,"turns":7},{"damage":15,"enemies":"3 Sentries","floor":12,"turns":5},{"damage":14,"enemies":"Gremlin Nob","floor":14,"turns":3},{"damage":19,"enemies":"The Guardian","floor":16,"turns":9},{"damage":0,"enemies":"Spheric Guardian","floor":18,"turns":3},{"damage":30,"enemies":"Shell Parasite","floor":19,"turns":4},{"damage":4,"enemies":"Snecko","floor":21,"turns":3},{"damage":40,"enemies":"Slavers","floor":23,"turns":5},{"damage":7,"enemies":"Shelled Parasite and Fungi","floor":24,"turns":4},{"damage":10,"enemies":"Centurion and Healer","floor":28,"turns":3},{"damage":10,"enemies":"Gremlin Leader","floor":30,"turns":4},{"damage":18,"enemies":"Snecko","floor":31,"turns":3},{"damage":58,"enemies":"Automaton","floor":33,"turns":8},{"damage":0,"enemies":"Orb Walker","floor":35,"turns":2},{"damage":0,"enemies":"3 Shapes","floor":37,"turns":3},{"damage":28,"enemies":"Transient","floor":39,"turns":5},{"damage":13,"enemies":"Giant Head","floor":40,"turns":6},{"damage":24,"enemies":"Maw","floor":41,"turns":5},{"damage":15,"enemies":"Nemesis","floor":42,"turns":4},{"damage":4,"enemies":"Sphere and 2 Shapes","floor":44,"turns":5},{"damage":1,"enemies":"Giant Head","floor":45,"turns":5},{"damage":1,"enemies":"Nemesis","floor":47,"turns":3},{"damage":22,"enemies":"Awakened One","floor":50,"turns":10}],"seed_played":"3450629680680915011","potions_obtained":[{"floor":8,"key":"Dexterity Potion"},{"floor":10,"key":"Strength Potion"},{"floor":12,"key":"Poison Potion"},{"floor":16,"key":"FairyPotion"},{"floor":18,"key":"Fruit Juice"},{"floor":23,"key":"Block Potion"},{"floor":31,"key":"BloodPotion"},{"floor":33,"key":"Dexterity Potion"}],"is_trial":false,"path_per_floor":["M","$","M","$","M","E","R","E","T","E","R","?","R","E","R","B",null,"M","M","?","M","$","E","M","R","T","R","M","?","E","M","R","B",null,"M","?","M","$","M","E","M","E","T","M","E","?","E","$","R","B"],"character_chosen":"IRONCLAD","items_purchased":["Red Skull","Vajra","Limit Break","Bag of Marbles"],"campfire_rested":2,"item_purchase_floors":[2,22,38,48],"current_hp_per_floor":[69,69,73,73,72,43,43,19,19,10,32,23,45,37,37,24,62,68,55,80,80,80,46,60,60,60,60,74,74,70,58,58,14,64,71,71,77,77,58,59,80,71,71,73,80,80,80,80,80,80],"gold":42,"neow_bonus":"HUNDRED_GOLD","is_prod":false,"is_daily":false,"chose_seed":false,"campfire_upgraded":6,"win_rate":0,"timestamp":1534866158,"path_taken":["M","$","M","?","M","E","R","E","T","E","R","?","R","E","R","BOSS","M","M","?","M","$","E","M","R","T","R","M","?","E","?","R","BOSS","M","?","M","$","M","E","M","E","T","M","E","?","E","?","R","BOSS"],"build_version":"2018-08-16","purchased_purges":3,"victory":true,"max_hp_per_floor":[75,75,75,75,75,75,75,75,75,75,75,75,75,75,75,75,75,75,80,80,80,80,80,80,80,80,80,80,80,80,80,80,80,80,80,80,80,80,80,80,80,80,80,80,80,80,80,80,80,80],"card_choices":[{"not_picked":["Iron Wave","Perfected Strike"],"picked":"Disarm","floor":1},{"not_picked":["Sword Boomerang","Wild Strike","Evolve"],"picked":"SKIP","floor":3},{"not_picked":["Armaments","Headbutt"],"picked":"Carnage","floor":5},{"not_picked":["Headbutt","Exhume"],"picked":"Flex","floor":6},{"not_picked":["Second Wind","Body Slam","Flame Barrier","Dual Wield"],"picked":"SKIP","floor":8},{"not_picked":["Anger","Cleave","Body Slam"],"picked":"True Grit","floor":10},{"not_picked":["Dual Wield","Body Slam","Burning Pact"],"picked":"Uppercut","floor":12},{"not_picked":["Headbutt","True Grit","Hemokinesis"],"picked":"Shockwave","floor":14},{"not_picked":["Exhume","Berserk","Barricade"],"picked":"Reaper","floor":16},{"not_picked":["Anger"],"picked":"Pommel Strike","floor":18},{"not_picked":["Entrench+1","Second Wind"],"picked":"SKIP","floor":19},{"not_picked":["Cleave","Carnage"],"picked":"SKIP","floor":21},{"not_picked":["Corruption"],"picked":"Uppercut","floor":23},{"not_picked":["Heavy Blade"],"picked":"Seeing Red+1","floor":24},{"not_picked":["Juggernaut"],"picked":"Shrug It Off","floor":28},{"not_picked":["Wild Strike"],"picked":"Pummel","floor":30},{"not_picked":["Bloodletting"],"picked":"Flex","floor":31},{"not_picked":["Offering"],"picked":"Double Tap","floor":33},{"not_picked":["Perfected Strike"],"picked":"Battle Trance+1","floor":35},{"not_picked":["Armaments"],"picked":"Shrug It Off","floor":37},{"not_picked":["Clothesline+1","Wild Strike+1"],"picked":"SKIP","floor":39},{"not_picked":["Dual Wield","Rupture"],"picked":"SKIP","floor":40},{"not_picked":["Body Slam","Warcry"],"picked":"SKIP","floor":41},{"not_picked":["Juggernaut"],"picked":"Flex+1","floor":42},{"not_picked":["Cleave","Body Slam"],"picked":"SKIP","floor":44},{"not_picked":["Power Through+1","Sentinel"],"picked":"SKIP","floor":45},{"not_picked":["Sentinel"],"picked":"Power Through+1","floor":45},{"not_picked":["Perfected Strike"],"picked":"Burning Pact+1","floor":47}],"player_experience":477849,"relics_obtained":[{"floor":6,"key":"Question Card"},{"floor":8,"key":"Mercury Hourglass"},{"floor":9,"key":"Dodecahedron"},{"floor":10,"key":"Boot"},{"floor":12,"key":"Pen Nib"},{"floor":14,"key":"Matryoshka"},{"floor":23,"key":"Unceasing Top"},{"floor":26,"key":"Centennial Puzzle"},{"floor":26,"key":"Paper Frog"},{"floor":30,"key":"Happy Flower"},{"floor":40,"key":"Juzu Bracelet"},{"floor":42,"key":"Blue Candle"},{"floor":43,"key":"Potion Belt"},{"floor":43,"key":"Art of War"},{"floor":45,"key":"Dream Catcher"},{"floor":47,"key":"Charon\u0027s Ashes"}],"event_choices":[{"event_name":"Dead Adventurer","player_choice":"Searched \u00273\u0027 times","floor":12,"damage_taken":0},{"event_name":"Wheel of Change","player_choice":"Full Heal","floor":20,"damage_taken":0},{"event_name":"Ghosts","player_choice":"Ignored","floor":29,"damage_taken":0},{"event_name":"The Woman in Blue","player_choice":"Bought 1 Potion","floor":36,"damage_taken":0},{"event_name":"Purifier","player_choice":"One Purge","floor":46,"damage_taken":0}],"is_beta":false,"boss_relics":[{"not_picked":["Ectoplasm","Runic Cube"],"picked":"Busted Crown"},{"not_picked":["Mark of Pain","Eternal Feather"],"picked":"Sozu"}],"items_purged_floors":[4,22,38],"is_endless":false,"potions_floor_spawned":[8,10,12,16,18,23,31,33,37,40,42,45],"ascension_level":15}