{"gold_per_floor":[14,30,105,105,105,105,120,150,232,232,251,251,261,43,43,43],"floor_reached":16,"playtime":505,"items_purged":[],"score":200,"play_id":"066c0726-8a92-4e66-af75-661665043dc3","local_time":"20190214231054","is_ascension_mode":true,"campfire_choices":[{"data":"Spot Weakness","floor":6.0,"key":"SMITH"},{"data":"Sword Boomerang","floor":10.0,"key":"SMITH"},{"data":"Anger","floor":12.0,"key":"SMITH"},{"data":"True Grit","floor":15.0,"key":"SMITH"}],"neow_cost":"NO_GOLD","seed_source_timestamp":157471416170764,"circlet_count":0,"master_deck":["AscendersBane","Strike_R","Strike_R","Strike_R","Strike_R","Defend_R","Defend_R","Defend_R","Bash","Spot Weakness+1","Sentinel","Twin Strike","Barricade+1","Sword Boomerang+1","Pommel Strike","Anger+1","True Grit+1","Impervious","Wild Strike"],"special_seed":0,"relics":["Burning Blood","Bronze Scales","Sundial"],"potions_floor_usage":[16,16],"damage_taken":[{"damage":0.0,"enemies":"2 Louse","floor":1.0,"turns":4.0},{"damage":7.0,"enemies":"Jaw Worm","floor":2.0,"turns":3.0},{"damage":0.0,"enemies":"Cultist","floor":7.0,"turns":3.0},{"damage":20.0,"enemies":"3 Sentries","floor":8.0,"turns":6.0},{"damage":7.0,"enemies":"2 Fungi Beasts","floor":11.0,"turns":2.0},{"damage":0.0,"enemies":"Blue Slaver","floor":13.0,"turns":2.0},{"damage":71,"enemies":"Slime Boss","floor":16,"turns":8}],"seed_played":"4633036212494020267","potions_obtained":[{"floor":1.0,"key":"SkillPotion"},{"floor":2.0,"key":"Strength Potion"},{"floor":7.0,"key":"AttackPotion"},{"floor":11.0,"key":"PowerPotion"},{"floor":13.0,"key":"SkillPotion"}],"is_trial":false,"path_per_floor":["M","M","?","?","?","R","M","E","T","R","M","R","M","$","R","B"],"character_chosen":"IRONCLAD","items_purchased":["Impervious","Wild Strike"],"campfire_rested":0,"item_purchase_floors":[14,14],"current_hp_per_floor":[74,73,62,67,67,67,73,59,59,59,58,58,64,64,64,0],"gold":43,"neow_bonus":"TRANSFORM_TWO_CARDS","is_prod":false,"is_daily":false,"chose_seed":false,"campfire_upgraded":4,"win_rate":0,"timestamp":1550185854,"path_taken":["M","M","?","?","?","R","M","E","T","R","M","R","M","$","R","BOSS"],"build_version":"2019-01-23","purchased_purges":0,"victory":false,"max_hp_per_floor":[75,75,75,80,80,80,80,80,80,80,80,80,80,80,80,80],"card_choices":[{"not_picked":["Power Through","Clash"],"picked":"Twin Strike","floor":1.0},{"not_picked":["Anger","Flex"],"picked":"Barricade","floor":2.0},{"not_picked":["Corruption","Carnage"],"picked":"Sword Boomerang","floor":7.0},{"not_picked":["Sword Boomerang","Berserk"],"picked":"Pommel Strike","floor":8.0},{"not_picked":["Dropkick","Warcry"],"picked":"Anger","floor":11.0},{"not_picked":["Heavy Blade","Body Slam"],"picked":"True Grit","floor":13.0}],"player_experience":1303378,"relics_obtained":[{"floor":8.0,"key":"Bronze Scales"},{"floor":9.0,"key":"Sundial"}],"event_choices":[{"damage_healed":0.0,"max_hp_gain":0.0,"max_hp_loss":0.0,"gold_gain":75.0,"event_name":"World of Goop","player_choice":"Gather Gold","floor":3.0,"gold_loss":0.0,"damage_taken":11.0},{"damage_healed":0.0,"max_hp_gain":5.0,"max_hp_loss":0.0,"gold_gain":0.0,"event_name":"Big Fish","player_choice":"Donut","floor":4.0,"gold_loss":0.0,"damage_taken":0.0},{"damage_healed":0.0,"max_hp_gain":0.0,"max_hp_loss":0.0,"gold_gain":0.0,"event_name":"Living Wall","player_choice":"Grow","floor":5.0,"gold_loss":0.0,"damage_taken":0.0,"cards_upgraded":["Barricade"]}],"is_beta":false,"boss_relics":[],"items_purged_floors":[],"is_endless":false,"potions_floor_spawned":[1,2,7,11,13],"killed_by":"Slime Boss","ascension_level":20}