{"gold_per_floor":[359,87,100,114,114,114,114,114,140,174,139,139,153,170,170,170],"floor_reached":16,"playtime":509,"items_purged":[],"score":100,"play_id":"16d67c44-c0f0-4193-b31f-488a9763a145","local_time":"20190216215154","is_ascension_mode":false,"campfire_choices":[{"data":"Shockwave","floor":6,"key":"SMITH"},{"floor":8,"key":"RECALL"},{"floor":15,"key":"REST"}],"neow_cost":"CURSE","seed_source_timestamp":80523822260415,"circlet_count":0,"master_deck":["Strike_R","Strike_R","Strike_R","Strike_R","Defend_R","Defend_R","Defend_R","Defend_R","Bash","Decay","Dual Wield","Shockwave+1","Warcry","Inflame","Seeing Red"],"relics":["Burning Blood","ClockworkSouvenir","Bag of Preparation","Blood Vial","Shuriken"],"potions_floor_usage":[16],"damage_taken":[{"damage":6,"enemies":"2 Louse","floor":1,"turns":3},{"damage":21,"enemies":"Jaw Worm","floor":3,"turns":4},{"damage":10,"enemies":"Small Slimes","floor":4,"turns":4},{"damage":34,"enemies":"Gremlin Nob","floor":10,"turns":5},{"damage":7,"enemies":"2 Fungi Beasts","floor":13,"turns":4},{"damage":7,"enemies":"Red Slaver","floor":14,"turns":5},{"damage":73,"enemies":"The Guardian","floor":16,"turns":12}],"seed_played":"-8960925200841973460","potions_obtained":[{"floor":3,"key":"SneckoOil"},{"floor":10,"key":"Swift Potion"}],"is_trial":false,"path_per_floor":["M","$","M","M","$","R","?","R","T","E","?","?","M","M","R","B"],"character_chosen":"IRONCLAD","items_purchased":["Shockwave","ClockworkSouvenir"],"campfire_rested":1,"item_purchase_floors":[2,2],"current_hp_per_floor":[80,80,65,61,61,61,54,54,54,26,46,43,44,45,69,0],"gold":170,"neow_bonus":"TWO_FIFTY_GOLD","is_prod":false,"is_daily":false,"chose_seed":false,"campfire_upgraded":1,"win_rate":0,"timestamp":1550321514,"path_taken":["M","$","M","M","$","R","?","R","T","E","?","?","?","M","R","BOSS"],"build_version":"2019-01-23","purchased_purges":0,"victory":false,"max_hp_per_floor":[80,80,80,80,80,80,80,80,80,80,80,80,80,80,80,80],"card_choices":[{"not_picked":["True Grit","Havoc"],"picked":"Dual Wield","floor":1},{"not_picked":["Entrench","Clash","Havoc"],"picked":"SKIP","floor":3},{"not_picked":["Combust","Anger"],"picked":"Warcry","floor":4},{"not_picked":["Wild Strike","Battle Trance"],"picked":"Inflame","floor":10},{"not_picked":["True Grit","Clothesline","Wild Strike"],"picked":"SKIP","floor":13},{"not_picked":["Havoc","Warcry"],"picked":"Seeing Red","floor":14}],"player_experience":123362,"relics_obtained":[{"floor":9,"key":"Bag of Preparation"},{"floor":10,"key":"Blood Vial"}],"event_choices":[{"cards_removed":["Strike_R"],"damage_healed":0,"gold_gain":0,"player_choice":"Card Removal","damage_taken":7,"max_hp_gain":0,"max_hp_loss":0,"event_name":"Golden Wing","floor":7,"gold_loss":0},{"damage_healed":20,"gold_gain":0,"player_choice":"Healed","damage_taken":0,"max_hp_gain":0,"max_hp_loss":0,"event_name":"The Cleric","floor":11,"gold_loss":35},{"damage_healed":0,"gold_gain":0,"player_choice":"Success","damage_taken":3,"relics_obtained":["Shuriken"],"max_hp_gain":0,"max_hp_loss":0,"event_name":"Scrap Ooze","floor":12,"gold_loss":0}],"is_beta":false,"boss_relics":[],"items_purged_floors":[],"is_endless":false,"potions_floor_spawned":[3,10],"killed_by":"The Guardian","ascension_level":0}