{"gold_per_floor":[110,110,22,33,50,78,90,137,149,161],"floor_reached":10,"playtime":165,"items_purged":[],"score":152,"play_id":"97300390-a818-4e46-b011-c33252d9728f","local_time":"20181218053928","is_ascension_mode":true,"campfire_choices":[{"data":"Zap","floor":7,"key":"SMITH"}],"neow_cost":"NONE","seed_source_timestamp":387246286722437,"circlet_count":0,"master_deck":["AscendersBane","Strike_B","Strike_B","Strike_B","Strike_B","Defend_B","Defend_B","Defend_B","Defend_B","Zap+1","Dualcast","Ball Lightning","Thunder Strike","Capacitor","Chill","Turbo","Reinforced Body","Capacitor"],"relics":["Cracked Core","NeowsBlessing","MawBank","Symbiotic Virus","Happy Flower"],"potions_floor_usage":[8,10],"damage_taken":[{"damage":0,"enemies":"2 Louse","floor":1,"turns":1},{"damage":0,"enemies":"Cultist","floor":4,"turns":1},{"damage":0,"enemies":"Small Slimes","floor":5,"turns":1},{"damage":39,"enemies":"Lagavulin","floor":6,"turns":6},{"damage":10,"enemies":"Gremlin Nob","floor":8,"turns":3},{"damage":15,"enemies":"3 Sentries","floor":10,"turns":2}],"seed_played":"1519077883421755643","potions_obtained":[{"floor":1,"key":"FocusPotion"},{"floor":5,"key":"Explosive Potion"},{"floor":8,"key":"Strength Potion"}],"is_trial":false,"path_per_floor":["M","?","$","M","M","E","R","E","T","E"],"character_chosen":"DEFECT","items_purchased":["Capacitor"],"campfire_rested":0,"item_purchase_floors":[3],"current_hp_per_floor":[64,64,64,64,64,25,25,15,15,0],"gold":161,"neow_bonus":"THREE_ENEMY_KILL","is_prod":false,"is_daily":false,"chose_seed":false,"campfire_upgraded":1,"win_rate":0,"timestamp":1545079168,"path_taken":["M","?","$","M","?","E","R","E","T","E"],"build_version":"2018-12-13","purchased_purges":0,"victory":false,"max_hp_per_floor":[71,71,71,71,71,71,71,71,71,71],"card_choices":[{"not_picked":["Lockon","Beam Cell"],"picked":"Ball Lightning","floor":1},{"not_picked":["Steam","Melter"],"picked":"Chill","floor":4},{"not_picked":["Redo","Genetic Algorithm"],"picked":"Turbo","floor":5},{"not_picked":["Hologram","Leap"],"picked":"Reinforced Body","floor":6},{"not_picked":["Turbo","Tempest"],"picked":"Capacitor","floor":8}],"player_experience":815040,"relics_obtained":[{"floor":6,"key":"MawBank"},{"floor":8,"key":"Symbiotic Virus"},{"floor":9,"key":"Happy Flower"}],"event_choices":[{"damage_healed":0,"gold_gain":0,"player_choice":"1 cards matched","damage_taken":0,"max_hp_gain":0,"max_hp_loss":0,"event_name":"Match and Keep!","floor":2,"gold_loss":0,"cards_obtained":["Thunder Strike"]}],"is_beta":false,"boss_relics":[],"items_purged_floors":[],"is_endless":false,"potions_floor_spawned":[1,5,8],"killed_by":"3 Sentries","ascension_level":20}