{"gold_per_floor":[115,190,140,315,315,315,346,360,417,429,429,447,447,70,70,173,173,187,198,221,221,232,263,2,2,26,38,52,83,83,109,109,210,210,224,277,288,38,88,88,114,114,114,114,41,41,59,9,9,9],"floor_reached":51,"playtime":1234,"items_purged":["Doubt","Defend_B"],"score":1034,"play_id":"e2ee6703-96b0-483f-9075-e7a84faadb95","local_time":"20190217001825","is_ascension_mode":true,"campfire_choices":[{"data":"Zap","floor":6.0,"key":"SMITH"},{"floor":11.0,"key":"REST"},{"data":"Ball Lightning","floor":13.0,"key":"SMITH"},{"data":"Dualcast","floor":15.0,"key":"SMITH"},{"data":"Ball Lightning","floor":25,"key":"SMITH"},{"data":"Strike_B","floor":30,"key":"SMITH"},{"data":"BootSequence","floor":32,"key":"SMITH"},{"data":"Core Surge","floor":40,"key":"SMITH"},{"data":"Defend_B","floor":42,"key":"SMITH"},{"data":"Defend_B","floor":44,"key":"SMITH"},{"data":"Defend_B","floor":49,"key":"SMITH"}],"neow_cost":"NONE","seed_source_timestamp":34906177087199,"circlet_count":0,"master_deck":["Strike_B+1","Strike_B+1","Strike_B+1","Defend_B+1","Defend_B+1","Defend_B+1","Zap+1","Dualcast+1","BootSequence+1","Ball Lightning+1","Electrodynamics+1","Self Repair+1","Cold Snap+1","Biased Cognition+1","Self Repair+1","Ball Lightning+1","Static Discharge+1","Core Surge+1","Electrodynamics+1","Biased Cognition+1","Glacier+1"],"special_seed":0,"relics":["Cracked Core","Dream Catcher","Mummified Hand","Centennial Puzzle","Tiny Chest","Frozen Egg 2","Orrery","Whetstone","Vajra","Membership Card","Bag of Marbles","Boot","Strawberry","Philosopher\u0027s Stone","Omamori","Runic Capacitor","Incense Burner","Smiling Mask","Potion Belt","Prayer Wheel","DataDisk"],"potions_floor_usage":[27,33,33,41,50],"damage_taken":[{"damage":1.0,"enemies":"Small Slimes","floor":1.0,"turns":4.0},{"damage":40.0,"enemies":"3 Sentries","floor":7.0,"turns":9.0},{"damage":1.0,"enemies":"Cultist","floor":8.0,"turns":3.0},{"damage":1.0,"enemies":"Jaw Worm","floor":10.0,"turns":4.0},{"damage":3.0,"enemies":"Blue Slaver","floor":12.0,"turns":3.0},{"damage":2.0,"enemies":"Slime Boss","floor":16.0,"turns":6.0},{"damage":5.0,"enemies":"Chosen","floor":18.0,"turns":3.0},{"damage":0.0,"enemies":"Spheric Guardian","floor":19.0,"turns":2.0},{"damage":0.0,"enemies":"Centurion and Healer","floor":22.0,"turns":3.0},{"damage":0,"enemies":"Slavers","floor":23,"turns":1},{"damage":13,"enemies":"Snecko","floor":27,"turns":5},{"damage":7,"enemies":"Snake Plant","floor":28,"turns":2},{"damage":0,"enemies":"Gremlin Leader","floor":29,"turns":4},{"damage":14,"enemies":"Book of Stabbing","floor":31,"turns":3},{"damage":69,"enemies":"Collector","floor":33,"turns":7},{"damage":14,"enemies":"3 Shapes","floor":35,"turns":4},{"damage":5,"enemies":"3 Darklings","floor":37,"turns":3},{"damage":32,"enemies":"Nemesis","floor":41,"turns":5},{"damage":2,"enemies":"4 Shapes","floor":47,"turns":3},{"damage":16,"enemies":"Donu and Deca","floor":50,"turns":3}],"seed_played":"-856058252379254142","potions_obtained":[{"floor":1.0,"key":"Ancient Potion"},{"floor":10.0,"key":"Fire Potion"},{"floor":12.0,"key":"FearPotion"},{"floor":18.0,"key":"Ancient Potion"},{"floor":22.0,"key":"Swift Potion"},{"floor":27,"key":"Fire Potion"},{"floor":35,"key":"Strength Potion"}],"is_trial":false,"path_per_floor":["M","?","?","?","?","R","E","M","T","M","R","M","R","$","R","B",null,"M","M","T","?","M","E","$","R","T","M","M","E","R","E","R","B",null,"M","T","M","$","T","R","E","R","T","R","$","?","M","$","R","B",null],"character_chosen":"DEFECT","items_purchased":["Frozen Egg 2","Dexterity Potion","Membership Card","Self Repair+1","Ball Lightning","Runic Capacitor","Incense Burner","DataDisk"],"campfire_rested":1,"item_purchase_floors":[14,14,24,24,24,38,38,45],"current_hp_per_floor":[67,56,56,56,56,56,16,15,15,14,36,33,33,33,33,31,64,69,69,69,69,75,75,75,75,75,75,75,75,75,82,82,33,70,66,66,81,81,81,81,69,69,69,69,69,69,77,77,77,61],"gold":9,"neow_bonus":"RANDOM_COMMON_RELIC","is_prod":false,"is_daily":false,"chose_seed":false,"campfire_upgraded":10,"win_rate":0,"timestamp":1550355505,"path_taken":["M","?","?","?","?","R","E","M","T","M","R","M","R","$","R","BOSS","M","M","?","?","?","E","$","R","T","M","M","E","R","E","R","BOSS","M","?","M","?","?","R","E","R","T","R","?","?","?","$","R","BOSS"],"build_version":"2019-01-23","purchased_purges":2,"victory":true,"max_hp_per_floor":[75,75,75,75,75,75,75,75,75,75,75,75,75,75,75,75,75,75,75,75,75,75,75,75,75,75,75,75,75,75,82,82,82,82,82,82,82,82,82,82,82,82,82,82,82,82,82,82,82,82],"card_choices":[{"not_picked":["Tempest","Coolheaded","Storm"],"picked":"SKIP","floor":1.0},{"not_picked":["Undo","Steam"],"picked":"BootSequence","floor":7.0},{"not_picked":["Chill","Static Discharge","Streamline"],"picked":"SKIP","floor":8.0},{"not_picked":["Beam Cell","Fusion","Steam"],"picked":"SKIP","floor":10.0},{"not_picked":["Leap","Conserve Battery"],"picked":"Ball Lightning","floor":12.0},{"not_picked":["Multi-Cast","Hyperbeam"],"picked":"Electrodynamics+1","floor":16.0},{"not_picked":["Genetic Algorithm","Tempest"],"picked":"Self Repair+1","floor":17.0},{"not_picked":["Beam Cell","Conserve Battery"],"picked":"Cold Snap","floor":17.0},{"not_picked":["Redo","Turbo"],"picked":"Biased Cognition+1","floor":17.0},{"not_picked":["Tempest+1","Leap","Sunder"],"picked":"SKIP","floor":18.0},{"not_picked":["Sweeping Beam+1","Doom and Gloom","Cold Snap"],"picked":"SKIP","floor":19.0},{"not_picked":["Fission","Beam Cell","Cold Snap"],"picked":"SKIP","floor":22.0},{"not_picked":["Aggregate+1","Compile Driver","Hologram"],"picked":"SKIP","floor":23},{"not_picked":["Blizzard","Rebound","Compile Driver"],"picked":"SKIP","floor":27},{"not_picked":["Conserve Battery","Machine Learning+1","Coolheaded"],"picked":"SKIP","floor":28},{"not_picked":["Lockon","Beam Cell"],"picked":"Static Discharge+1","floor":29},{"not_picked":["Chaos","Ball Lightning","Coolheaded"],"picked":"SKIP","floor":31},{"not_picked":["All For One","Machine Learning+1"],"picked":"Core Surge","floor":33},{"not_picked":["Coolheaded","Rip and Tear+1","Compile Driver+1"],"picked":"SKIP","floor":35},{"not_picked":["Undo","Beam Cell","FTL"],"picked":"SKIP","floor":37},{"not_picked":["Heatsinks+1","Beam Cell+1"],"picked":"Electrodynamics+1","floor":41},{"not_picked":["Barrage","Hologram+1"],"picked":"Glacier+1","floor":47},{"not_picked":["Go for the Eyes","Blizzard","Steam Power+1"],"picked":"SKIP","floor":47}],"player_experience":789093,"relics_obtained":[{"floor":7.0,"key":"Centennial Puzzle"},{"floor":9.0,"key":"Tiny Chest"},{"floor":20.0,"key":"Whetstone"},{"floor":23,"key":"Vajra"},{"floor":26,"key":"Bag of Marbles"},{"floor":29,"key":"Boot"},{"floor":31,"key":"Strawberry"},{"floor":36,"key":"Omamori"},{"floor":39,"key":"Smiling Mask"},{"floor":41,"key":"Potion Belt"},{"floor":43,"key":"Prayer Wheel"}],"event_choices":[{"damage_healed":0.0,"max_hp_gain":0.0,"max_hp_loss":0.0,"gold_gain":75.0,"event_name":"World of Goop","player_choice":"Gather Gold","floor":2.0,"gold_loss":0.0,"damage_taken":11.0},{"cards_removed":["Strike_B"],"damage_healed":0.0,"max_hp_gain":0.0,"max_hp_loss":0.0,"gold_gain":0.0,"event_name":"The Cleric","player_choice":"Card Removal","floor":3.0,"gold_loss":50.0,"damage_taken":0.0},{"damage_healed":0.0,"max_hp_gain":0.0,"max_hp_loss":0.0,"gold_gain":175.0,"event_name":"Liars Game","player_choice":"AGREE","floor":4.0,"gold_loss":0.0,"damage_taken":0.0,"cards_obtained":["Doubt"]},{"damage_healed":0.0,"max_hp_gain":0.0,"max_hp_loss":0.0,"gold_gain":0.0,"event_name":"WeMeetAgain","player_choice":"Gave Potion","floor":5.0,"gold_loss":0.0,"damage_taken":0.0,"relics_obtained":["Mummified Hand"]},{"damage_healed":0.0,"max_hp_gain":0.0,"max_hp_loss":0.0,"gold_gain":0.0,"event_name":"Upgrade Shrine","player_choice":"Upgraded","floor":21.0,"gold_loss":0.0,"damage_taken":0.0,"cards_upgraded":["Strike_B"]},{"damage_healed":0,"gold_gain":0,"player_choice":"Copied","damage_taken":0,"max_hp_gain":0,"max_hp_loss":0,"event_name":"Duplicator","floor":46,"gold_loss":0,"cards_obtained":["Biased Cognition"]}],"is_beta":false,"boss_relics":[{"not_picked":["Lizard Tail","Coffee Dripper"],"picked":"Orrery"},{"not_picked":["Busted Crown","Tiny House"],"picked":"Philosopher\u0027s Stone"}],"items_purged_floors":[14,48],"is_endless":false,"potions_floor_spawned":[1,10,12,18,22,27,35],"ascension_level":7}