{"gold_per_floor":[113,113,113,45,69,69,94,94,94,106,118,205,238,250,262,404,416,453,465,477,502,539,551,513,525],"floor_reached":25,"playtime":906,"items_purged":[],"score":217,"play_id":"38bbe022-a2d8-4cb1-980d-f805ce6fa719","local_time":"20180927125124","is_ascension_mode":true,"campfire_choices":[{"data":"1","floor":6,"key":"LIFT"},{"data":"2","floor":8,"key":"LIFT"},{"data":"3","floor":10,"key":"LIFT"},{"data":"Searing Blow","floor":15,"key":"SMITH"},{"data":"Barricade","floor":23,"key":"SMITH"}],"neow_cost":"PERCENT_DAMAGE","seed_source_timestamp":1191318883093332,"circlet_count":0,"master_deck":["Strike_R","Strike_R","Strike_R","Strike_R","Defend_R","Defend_R","Defend_R","Defend_R","Bash","Headbutt","Searing Blow+1","Inflame+1","Pommel Strike","Barricade+1","Inflame+1","J.A.X.","Metallicize+1"],"relics":["Burning Blood","Girya","Golden Idol","MawBank","Black Star"],"potions_floor_usage":[16,16,18,21,25],"damage_taken":[{"damage":5,"enemies":"Small Slimes","floor":1,"turns":3},{"damage":1,"enemies":"Cultist","floor":5,"turns":3},{"damage":7,"enemies":"2 Louse","floor":7,"turns":3},{"damage":6,"enemies":"2 Fungi Beasts","floor":13,"turns":4},{"damage":34,"enemies":"Slime Boss","floor":16,"turns":8},{"damage":36,"enemies":"3 Byrds","floor":18,"turns":6},{"damage":26,"enemies":"Spheric Guardian","floor":21,"turns":4},{"damage":26,"enemies":"Chosen and Byrds","floor":22,"turns":6},{"damage":9,"enemies":"Shelled Parasite and Fungi","floor":25,"turns":2}],"seed_played":"-8584330785052485999","potions_obtained":[{"floor":1,"key":"Weak Potion"},{"floor":7,"key":"Block Potion"},{"floor":16,"key":"Fire Potion"},{"floor":18,"key":"SkillPotion"},{"floor":21,"key":"Strength Potion"},{"floor":22,"key":"Regen Potion"}],"is_trial":false,"path_per_floor":["M","?","?","$","M","R","M","R","T","R","?","?","M","?","R","B",null,"M","?","?","M","M","R","?"],"character_chosen":"IRONCLAD","items_purchased":["Searing Blow"],"campfire_rested":0,"item_purchase_floors":[4],"current_hp_per_floor":[57,57,57,57,62,62,61,61,61,61,61,50,50,50,50,22,80,50,50,50,30,10,10,10,6],"gold":525,"neow_bonus":"ONE_RARE_RELIC","is_prod":false,"is_daily":false,"chose_seed":false,"campfire_upgraded":2,"win_rate":0,"timestamp":1538018484,"path_taken":["M","?","?","$","M","R","M","R","T","R","?","?","?","?","R","BOSS","M","?","?","M","M","R","?","?"],"build_version":"2018-09-20","purchased_purges":0,"victory":false,"max_hp_per_floor":[80,80,80,80,80,80,80,80,80,80,80,80,80,80,80,80,80,80,80,80,80,80,80,80,80],"card_choices":[{"not_picked":["Battle Trance","Havoc"],"picked":"Headbutt","floor":1},{"not_picked":["Clothesline","Combust"],"picked":"Inflame","floor":5},{"not_picked":["Blood for Blood","Anger"],"picked":"Pommel Strike","floor":7},{"not_picked":["Havoc","Shrug It Off","Sword Boomerang"],"picked":"SKIP","floor":13},{"not_picked":["Exhume","Double Tap"],"picked":"Barricade","floor":16},{"not_picked":["Wild Strike+1","Blood for Blood"],"picked":"Inflame+1","floor":18},{"not_picked":["Inflame","Armaments+1"],"picked":"Metallicize+1","floor":21},{"not_picked":["Headbutt+1","Clothesline+1","Body Slam+1"],"picked":"SKIP","floor":22}],"player_experience":218713,"relics_obtained":[{"floor":9,"key":"MawBank"}],"event_choices":[{"event_name":"Purifier","player_choice":"One Purge","floor":2,"damage_taken":0},{"event_name":"Golden Idol","player_choice":"Take Wound","floor":3,"damage_taken":0},{"event_name":"Living Wall","player_choice":"Grow","floor":11,"damage_taken":0},{"event_name":"World of Goop","player_choice":"Gather Gold","floor":12,"damage_taken":0},{"event_name":"Liars Game","player_choice":"disagreed","floor":14,"damage_taken":0},{"event_name":"Drug Dealer","player_choice":"Got JAX","floor":19,"damage_taken":0},{"event_name":"Back to Basics","player_choice":"Elegance","floor":20,"damage_taken":0},{"event_name":"The Joust","player_choice":"Bet on Murderer","floor":24,"damage_taken":0}],"is_beta":false,"boss_relics":[{"not_picked":["Fusion Hammer","Snecko Eye"],"picked":"Black Star"}],"items_purged_floors":[],"is_endless":false,"potions_floor_spawned":[1,7,16,18,21,22],"killed_by":"Shelled Parasite and Fungi","ascension_level":3}