{"gold_per_floor":[113,127,127,139,154,154,168,199,199,264,284,247,247,257,257,257],"floor_reached":16,"playtime":1077,"items_purged":[],"score":192,"play_id":"4872efbc-354f-4d27-99cd-87f53151df99","local_time":"20190127182125","is_ascension_mode":true,"campfire_choices":[{"data":"Searing Blow","floor":6.0,"key":"SMITH"},{"data":"Searing Blow+1","floor":13.0,"key":"SMITH"},{"floor":15,"key":"REST"}],"neow_cost":"NONE","seed_source_timestamp":0,"circlet_count":0,"master_deck":["AscendersBane","Strike_R","Strike_R","Defend_R","Defend_R","Defend_R","Defend_R","Bash","Searing Blow+2","Uppercut","Ghostly Armor"],"special_seed":0,"relics":["Empty Cage","FossilizedHelix","Dodecahedron"],"potions_floor_usage":[],"damage_taken":[{"damage":8.0,"enemies":"Small Slimes","floor":1.0,"turns":5.0},{"damage":12.0,"enemies":"Cultist","floor":2.0,"turns":5.0},{"damage":0.0,"enemies":"2 Louse","floor":4.0,"turns":7.0},{"damage":10.0,"enemies":"Blue Slaver","floor":5.0,"turns":7.0},{"damage":3.0,"enemies":"Looter","floor":7.0,"turns":4.0},{"damage":40.0,"enemies":"3 Sentries","floor":8.0,"turns":14.0},{"damage":8.0,"enemies":"Large Slime","floor":11.0,"turns":4.0},{"damage":4.0,"enemies":"Gremlin Gang","floor":14.0,"turns":7.0},{"damage":25,"enemies":"The Guardian","floor":16,"turns":10}],"seed_played":"4428563969424139076","potions_obtained":[{"floor":1.0,"key":"BloodPotion"},{"floor":7.0,"key":"Block Potion"},{"floor":8.0,"key":"Regen Potion"}],"is_trial":false,"path_per_floor":["M","M","?","M","M","R","M","E","T","?","M","?","R","M","R","B"],"character_chosen":"IRONCLAD","items_purchased":[],"campfire_rested":1,"item_purchase_floors":[],"current_hp_per_floor":[60,48,48,48,38,38,35,2,2,2,6,6,6,2,24,0],"gold":257,"neow_bonus":"BOSS_RELIC","is_prod":false,"is_daily":false,"chose_seed":false,"campfire_upgraded":2,"win_rate":0,"timestamp":1548606085,"path_taken":["M","M","?","?","M","R","M","E","T","?","M","?","R","M","R","BOSS"],"build_version":"2019-01-23","purchased_purges":0,"victory":false,"max_hp_per_floor":[75,75,75,75,75,75,75,75,75,75,75,75,75,75,75,75],"card_choices":[{"not_picked":["Warcry","Flex","Havoc"],"picked":"SKIP","floor":1.0},{"not_picked":["Seeing Red","Armaments"],"picked":"Searing Blow","floor":2.0},{"not_picked":["Seeing Red","Heavy Blade"],"picked":"Uppercut","floor":4.0},{"not_picked":["Blood for Blood","Havoc","Searing Blow"],"picked":"SKIP","floor":5.0},{"not_picked":["Clothesline","Warcry","Power Through"],"picked":"SKIP","floor":7.0},{"not_picked":["Blood for Blood","Flex","Bludgeon"],"picked":"SKIP","floor":8.0},{"not_picked":["Body Slam","Perfected Strike"],"picked":"Ghostly Armor","floor":11.0},{"not_picked":["Iron Wave","Thunderclap","Body Slam"],"picked":"SKIP","floor":14.0}],"player_experience":907315,"relics_obtained":[{"floor":8.0,"key":"FossilizedHelix"},{"floor":9.0,"key":"Dodecahedron"}],"event_choices":[{"cards_removed":["Strike_R"],"damage_healed":0.0,"max_hp_gain":0.0,"max_hp_loss":0.0,"gold_gain":0.0,"event_name":"Bonfire Elementals","player_choice":"Offered Basic","floor":3.0,"gold_loss":0.0,"damage_taken":0.0},{"damage_healed":0.0,"max_hp_gain":0.0,"max_hp_loss":0.0,"gold_gain":65.0,"event_name":"Golden Wing","player_choice":"Gained Gold","floor":10.0,"gold_loss":0.0,"damage_taken":0.0},{"damage_healed":0.0,"max_hp_gain":0.0,"max_hp_loss":0.0,"gold_gain":0.0,"event_name":"World of Goop","player_choice":"Left Gold","floor":12.0,"gold_loss":37.0,"damage_taken":0.0}],"is_beta":false,"boss_relics":[],"items_purged_floors":[],"is_endless":false,"potions_floor_spawned":[1,7,8],"killed_by":"The Guardian","ascension_level":17}