{"gold_per_floor":[118,49,49,60,60,91,16,16,16,16,76,111,111,127,127,231,231,231,231,231,156,156,156,156,156,156,156,156,11,11,11,11,11,11,11,11,11,11,11,11,11,11,11,11,11,11,11,11,11,11],"floor_reached":51,"playtime":2220,"items_purged":["Strike_G"],"score":808,"play_id":"d3eb0d34-7c07-4e0e-958e-2cd38ff606da","local_time":"20180729175151","is_ascension_mode":false,"campfire_choices":[{"floor":8,"key":"REST"},{"data":"Footwork","floor":10,"key":"SMITH"},{"floor":15,"key":"REST"},{"data":"Catalyst","floor":23,"key":"SMITH"},{"data":"Leg Sweep","floor":30,"key":"SMITH"},{"data":"Bouncing Flask","floor":32,"key":"SMITH"},{"floor":40,"key":"REST"},{"floor":49,"key":"REST"}],"neow_cost":"NONE","seed_source_timestamp":16953569293520,"circlet_count":0,"master_deck":["Defend_G","Defend_G","Defend_G","Defend_G","Defend_G","Survivor","Neutralize","Cloak And Dagger","Backflip","Noxious Fumes+1","Footwork+1","Blade Dance","Leg Sweep+1","Bouncing Flask+1","Malaise","Blade Dance","Bite","Bite","Bite","Bite","Catalyst+1","Backflip+1","Footwork+1","Crippling Poison+1","Dodge and Roll+1","Madness","Madness","Catalyst"],"relics":["Ring of the Snake","Oddly Smooth Stone","Anchor","Mercury Hourglass","Bottled Tornado","Regal Pillow","Ectoplasm","Ornamental Fan","Bronze Scales","Art of War","White Beast Statue","Ginger","Ninja Scroll"],"potions_floor_usage":[12,50,50,50],"damage_taken":[{"damage":7,"enemies":"Jaw Worm","floor":1,"turns":6},{"damage":0,"enemies":"Cultist","floor":4,"turns":3},{"damage":26,"enemies":"3 Sentries","floor":6,"turns":8},{"damage":0,"enemies":"3 Sentries","floor":11,"turns":9},{"damage":15,"enemies":"Gremlin Nob","floor":12,"turns":5},{"damage":0,"enemies":"2 Louse","floor":14,"turns":2},{"damage":3,"enemies":"The Guardian","floor":16,"turns":8},{"damage":0,"enemies":"Chosen","floor":18,"turns":4},{"damage":6,"enemies":"2 Thieves","floor":21,"turns":4},{"damage":3,"enemies":"Snecko","floor":22,"turns":5},{"damage":0,"enemies":"Cultist and Chosen","floor":27,"turns":5},{"damage":0,"enemies":"Chosen and Byrds","floor":28,"turns":6},{"damage":0,"enemies":"Collector","floor":33,"turns":6},{"damage":12,"enemies":"Flame Bruiser 1 Orb","floor":35,"turns":4},{"damage":0,"enemies":"3 Shapes","floor":38,"turns":5},{"damage":18,"enemies":"Nemesis","floor":41,"turns":7},{"damage":0,"enemies":"Transient","floor":44,"turns":5},{"damage":2,"enemies":"Maw","floor":46,"turns":6},{"damage":0,"enemies":"4 Shapes","floor":47,"turns":4},{"damage":21,"enemies":"3 Darklings","floor":48,"turns":3},{"damage":24,"enemies":"Time Eater","floor":50,"turns":12}],"seed_played":"-5153660365645178557","potions_obtained":[{"floor":11,"key":"Fire Potion"},{"floor":16,"key":"Poison Potion"},{"floor":22,"key":"SkillPotion"},{"floor":27,"key":"Swift Potion"},{"floor":48,"key":"Weak Potion"}],"is_trial":false,"path_per_floor":["M","$","?","M","$","E","$","R","T","R","?","E","?","M","R","B",null,"M","?","?","M","M","R","T","?","T","M","M","$","R","$","R","B",null,"M","?","?","M","$","R","E","?","T","M","?","M","M","M","R","B"],"character_chosen":"THE_SILENT","items_purchased":["Noxious Fumes","Art of War"],"campfire_rested":4,"item_purchase_floors":[2,29],"current_hp_per_floor":[63,63,63,63,63,37,37,58,58,58,58,43,31,31,67,64,70,70,49,49,47,49,49,49,49,49,49,49,49,49,49,49,49,49,37,37,31,35,35,49,33,33,33,37,37,47,49,32,49,35],"gold":11,"neow_bonus":"THREE_CARDS","is_prod":false,"is_daily":false,"chose_seed":false,"campfire_upgraded":4,"win_rate":0,"timestamp":1532854311,"path_taken":["M","$","?","?","$","E","?","R","T","R","?","E","?","?","R","BOSS","M","?","?","M","M","R","?","?","T","M","M","$","R","?","R","BOSS","M","?","?","M","$","R","E","?","T","M","?","M","M","M","R","BOSS"],"build_version":"2018-07-26","purchased_purges":1,"victory":true,"max_hp_per_floor":[70,70,70,70,70,70,70,70,70,70,70,70,70,70,70,70,70,70,49,49,49,49,49,49,49,49,49,49,49,49,49,49,49,49,49,49,49,49,49,49,49,49,49,49,49,49,49,49,49,49],"card_choices":[{"not_picked":["Poisoned Stab","Expertise"],"picked":"Cloak And Dagger","floor":0},{"not_picked":["PiercingWail","Bane"],"picked":"Backflip","floor":1},{"not_picked":["Prepared","Deflect"],"picked":"Footwork","floor":4},{"not_picked":["All Out Attack","Expertise"],"picked":"Blade Dance","floor":6},{"not_picked":["Predator","PiercingWail"],"picked":"Leg Sweep","floor":11},{"not_picked":["Deadly Poison","Quick Slash"],"picked":"Endless Agony","floor":12},{"not_picked":["Bane","Quick Slash"],"picked":"Bouncing Flask","floor":14},{"not_picked":["Venomology","Wraith Form v2"],"picked":"Malaise","floor":16},{"not_picked":["Dagger Throw","Deadly Poison+1"],"picked":"Blade Dance","floor":18},{"not_picked":["Slice+1","Dagger Throw"],"picked":"Backflip+1","floor":21},{"not_picked":["Cloak And Dagger","Acrobatics"],"picked":"Footwork+1","floor":22},{"not_picked":["Backflip+1","Slice+1","Blur"],"picked":"SKIP","floor":27},{"not_picked":["Slice","Backflip"],"picked":"Crippling Poison","floor":28},{"not_picked":["Cloak And Dagger","Prepared"],"picked":"Dodge and Roll+1","floor":35},{"not_picked":["Predator","Prepared+1","Backflip"],"picked":"SKIP","floor":38},{"not_picked":["Backflip+1","Slice+1","Crippling Poison"],"picked":"SKIP","floor":41},{"not_picked":["Choke+1","Grand Finale","Poisoned Stab"],"picked":"SKIP","floor":44},{"not_picked":["Concentrate","Backflip"],"picked":"Catalyst","floor":46},{"not_picked":["Backflip","Flying Knee","Slice"],"picked":"SKIP","floor":47},{"not_picked":["Backstab+1","Deflect+1","Cloak And Dagger"],"picked":"SKIP","floor":48}],"player_experience":64680,"relics_obtained":[{"floor":6,"key":"Oddly Smooth Stone"},{"floor":9,"key":"Anchor"},{"floor":11,"key":"Mercury Hourglass"},{"floor":12,"key":"Bottled Tornado"},{"floor":24,"key":"Ornamental Fan"},{"floor":26,"key":"Bronze Scales"},{"floor":41,"key":"Ginger"},{"floor":43,"key":"Ninja Scroll"}],"event_choices":[{"event_name":"Accursed Blacksmith","player_choice":"Forge","floor":3,"damage_taken":0},{"event_name":"Dead Adventurer","player_choice":"Searched \u00273\u0027 times","floor":11,"damage_taken":0},{"event_name":"Scrap Ooze","player_choice":"success","floor":13,"damage_taken":12},{"event_name":"Vampires","player_choice":"Became a vampire","floor":19,"damage_taken":0},{"event_name":"The Library","player_choice":"Read","floor":20,"damage_taken":0},{"event_name":"Ghosts","player_choice":"Ignored","floor":25,"damage_taken":0},{"event_name":"Bonfire Elementals","player_choice":"SPECIAL","floor":36,"damage_taken":0},{"event_name":"Winding Halls","player_choice":"Embrace Madness","floor":37,"damage_taken":0},{"event_name":"Upgrade Shrine","player_choice":"Upgraded","floor":42,"damage_taken":0},{"event_name":"Falling","player_choice":"Removed Attack","floor":45,"damage_taken":0}],"is_beta":false,"boss_relics":[{"not_picked":["Calling Bell","Ring of the Serpent"],"picked":"Ectoplasm"},{"not_picked":["Coffee Dripper","Snecko Eye"],"picked":"White Beast Statue"}],"items_purged_floors":[7],"is_endless":false,"potions_floor_spawned":[11,16,22,27,35,38,41,44,46,47,48],"ascension_level":0}