{"gold_per_floor":[117,127,142,217,217,217,232,244,269,279,279,292,292,327,327,424,424,437,451,30,30,30,30,30,30,30,30,30,44,44,56,56,159,209,223,236,251,261,261,261,275,302,329,153,172,172,47,47],"floor_reached":48,"playtime":1105,"items_purged":["Strike_R","Strike_R","Demon Form+1"],"score":514,"play_id":"67d28f1b-0884-40a2-a817-0e72ada4b6d9","local_time":"20180828032506","is_ascension_mode":false,"campfire_choices":[{"data":"Clash","floor":6,"key":"SMITH"},{"data":"Limit Break","floor":13,"key":"SMITH"},{"data":"Bash","floor":15,"key":"SMITH"},{"data":"Demon Form","floor":23,"key":"SMITH"},{"data":"RitualDagger","floor":25,"key":"SMITH"},{"data":"Pommel Strike","floor":30,"key":"SMITH"},{"data":"Impervious","floor":32,"key":"SMITH"},{"floor":40,"key":"REST"},{"data":"Clash","floor":46,"key":"SMITH"}],"neow_cost":"","seed_source_timestamp":922609149541855,"circlet_count":0,"master_deck":["Defend_R+1","Defend_R+1","Defend_R+1","Bash+1","Clash+1","Spot Weakness+1","Twin Strike","Clash+1","Reaper","Thunderclap+1","Limit Break+1","Pommel Strike+1","Demon Form+1","Entrench+1","Metallicize+1","Twin Strike","Dual Wield+1","RitualDagger+1","Blood for Blood+1","Impervious+1","Berserk+1","Spot Weakness+1","Shockwave+1","Twin Strike+1","Thunderclap+1","Pommel Strike+1","Spot Weakness+1","Bloodletting+1","Clash+1"],"relics":["Burning Blood","Pen Nib","War Paint","Astrolabe","Bag of Preparation","Lee\u0027s Waffle","Blood Vial","Frozen Egg 2","Ice Cream","Tiny House","Toxic Egg 2","Art of War"],"potions_floor_usage":[16,38,45,48],"damage_taken":[{"damage":1,"enemies":"Cultist","floor":1,"turns":3},{"damage":11,"enemies":"Jaw Worm","floor":2,"turns":3},{"damage":5,"enemies":"2 Louse","floor":3,"turns":3},{"damage":1,"enemies":"2 Fungi Beasts","floor":7,"turns":3},{"damage":2,"enemies":"Blue Slaver","floor":8,"turns":2},{"damage":0,"enemies":"Exordium Wildlife","floor":10,"turns":2},{"damage":0,"enemies":"3 Louse","floor":12,"turns":3},{"damage":17,"enemies":"3 Sentries","floor":14,"turns":5},{"damage":42,"enemies":"Hexaghost","floor":16,"turns":5},{"damage":24,"enemies":"Shell Parasite","floor":18,"turns":5},{"damage":20,"enemies":"Chosen","floor":19,"turns":4},{"damage":21,"enemies":"Snecko","floor":29,"turns":6},{"damage":20,"enemies":"Centurion and Healer","floor":31,"turns":6},{"damage":69,"enemies":"Automaton","floor":33,"turns":8},{"damage":62,"enemies":"Orb Walker","floor":35,"turns":6},{"damage":57,"enemies":"3 Darklings","floor":36,"turns":6},{"damage":42,"enemies":"Spire Growth","floor":37,"turns":5},{"damage":10,"enemies":"Sphere and 2 Shapes","floor":38,"turns":4},{"damage":32,"enemies":"Flame Bruiser 2 Orb","floor":41,"turns":6},{"damage":36,"enemies":"Giant Head","floor":42,"turns":6},{"damage":19,"enemies":"Spire Growth","floor":45,"turns":3},{"damage":29,"enemies":"Nemesis","floor":48,"turns":4}],"seed_played":"-7875477582587278829","potions_obtained":[{"floor":2,"key":"SkillPotion"},{"floor":7,"key":"Regen Potion"},{"floor":8,"key":"Dexterity Potion"},{"floor":18,"key":"Weak Potion"},{"floor":31,"key":"Ancient Potion"},{"floor":34,"key":"BloodPotion"},{"floor":42,"key":"Energy Potion"},{"floor":45,"key":"SteroidPotion"}],"is_trial":false,"path_per_floor":["M","M","M","?","?","R","M","M","T","M","?","M","R","E","R","B",null,"M","M","$","?","?","R","?","R","T","T","$","M","R","M","R","B",null,"M","M","M","M","?","R","M","E","T","$","M","R","$"],"character_chosen":"IRONCLAD","items_purchased":["Bag of Preparation","Lee\u0027s Waffle","Bloodletting+1"],"campfire_rested":1,"item_purchase_floors":[20,20,44],"current_hp_per_floor":[80,75,76,65,49,49,54,58,58,64,64,70,70,67,67,43,80,62,48,87,87,87,87,81,81,81,81,81,68,68,87,87,55,92,36,25,8,18,18,45,68,70,70,70,59,59,59,32],"gold":47,"neow_bonus":"","is_prod":false,"is_daily":false,"chose_seed":false,"campfire_upgraded":8,"win_rate":0,"timestamp":1535394306,"path_taken":["M","?","?","?","?","R","M","?","T","M","?","?","R","E","R","BOSS","M","M","$","?","?","R","?","R","T","?","?","M","R","M","R","BOSS","M","?","M","M","?","R","M","E","T","$","M","R","?","E"],"build_version":"2018-08-23v2","purchased_purges":3,"victory":false,"max_hp_per_floor":[80,80,80,80,80,80,80,80,80,80,80,80,80,80,80,80,80,80,80,87,87,87,87,87,87,87,87,87,87,87,87,87,87,92,92,92,92,92,92,92,92,92,92,92,92,92,92,92],"card_choices":[{"not_picked":["Perfected Strike","Spot Weakness"],"picked":"Clash","floor":1},{"not_picked":["Sever Soul","Flex"],"picked":"Spot Weakness","floor":2},{"not_picked":["Clothesline","Sword Boomerang"],"picked":"Twin Strike","floor":3},{"not_picked":["Heavy Blade","Carnage"],"picked":"Clash","floor":7},{"not_picked":["Disarm","Intimidate"],"picked":"Reaper","floor":8},{"not_picked":["Armaments","Warcry"],"picked":"Thunderclap","floor":10},{"not_picked":["Wild Strike","Headbutt"],"picked":"Pommel Strike","floor":12},{"not_picked":["Rupture","Cleave","Clothesline"],"picked":"SKIP","floor":14},{"not_picked":["Double Tap","Fiend Fire"],"picked":"Demon Form","floor":16},{"not_picked":["True Grit","Headbutt"],"picked":"Twin Strike","floor":18},{"not_picked":["Sword Boomerang","Uppercut"],"picked":"Dual Wield+1","floor":19},{"not_picked":["Shockwave","Infernal Blade"],"picked":"Blood for Blood+1","floor":29},{"not_picked":["Havoc","Infernal Blade"],"picked":"Impervious","floor":31},{"not_picked":["Bludgeon","Reaper"],"picked":"Berserk+1","floor":33},{"not_picked":["Carnage","Iron Wave"],"picked":"Spot Weakness+1","floor":34},{"not_picked":["Cleave","Armaments+1"],"picked":"Shockwave+1","floor":35},{"not_picked":["Fire Breathing+1","Searing Blow+1"],"picked":"Twin Strike+1","floor":36},{"not_picked":["Ghostly Armor","Combust+1"],"picked":"Thunderclap+1","floor":37},{"not_picked":["Double Tap","Blood for Blood"],"picked":"Pommel Strike+1","floor":38},{"not_picked":["Carnage","Wild Strike","Perfected Strike"],"picked":"SKIP","floor":41},{"not_picked":["Wild Strike+1","Armaments"],"picked":"Spot Weakness","floor":42},{"not_picked":["Shrug It Off+1","Clothesline+1"],"picked":"Clash+1","floor":45}],"player_experience":518532,"relics_obtained":[{"floor":9,"key":"Pen Nib"},{"floor":14,"key":"War Paint"},{"floor":26,"key":"Frozen Egg 2"},{"floor":27,"key":"Ice Cream"},{"floor":42,"key":"Toxic Egg 2"},{"floor":43,"key":"Art of War"}],"event_choices":[{"event_name":"World of Goop","player_choice":"Gather Gold","floor":4,"damage_taken":0},{"event_name":"Shining Light","player_choice":"Entered Light","floor":5,"damage_taken":0},{"event_name":"Match and Keep!","player_choice":"1 cards matched","floor":11,"damage_taken":0},{"event_name":"WeMeetAgain","player_choice":"Potion","floor":21,"damage_taken":0},{"event_name":"Wheel of Change","player_choice":"Card Removal","floor":22,"damage_taken":0},{"event_name":"Nest","player_choice":"Joined the Cult","floor":24,"damage_taken":0},{"event_name":"Tomb of Lord Red Mask","player_choice":"Ignored","floor":39,"damage_taken":0}],"is_beta":false,"boss_relics":[{"not_picked":["Busted Crown","Orrery"],"picked":"Astrolabe"},{"not_picked":["Mark of Pain","Black Blood"],"picked":"Tiny House"}],"items_purged_floors":[20,44,47],"is_endless":false,"potions_floor_spawned":[2,7,8,18,31,36,42,45],"killed_by":"Nemesis","ascension_level":0}