{"gold_per_floor":[115,40,53,53,73,73,107,107,132,132,157,10,10,14,14,14],"floor_reached":16,"playtime":1369,"items_purged":["Strike_R"],"score":200,"play_id":"70e7641f-a160-4a28-9709-347f65835928","local_time":"20190126151937","is_ascension_mode":true,"campfire_choices":[{"data":"True Grit","floor":6,"key":"SMITH"},{"data":"Spot Weakness","floor":8,"key":"SMITH"},{"floor":10,"key":"REST"},{"floor":15,"key":"REST"}],"neow_cost":"NONE","seed_source_timestamp":2409014252335,"circlet_count":0,"master_deck":["AscendersBane","Strike_R","Defend_R","Defend_R","Defend_R","Defend_R","Bash","Shrug It Off","True Grit+1","Spot Weakness+1","Twin Strike","Body Slam","Sword Boomerang","True Grit"],"relics":["Burning Blood","NeowsBlessing","Blood Vial","Oddly Smooth Stone","The Courier"],"potions_floor_usage":[7,11],"damage_taken":[{"damage":0,"enemies":"Jaw Worm","floor":1,"turns":1},{"damage":0,"enemies":"Small Slimes","floor":3,"turns":2},{"damage":0,"enemies":"Cultist","floor":5,"turns":1},{"damage":44,"enemies":"Lagavulin","floor":7,"turns":9},{"damage":38,"enemies":"Gremlin Nob","floor":11,"turns":5},{"damage":11,"enemies":"Exordium Thugs","floor":14,"turns":5},{"damage":43,"enemies":"Hexaghost","floor":16,"turns":9}],"seed_played":"-6645764663555653017","potions_obtained":[{"floor":5,"key":"Strength Potion"},{"floor":7,"key":"Swift Potion"},{"floor":14,"key":"Energy Potion"}],"is_trial":false,"path_per_floor":["M","?","M","?","M","R","E","R","T","R","E","$","?","M","R","B"],"character_chosen":"IRONCLAD","items_purchased":["Sword Boomerang","True Grit"],"campfire_rested":2,"item_purchase_floors":[12,12],"current_hp_per_floor":[74,74,75,75,75,75,37,37,37,59,29,29,22,19,41,0],"gold":14,"neow_bonus":"THREE_ENEMY_KILL","is_prod":false,"is_daily":false,"chose_seed":false,"campfire_upgraded":2,"win_rate":0,"timestamp":1548508777,"path_taken":["M","?","M","?","?","R","E","R","T","R","E","$","?","M","R","BOSS"],"build_version":"2019-01-23","purchased_purges":1,"victory":false,"max_hp_per_floor":[75,75,75,75,75,75,75,75,75,75,75,75,75,75,75,75],"card_choices":[{"not_picked":["Armaments","Intimidate"],"picked":"Shrug It Off","floor":1},{"not_picked":["Wild Strike","Thunderclap"],"picked":"True Grit","floor":3},{"not_picked":["Dark Embrace","Disarm"],"picked":"Spot Weakness","floor":5},{"not_picked":["Rage","Berserk"],"picked":"Twin Strike","floor":7},{"not_picked":["Cleave","Blood for Blood"],"picked":"Body Slam","floor":11},{"not_picked":["Warcry","Fire Breathing","Thunderclap"],"picked":"SKIP","floor":14},{"not_picked":["Warcry","Fire Breathing","Thunderclap"],"picked":"SKIP","floor":14}],"player_experience":904002,"relics_obtained":[{"floor":7,"key":"Blood Vial"},{"floor":9,"key":"Oddly Smooth Stone"},{"floor":11,"key":"The Courier"}],"event_choices":[{"cards_removed":["Strike_R"],"damage_healed":0,"gold_gain":0,"player_choice":"Card Removal","damage_taken":0,"max_hp_gain":0,"max_hp_loss":0,"event_name":"The Cleric","floor":2,"gold_loss":75},{"cards_removed":["Strike_R"],"damage_healed":0,"gold_gain":0,"player_choice":"Offered Basic","damage_taken":0,"max_hp_gain":0,"max_hp_loss":0,"event_name":"Bonfire Elementals","floor":4,"gold_loss":0},{"cards_removed":["Strike_R"],"damage_healed":0,"gold_gain":0,"player_choice":"Card Removal","damage_taken":7,"max_hp_gain":0,"max_hp_loss":0,"event_name":"Golden Wing","floor":13,"gold_loss":0}],"is_beta":false,"boss_relics":[],"items_purged_floors":[12],"is_endless":false,"potions_floor_spawned":[5,7,14],"killed_by":"Hexaghost","ascension_level":17}