{"gold_per_floor":[109,109,119,46,46,74,102,102,102,5,17,17],"floor_reached":12,"playtime":584,"items_purged":["Defend_B"],"score":84,"play_id":"a5441754-d89c-4a0a-bcb2-89162514faa4","local_time":"20180908122616","is_ascension_mode":true,"campfire_choices":[{"data":"Auto Shields","floor":8.0,"key":"SMITH"}],"neow_cost":"NONE","seed_source_timestamp":0,"circlet_count":0,"master_deck":["Strike_B","Strike_B","Strike_B","Defend_B","Defend_B","Defend_B","Zap","Dualcast","Defragment","Redo","Hello World+1","Auto Shields+1","Conserve Battery","Electrodynamics"],"special_seed":0,"relics":["Cracked Core","Bag of Marbles","Smiling Mask","Odd Mushroom","Art of War"],"potions_floor_usage":[],"damage_taken":[{"damage":13.0,"enemies":"Jaw Worm","floor":1.0,"turns":4.0},{"damage":0.0,"enemies":"Cultist","floor":3.0,"turns":3.0},{"damage":36.0,"enemies":"3 Sentries","floor":6.0,"turns":7.0},{"damage":15.0,"enemies":"The Mushroom Lair","floor":7.0,"turns":4.0},{"damage":3,"enemies":"2 Louse","floor":11,"turns":2},{"damage":12,"enemies":"Lots of Slimes","floor":12,"turns":2}],"seed_played":"-1944381910422869076","potions_obtained":[{"floor":3.0,"key":"Energy Potion"},{"floor":7.0,"key":"Weak Potion"}],"is_trial":false,"path_per_floor":["M","?","M","$","?","E","?","R","T","$","M"],"character_chosen":"DEFECT","items_purchased":["Hello World","Conserve Battery"],"campfire_rested":0,"item_purchase_floors":[4,10],"current_hp_per_floor":[62,62,62,62,62,26,11,11,11,11,8,0],"gold":17,"neow_bonus":"RANDOM_COMMON_RELIC","is_prod":false,"is_daily":false,"chose_seed":false,"campfire_upgraded":1,"win_rate":0,"timestamp":1536375376,"path_taken":["M","?","M","$","?","E","?","R","T","?","M","M"],"build_version":"2018-09-06","purchased_purges":1,"victory":false,"max_hp_per_floor":[75,75,75,75,75,75,75,75,75,75,75,75],"card_choices":[{"not_picked":["Go for the Eyes","Stack"],"picked":"Defragment","floor":1.0},{"not_picked":["Stack","Fusion"],"picked":"Redo","floor":3.0},{"not_picked":["Go for the Eyes","Tempest","Steam Power"],"picked":"SKIP","floor":6.0},{"not_picked":["Ball Lightning","Go for the Eyes"],"picked":"Auto Shields","floor":7.0},{"not_picked":["Storm","Go for the Eyes"],"picked":"Electrodynamics","floor":11}],"player_experience":148189,"relics_obtained":[{"floor":6.0,"key":"Smiling Mask"},{"floor":7.0,"key":"Odd Mushroom"},{"floor":9.0,"key":"Art of War"}],"event_choices":[{"event_name":"Purifier","player_choice":"One Purge","floor":2.0,"damage_taken":0.0},{"event_name":"Living Wall","player_choice":"Grow","floor":5.0,"damage_taken":0.0},{"event_name":"Mushrooms","player_choice":"Fought Mushrooms","floor":7.0,"damage_taken":0.0}],"is_beta":false,"boss_relics":[],"items_purged_floors":[10],"is_endless":false,"potions_floor_spawned":[3,7],"killed_by":"Lots of Slimes","ascension_level":2}