{"gold_per_floor":[119,269,544,544,13,13,42,42,42,57,77,17,32,62,62,62],"floor_reached":16,"playtime":335,"items_purged":["Doubt"],"score":266,"play_id":"b105eb43-9284-46a4-95a3-a332a52f2cea","local_time":"20180829042400","is_ascension_mode":true,"campfire_choices":[{"data":"Perfected Strike","floor":6,"key":"SMITH"},{"data":"Perfected Strike","floor":8,"key":"SMITH"},{"data":"Uppercut","floor":15,"key":"SMITH"}],"neow_cost":"NONE","seed_source_timestamp":1013315123817744,"circlet_count":0,"master_deck":["Strike_R","Strike_R","Strike_R","Strike_R","Strike_R","Defend_R","Defend_R","Defend_R","Defend_R","Bash","AscendersBane","Perfected Strike+1","Perfected Strike+1","Uppercut+1","Uppercut","Battle Trance","Clash","Rampage"],"relics":["Burning Blood","NeowsBlessing","Frozen Eye","Centennial Puzzle","Bottled Flame","Frozen Egg 2","Gremlin Horn"],"potions_floor_usage":[13,14],"damage_taken":[{"damage":0,"enemies":"Jaw Worm","floor":1,"turns":1},{"damage":0,"enemies":"Gremlin Nob","floor":7,"turns":1},{"damage":0,"enemies":"2 Louse","floor":10,"turns":1},{"damage":0,"enemies":"Small Slimes","floor":11,"turns":2},{"damage":27,"enemies":"Exordium Thugs","floor":13,"turns":4},{"damage":30,"enemies":"3 Sentries","floor":14,"turns":6},{"damage":44,"enemies":"Hexaghost","floor":16,"turns":9}],"seed_played":"-5213380267493586392","potions_obtained":[{"floor":1,"key":"FairyPotion"},{"floor":7,"key":"FearPotion"},{"floor":13,"key":"Swift Potion"}],"is_trial":false,"path_per_floor":["M","?","?","?","$","R","E","R","T","M","M","$","M","E","R"],"character_chosen":"IRONCLAD","items_purchased":["Perfected Strike","Frozen Eye","Centennial Puzzle","Clash"],"campfire_rested":0,"item_purchase_floors":[5,5,5,12],"current_hp_per_floor":[74,74,74,74,74,74,75,75,75,75,75,75,54,30,30,0],"gold":62,"neow_bonus":"THREE_ENEMY_KILL","is_prod":false,"is_daily":false,"chose_seed":false,"campfire_upgraded":3,"win_rate":0,"timestamp":1535484240,"path_taken":["M","?","?","?","$","R","E","R","T","M","M","$","M","E","R","BOSS"],"build_version":"2018-08-23v2","purchased_purges":1,"victory":false,"max_hp_per_floor":[75,75,75,75,75,75,75,75,75,75,75,75,75,75,75,75],"card_choices":[{"not_picked":["Power Through","Flex"],"picked":"Perfected Strike","floor":1},{"not_picked":["Seeing Red","Second Wind"],"picked":"Uppercut","floor":7},{"not_picked":["Infernal Blade","True Grit"],"picked":"Uppercut","floor":10},{"not_picked":["Anger","Entrench"],"picked":"Battle Trance","floor":11},{"not_picked":["Whirlwind","Body Slam","Entrench"],"picked":"SKIP","floor":13},{"not_picked":["Havoc","Ghostly Armor"],"picked":"Rampage","floor":14}],"player_experience":528459,"relics_obtained":[{"floor":7,"key":"Bottled Flame"},{"floor":9,"key":"Frozen Egg 2"},{"floor":14,"key":"Gremlin Horn"}],"event_choices":[{"event_name":"Liars Game","player_choice":"agreed","floor":2,"damage_taken":0},{"event_name":"Golden Shrine","player_choice":"Desecrate","floor":3,"damage_taken":0},{"event_name":"Living Wall","player_choice":"Forget","floor":4,"damage_taken":0}],"is_beta":false,"boss_relics":[],"items_purged_floors":[5],"is_endless":false,"potions_floor_spawned":[1,7,10,13],"killed_by":"Hexaghost","ascension_level":20}