{"gold_per_floor":[112,112,128,142,162,162,162,162,186,186,201,213,246,24,24,24],"floor_reached":16,"playtime":467,"items_purged":[],"score":199,"play_id":"dff5c666-1d7d-40c5-a927-9dd56d691f84","local_time":"20190106194536","is_ascension_mode":true,"campfire_choices":[{"data":"Poisoned Stab","floor":6,"key":"SMITH"},{"data":"Neutralize","floor":8,"key":"SMITH"},{"floor":10,"key":"REST"},{"data":"Die Die Die","floor":15,"key":"SMITH"}],"neow_cost":"PERCENT_DAMAGE","seed_source_timestamp":1226738385537226,"circlet_count":0,"master_deck":["AscendersBane","Defend_G","Defend_G","Defend_G","Defend_G","Defend_G","Strike_G","Strike_G","Strike_G","Survivor","Neutralize+1","Poisoned Stab+1","Calculated Gamble","Dagger Throw","Dagger Throw","Predator","Acrobatics","Die Die Die+1"],"relics":["Ring of the Snake","Regal Pillow","Blood Vial","Chemical X"],"potions_floor_usage":[13,16],"damage_taken":[{"damage":6,"enemies":"Small Slimes","floor":1,"turns":4},{"damage":0,"enemies":"Cultist","floor":3,"turns":4},{"damage":2,"enemies":"Jaw Worm","floor":4,"turns":4},{"damage":4,"enemies":"2 Fungi Beasts","floor":5,"turns":5},{"damage":7,"enemies":"Exordium Wildlife","floor":11,"turns":5},{"damage":12,"enemies":"Exordium Thugs","floor":12,"turns":3},{"damage":22,"enemies":"Gremlin Nob","floor":13,"turns":4},{"damage":39,"enemies":"Slime Boss","floor":16,"turns":8}],"seed_played":"-2830458506735681869","potions_obtained":[{"floor":1,"key":"Ancient Potion"},{"floor":3,"key":"Strength Potion"}],"is_trial":false,"path_per_floor":["M","?","M","M","M","R","?","R","T","R","M","M","E","$","R","B"],"character_chosen":"THE_SILENT","items_purchased":["Chemical X"],"campfire_rested":1,"item_purchase_floors":[14],"current_hp_per_floor":[50,50,50,48,44,44,37,37,37,75,68,56,34,34,34,0],"gold":24,"neow_bonus":"TWENTY_PERCENT_HP_BONUS","is_prod":false,"is_daily":false,"chose_seed":false,"campfire_upgraded":3,"win_rate":0,"timestamp":1546771536,"path_taken":["M","?","?","M","M","R","?","R","T","R","M","M","E","$","R","BOSS"],"build_version":"2019-01-03v4","purchased_purges":0,"victory":false,"max_hp_per_floor":[78,78,78,78,78,78,78,78,78,78,78,78,78,78,78,78],"card_choices":[{"not_picked":["Heel Hook","Accuracy"],"picked":"Poisoned Stab","floor":1},{"not_picked":["Endless Agony","Underhanded Strike"],"picked":"Calculated Gamble","floor":3},{"not_picked":["Backflip","Deflect"],"picked":"Dagger Throw","floor":4},{"not_picked":["Concentrate","Underhanded Strike"],"picked":"Dagger Throw","floor":5},{"not_picked":["Endless Agony","Phantasmal Killer"],"picked":"Predator","floor":11},{"not_picked":["Tactician","Catalyst"],"picked":"Acrobatics","floor":12},{"not_picked":["Choke","Blade Dance"],"picked":"Die Die Die","floor":13}],"player_experience":837113,"relics_obtained":[{"floor":9,"key":"Regal Pillow"},{"floor":13,"key":"Blood Vial"}],"event_choices":[{"cards_removed":["Strike_G"],"damage_healed":0,"gold_gain":0,"player_choice":"Offered Basic","damage_taken":0,"max_hp_gain":0,"max_hp_loss":0,"event_name":"Bonfire Elementals","floor":2,"gold_loss":0},{"cards_removed":["Strike_G"],"damage_healed":0,"gold_gain":0,"player_choice":"Card Removal","damage_taken":7,"max_hp_gain":0,"max_hp_loss":0,"event_name":"Golden Wing","floor":7,"gold_loss":0}],"is_beta":false,"boss_relics":[],"items_purged_floors":[],"is_endless":false,"potions_floor_spawned":[1,3,11],"killed_by":"Slime Boss","ascension_level":19}