{"gold_per_floor":[110,110,124,80,100,100,114,114,141,159,174,209,209,134,134,234,284,299,315,315,333,333],"floor_reached":22,"playtime":1099,"items_purged":["Defend_R"],"score":188,"play_id":"055a3d30-7c79-4144-b698-5844e5773814","local_time":"20180826095550","is_ascension_mode":false,"campfire_choices":[{"data":"Combust","floor":6,"key":"SMITH"},{"data":"Hemokinesis","floor":13,"key":"SMITH"},{"data":"Metallicize","floor":15,"key":"SMITH"}],"neow_cost":"TEN_PERCENT_HP_LOSS","seed_source_timestamp":2034999292940,"circlet_count":0,"master_deck":["Strike_R+1","Strike_R+1","Defend_R+1","Defend_R","Bash","Brutality","Immolate","Bloodletting","Twin Strike","Combust+1","Metallicize+1","Flex","Warcry","Hemokinesis+1","Impervious","Cleave","Sever Soul","Barricade","Shrug It Off"],"relics":["Burning Blood","Omamori","Blood Vial","Tiny House"],"potions_floor_usage":[16,16,21,21,21,22],"damage_taken":[{"damage":12,"enemies":"Jaw Worm","floor":1,"turns":2},{"damage":0,"enemies":"2 Louse","floor":3,"turns":1},{"damage":2,"enemies":"Cultist","floor":5,"turns":3},{"damage":9,"enemies":"2 Fungi Beasts","floor":7,"turns":2},{"damage":7,"enemies":"Looter","floor":10,"turns":2},{"damage":16,"enemies":"3 Louse","floor":11,"turns":2},{"damage":21,"enemies":"Gremlin Nob","floor":12,"turns":4},{"damage":26,"enemies":"Hexaghost","floor":16,"turns":6},{"damage":12,"enemies":"Chosen","floor":18,"turns":4},{"damage":30,"enemies":"3 Byrds","floor":19,"turns":3},{"damage":40,"enemies":"Centurion and Healer","floor":21,"turns":7},{"damage":19,"enemies":"Snecko","floor":22,"turns":5}],"seed_played":"1556873844889619036","potions_obtained":[{"floor":10,"key":"Swift Potion"},{"floor":11,"key":"EssenceOfSteel"},{"floor":16,"key":"AttackPotion"},{"floor":17,"key":"SkillPotion"},{"floor":18,"key":"Poison Potion"},{"floor":21,"key":"PowerPotion"}],"is_trial":false,"path_per_floor":["M","?","M","?","M","R","M","?","T","M","M","E","R","$","R","B",null,"M","M","?","M"],"character_chosen":"IRONCLAD","items_purchased":[],"campfire_rested":0,"item_purchase_floors":[],"current_hp_per_floor":[66,52,58,58,62,62,59,52,52,51,41,26,26,26,26,8,77,71,49,49,17,0],"gold":333,"neow_bonus":"TRANSFORM_TWO_CARDS","is_prod":false,"is_daily":false,"chose_seed":false,"campfire_upgraded":3,"win_rate":0,"timestamp":1535243150,"path_taken":["M","?","M","?","M","R","M","?","T","M","M","E","R","$","R","BOSS","M","M","?","M","?"],"build_version":"2018-08-23v2","purchased_purges":1,"victory":false,"max_hp_per_floor":[72,72,72,72,72,72,72,72,72,72,72,72,72,72,72,72,77,77,77,77,77,77],"card_choices":[{"not_picked":["Clash","Perfected Strike"],"picked":"Bloodletting","floor":1},{"not_picked":["Power Through","Armaments"],"picked":"Twin Strike","floor":3},{"not_picked":["Shrug It Off","Shockwave"],"picked":"Combust","floor":5},{"not_picked":["Thunderclap","Feel No Pain"],"picked":"Metallicize","floor":7},{"not_picked":["Shrug It Off","Iron Wave"],"picked":"Flex","floor":10},{"not_picked":["Clothesline","Body Slam"],"picked":"Warcry","floor":11},{"not_picked":["Sword Boomerang","Headbutt"],"picked":"Hemokinesis","floor":12},{"not_picked":["Fiend Fire","Brutality"],"picked":"Impervious","floor":16},{"not_picked":["Warcry","Anger"],"picked":"Cleave","floor":17},{"not_picked":["Anger","Thunderclap"],"picked":"Sever Soul","floor":18},{"not_picked":["Perfected Strike+1","Uppercut"],"picked":"Barricade","floor":19},{"not_picked":["Anger","Heavy Blade+1"],"picked":"Shrug It Off","floor":21}],"player_experience":46151,"relics_obtained":[{"floor":9,"key":"Omamori"},{"floor":12,"key":"Blood Vial"}],"event_choices":[{"event_name":"Shining Light","player_choice":"Entered Light","floor":2,"damage_taken":0},{"event_name":"World of Goop","player_choice":"Left","floor":4,"damage_taken":0},{"event_name":"Golden Wing","player_choice":"Card Removal","floor":8,"damage_taken":0},{"event_name":"Back to Basics","player_choice":"Elegance","floor":20,"damage_taken":0}],"is_beta":false,"boss_relics":[{"not_picked":["Ectoplasm","Empty Cage"],"picked":"Tiny House"}],"items_purged_floors":[14],"is_endless":false,"potions_floor_spawned":[10,11,16,18,21],"killed_by":"Snecko","ascension_level":0}