{"gold_per_floor":[117,164,178,42,54,54,89,89,171,171,199,199,199,214,214,288,288,307,357,369,369,74,74,107,107,107,132,152,152,165,0,0,74,74,84,103,103,113,132,132,147,147,173,207,224,224,14,14,14,14],"floor_reached":51,"playtime":3929,"items_purged":["Strike_R","Strike_R"],"score":1363,"play_id":"77d0f3fa-4ed9-40d0-acc4-8130cb664484","local_time":"20190216204510","is_ascension_mode":true,"campfire_choices":[{"data":"Searing Blow","floor":6.0,"key":"SMITH"},{"data":"Searing Blow+1","floor":8.0,"key":"SMITH"},{"data":"Searing Blow+2","floor":10.0,"key":"SMITH"},{"data":"Searing Blow+3","floor":13.0,"key":"SMITH"},{"data":"Searing Blow+4","floor":15.0,"key":"SMITH"},{"data":"Searing Blow+5","floor":23.0,"key":"SMITH"},{"data":"Searing Blow+6","floor":25.0,"key":"SMITH"},{"data":"Searing Blow+7","floor":29.0,"key":"SMITH"},{"data":"Searing Blow+8","floor":32.0,"key":"SMITH"},{"data":"Searing Blow+9","floor":40.0,"key":"SMITH"},{"data":"Searing Blow+10","floor":42.0,"key":"SMITH"},{"floor":49,"key":"REST"}],"neow_cost":"NONE","seed_source_timestamp":4740931164170,"circlet_count":0,"master_deck":["AscendersBane","Defend_R","Defend_R+1","Defend_R","Defend_R+1","Bash","Shockwave","Shockwave","Uppercut","Shrug It Off","Searing Blow+11","Feed","Whirlwind","Headbutt","Double Tap","Havoc+1","Disarm","Armaments","Battle Trance+1","Flame Barrier","Ghostly Armor","Madness","Madness"],"special_seed":0,"relics":["Burning Blood","War Paint","Letter Opener","Frozen Egg 2","Incense Burner","Empty Cage","Lantern","Gambling Chip","Sundial","Dream Catcher","Busted Crown","Happy Flower","Regal Pillow"],"potions_floor_usage":[44],"damage_taken":[{"damage":2.0,"enemies":"Cultist","floor":1.0,"turns":4.0},{"damage":5.0,"enemies":"Small Slimes","floor":3.0,"turns":4.0},{"damage":0.0,"enemies":"2 Louse","floor":5.0,"turns":4.0},{"damage":31.0,"enemies":"Gremlin Nob","floor":7.0,"turns":5.0},{"damage":22.0,"enemies":"3 Sentries","floor":11.0,"turns":8.0},{"damage":0.0,"enemies":"Large Slime","floor":14.0,"turns":8.0},{"damage":37.0,"enemies":"The Guardian","floor":16.0,"turns":10.0},{"damage":0.0,"enemies":"Chosen","floor":18.0,"turns":3.0},{"damage":6.0,"enemies":"2 Thieves","floor":20.0,"turns":4.0},{"damage":20.0,"enemies":"Gremlin Leader","floor":24.0,"turns":2.0},{"damage":10.0,"enemies":"Book of Stabbing","floor":27.0,"turns":2.0},{"damage":0.0,"enemies":"Centurion and Healer","floor":28.0,"turns":3.0},{"damage":4.0,"enemies":"Snake Plant","floor":30.0,"turns":4.0},{"damage":22.0,"enemies":"Automaton","floor":33.0,"turns":6.0},{"damage":21.0,"enemies":"3 Darklings","floor":35.0,"turns":4.0},{"damage":0.0,"enemies":"Orb Walker","floor":36.0,"turns":3.0},{"damage":6.0,"enemies":"Sphere and 2 Shapes","floor":38.0,"turns":3.0},{"damage":0.0,"enemies":"Spire Growth","floor":39.0,"turns":3.0},{"damage":15.0,"enemies":"Writhing Mass","floor":41.0,"turns":2.0},{"damage":0,"enemies":"Giant Head","floor":44,"turns":2},{"damage":8,"enemies":"3 Darklings","floor":45,"turns":9},{"damage":30,"enemies":"Awakened One","floor":50,"turns":8}],"seed_played":"5012307136214044117","potions_obtained":[{"floor":0.0,"key":"Ancient Potion"},{"floor":0.0,"key":"PowerPotion"},{"floor":11.0,"key":"SkillPotion"},{"floor":20.0,"key":"LiquidBronze"},{"floor":33.0,"key":"Poison Potion"},{"floor":36.0,"key":"PowerPotion"},{"floor":38.0,"key":"Fruit Juice"},{"floor":45,"key":"LiquidBronze"}],"is_trial":false,"path_per_floor":["M","T","M","$","M","R","E","R","T","R","E","?","R","M","R","B",null,"M","?","M","?","$","R","E","R","T","E","M","R","M","?","R","B",null,"M","M","?","M","M","R","M","R","T","E","M","?","$","?","R","B",null],"character_chosen":"IRONCLAD","items_purchased":["Uppercut","Shrug It Off","Lantern","Armaments","SneckoOil"],"campfire_rested":1,"item_purchase_floors":[4,4,22,22,47],"current_hp_per_floor":[72,72,73,73,75,75,50,50,50,50,34,34,34,43,43,12,62,71,71,74,50,50,50,36,36,36,32,41,41,47,47,47,31,80,65,71,71,76,85,85,76,76,76,82,80,80,80,61,104,80],"gold":14,"neow_bonus":"THREE_SMALL_POTIONS","is_prod":false,"is_daily":false,"chose_seed":false,"campfire_upgraded":11,"win_rate":0,"timestamp":1550342710,"path_taken":["M","?","M","?","M","R","E","R","T","R","E","?","R","?","R","BOSS","BOSS","M","?","M","?","$","R","E","R","T","E","M","R","M","?","R","BOSS","M","M","?","M","M","R","M","R","T","E","M","?","$","?","R","BOSS"],"build_version":"2019-01-23","purchased_purges":2,"victory":true,"max_hp_per_floor":[75,75,75,75,75,75,75,75,75,75,75,75,75,78,78,78,78,81,81,84,89,89,89,89,89,89,89,92,92,96,96,96,96,96,96,96,96,101,104,104,104,104,104,104,104,104,104,104,104,104],"card_choices":[{"not_picked":["Headbutt","Thunderclap"],"picked":"Shockwave","floor":1.0},{"not_picked":["Havoc","Wild Strike"],"picked":"Shockwave","floor":3.0},{"not_picked":["Clash","Whirlwind"],"picked":"Searing Blow","floor":5.0},{"not_picked":["Power Through","Cleave"],"picked":"Armaments","floor":7.0},{"not_picked":["Sever Soul","Perfected Strike"],"picked":"Feed","floor":11.0},{"not_picked":["Dropkick","Anger"],"picked":"Headbutt","floor":14.0},{"not_picked":["Brutality+1","Dark Embrace+1"],"picked":"Double Tap","floor":16.0},{"not_picked":["Warcry","Flex"],"picked":"Havoc+1","floor":18.0},{"not_picked":["Cleave+1","Power Through"],"picked":"Disarm","floor":20.0},{"not_picked":["Shockwave","Sword Boomerang","Rampage+1"],"picked":"SKIP","floor":24.0},{"not_picked":["Pommel Strike","Sentinel","Dark Embrace+1"],"picked":"SKIP","floor":27.0},{"not_picked":["Evolve+1","Clothesline","Perfected Strike"],"picked":"SKIP","floor":28.0},{"not_picked":["Evolve+1","Clothesline","Perfected Strike"],"picked":"SKIP","floor":28.0},{"not_picked":["Anger","Perfected Strike","Clothesline"],"picked":"SKIP","floor":30.0},{"not_picked":["Flex"],"picked":"SKIP","floor":35.0},{"not_picked":[],"picked":"Battle Trance+1","floor":36.0},{"not_picked":["Reckless Charge"],"picked":"SKIP","floor":38.0},{"not_picked":["Warcry"],"picked":"SKIP","floor":39.0},{"not_picked":[],"picked":"Flame Barrier","floor":41.0},{"not_picked":["Clothesline+1"],"picked":"SKIP","floor":44},{"not_picked":[],"picked":"Ghostly Armor","floor":45}],"player_experience":915029,"relics_obtained":[{"floor":2.0,"key":"War Paint"},{"floor":7.0,"key":"Letter Opener"},{"floor":9.0,"key":"Frozen Egg 2"},{"floor":11.0,"key":"Incense Burner"},{"floor":24.0,"key":"Gambling Chip"},{"floor":26.0,"key":"Sundial"},{"floor":27.0,"key":"Dream Catcher"},{"floor":43.0,"key":"Happy Flower"},{"floor":44,"key":"Regal Pillow"}],"event_choices":[{"damage_healed":0.0,"max_hp_gain":0.0,"max_hp_loss":0.0,"gold_gain":0.0,"cards_transformed":["Strike_R"],"event_name":"Transmorgrifier","player_choice":"Transformed","floor":12.0,"gold_loss":0.0,"damage_taken":0.0,"cards_obtained":["Whirlwind"]},{"damage_healed":0.0,"max_hp_gain":0.0,"max_hp_loss":0.0,"gold_gain":50.0,"event_name":"Nest","player_choice":"Stole From Cult","floor":19.0,"gold_loss":0.0,"damage_taken":0.0},{"damage_healed":0.0,"max_hp_gain":5.0,"max_hp_loss":0.0,"gold_gain":0.0,"event_name":"Forgotten Altar","player_choice":"Shed Blood","floor":21.0,"gold_loss":0.0,"damage_taken":29.0},{"damage_healed":0.0,"max_hp_gain":0.0,"max_hp_loss":0.0,"gold_gain":0.0,"event_name":"Masked Bandits","player_choice":"Paid Fearfully","floor":31.0,"gold_loss":165.0,"damage_taken":0.0},{"cards_removed":["Armaments"],"damage_healed":0.0,"max_hp_gain":0.0,"max_hp_loss":0.0,"gold_gain":0.0,"event_name":"Falling","player_choice":"Removed Skill","floor":37.0,"gold_loss":0.0,"damage_taken":0.0},{"damage_healed":0,"gold_gain":0,"player_choice":"Ignored","damage_taken":0,"max_hp_gain":0,"max_hp_loss":0,"event_name":"Tomb of Lord Red Mask","floor":46,"gold_loss":0},{"damage_healed":0,"gold_gain":0,"player_choice":"Embrace Madness","damage_taken":19,"max_hp_gain":0,"max_hp_loss":0,"event_name":"Winding Halls","floor":48,"gold_loss":0,"cards_obtained":["Madness","Madness"]}],"is_beta":false,"boss_relics":[{"not_picked":["Astrolabe","Runic Cube"],"picked":"Empty Cage"},{"not_picked":["Mark of Pain","Sozu"],"picked":"Busted Crown"}],"items_purged_floors":[22,47],"is_endless":false,"potions_floor_spawned":[11,14,16,20,24,33,36,38,45],"ascension_level":17}