{"gold_per_floor":[118,118,134,59,59,59,73,105,128,128,146,173,189,201,201,201],"floor_reached":16,"playtime":336,"items_purged":["Decay"],"score":224,"play_id":"f3005b20-2bbc-4c83-9ab8-7aa8fd5158d5","local_time":"20180828050048","is_ascension_mode":true,"campfire_choices":[{"data":"True Grit","floor":6,"key":"SMITH"},{"data":"Uppercut","floor":10,"key":"SMITH"},{"data":"Flex","floor":15,"key":"SMITH"}],"neow_cost":"NONE","seed_source_timestamp":929122538020412,"circlet_count":0,"master_deck":["Strike_R","Strike_R","Strike_R","Strike_R","Strike_R","Defend_R","Defend_R","Defend_R","Defend_R","Bash","AscendersBane","True Grit+1","Whirlwind+1","Thunderclap","Uppercut+1","Clash","Feed","Flex+1","Flex"],"relics":["Burning Blood","Happy Flower","Oddly Smooth Stone","Bag of Marbles","Lantern"],"potions_floor_usage":[16],"damage_taken":[{"damage":7,"enemies":"Jaw Worm","floor":1,"turns":3},{"damage":3,"enemies":"Cultist","floor":3,"turns":3},{"damage":0,"enemies":"2 Louse","floor":7,"turns":1},{"damage":32,"enemies":"Gremlin Nob","floor":8,"turns":4},{"damage":9,"enemies":"Blue Slaver","floor":11,"turns":3},{"damage":14,"enemies":"Lagavulin","floor":12,"turns":6},{"damage":0,"enemies":"Lots of Slimes","floor":13,"turns":1},{"damage":2,"enemies":"Red Slaver","floor":14,"turns":3},{"damage":44,"enemies":"Slime Boss","floor":16,"turns":8}],"seed_played":"8375078097062238225","potions_obtained":[{"floor":8,"key":"LiquidBronze"},{"floor":13,"key":"SkillPotion"}],"is_trial":false,"path_per_floor":["M","?","M","$","?","R","M","E","T","R","M","E","M","M","R"],"character_chosen":"IRONCLAD","items_purchased":[],"campfire_rested":0,"item_purchase_floors":[],"current_hp_per_floor":[67,67,70,70,70,70,75,49,49,49,46,38,44,51,51,7],"gold":201,"neow_bonus":"RANDOM_COMMON_RELIC","is_prod":false,"is_daily":false,"chose_seed":false,"campfire_upgraded":3,"win_rate":0,"timestamp":1535400048,"path_taken":["M","?","M","$","?","R","M","E","T","R","?","E","M","M","R","BOSS"],"build_version":"2018-08-23v2","purchased_purges":1,"victory":false,"max_hp_per_floor":[75,75,75,75,75,75,75,75,75,75,75,75,75,78,78,78],"card_choices":[{"not_picked":["Disarm","Body Slam"],"picked":"True Grit","floor":1},{"not_picked":["Evolve","Dropkick"],"picked":"Whirlwind","floor":3},{"not_picked":["Dual Wield","Iron Wave"],"picked":"Thunderclap","floor":7},{"not_picked":["Perfected Strike","Blood for Blood"],"picked":"Uppercut","floor":8},{"not_picked":["Body Slam","Pommel Strike"],"picked":"Clash","floor":11},{"not_picked":["Clash","Hemokinesis"],"picked":"Feed","floor":12},{"not_picked":["Shockwave","Warcry"],"picked":"Flex","floor":13},{"not_picked":["True Grit","Headbutt"],"picked":"Flex","floor":14}],"player_experience":524959,"relics_obtained":[{"floor":8,"key":"Oddly Smooth Stone"},{"floor":9,"key":"Bag of Marbles"},{"floor":12,"key":"Lantern"}],"event_choices":[{"event_name":"Wheel of Change","player_choice":"Curse","floor":2,"damage_taken":0},{"event_name":"Living Wall","player_choice":"Grow","floor":5,"damage_taken":0}],"is_beta":false,"boss_relics":[],"items_purged_floors":[4],"is_endless":false,"potions_floor_spawned":[8,13,14],"killed_by":"Slime Boss","ascension_level":20}