{"gold_per_floor":[117,117,117,131,56,56,86,11,11,27,53,69,98,117,117,117],"floor_reached":16,"playtime":390,"items_purged":["Defend_B"],"score":209,"play_id":"8fd2507a-cef8-4e82-bc21-fc5b563b6968","local_time":"20181001063539","is_ascension_mode":true,"campfire_choices":[{"data":"Sweeping Beam","floor":6,"key":"SMITH"},{"data":"Defragment","floor":15,"key":"SMITH"}],"neow_cost":"NONE","seed_source_timestamp":468765964804408,"circlet_count":0,"master_deck":["Strike_B","Strike_B","Strike_B","Strike_B","Defend_B","Defend_B","Defend_B","Zap+1","AscendersBane","Sweeping Beam+1","Conserve Battery","Reinforced Body","Compile Driver","Self Repair","Defragment+1"],"relics":["White Beast Statue","Art of War","Blood Vial","Omamori","Boot"],"potions_floor_usage":[7,7,12,13,13,14,16],"damage_taken":[{"damage":6,"enemies":"2 Louse","floor":1,"turns":3},{"damage":2,"enemies":"Cultist","floor":4,"turns":4},{"damage":29,"enemies":"Gremlin Nob","floor":7,"turns":4},{"damage":0,"enemies":"Jaw Worm","floor":10,"turns":4},{"damage":1,"enemies":"2 Fungi Beasts","floor":12,"turns":3},{"damage":10,"enemies":"3 Sentries","floor":13,"turns":8},{"damage":1,"enemies":"Looter","floor":14,"turns":4},{"damage":33,"enemies":"Slime Boss","floor":16,"turns":9}],"seed_played":"-5920009622368523298","potions_obtained":[{"floor":1,"key":"Poison Potion"},{"floor":4,"key":"SpeedPotion"},{"floor":7,"key":"LiquidBronze"},{"floor":10,"key":"Block Potion"},{"floor":12,"key":"SpeedPotion"},{"floor":13,"key":"SkillPotion"},{"floor":14,"key":"AttackPotion"}],"is_trial":false,"path_per_floor":["M","?","?","M","$","R","E","?","T","M","T","M","E","M","R"],"character_chosen":"DEFECT","items_purchased":[],"campfire_rested":0,"item_purchase_floors":[],"current_hp_per_floor":[58,58,58,56,56,56,27,27,27,29,29,30,22,30,30,0],"gold":117,"neow_bonus":"BOSS_RELIC","is_prod":false,"is_daily":false,"chose_seed":false,"campfire_upgraded":2,"win_rate":0,"timestamp":1538343339,"path_taken":["M","?","?","M","$","R","E","?","T","?","?","M","E","M","R","BOSS"],"build_version":"2018-09-27","purchased_purges":1,"victory":false,"max_hp_per_floor":[71,71,71,71,71,71,71,71,71,71,71,71,71,71,71,71],"card_choices":[{"not_picked":["Stack","Compile Driver"],"picked":"Sweeping Beam","floor":1},{"not_picked":["Fusion","Beam Cell"],"picked":"Conserve Battery","floor":4},{"not_picked":["Genetic Algorithm","Undo"],"picked":"Reinforced Body","floor":7},{"not_picked":["Lockon","Recycle"],"picked":"Compile Driver","floor":10},{"not_picked":["Chaos","Barrage","Darkness"],"picked":"SKIP","floor":12},{"not_picked":["Buffer","Leap"],"picked":"Self Repair","floor":13},{"not_picked":["Redo","Sunder"],"picked":"Defragment","floor":14}],"player_experience":729510,"relics_obtained":[{"floor":7,"key":"Art of War"},{"floor":9,"key":"Blood Vial"},{"floor":11,"key":"Omamori"},{"floor":13,"key":"Boot"}],"event_choices":[{"event_name":"Upgrade Shrine","player_choice":"Upgraded","floor":2,"damage_taken":0},{"event_name":"Golden Idol","player_choice":"Ignored","floor":3,"damage_taken":0},{"event_name":"The Cleric","player_choice":"Card Removal","floor":8,"damage_taken":0}],"is_beta":false,"boss_relics":[],"items_purged_floors":[5],"is_endless":false,"potions_floor_spawned":[1,4,7,10,12,13,14],"killed_by":"Slime Boss","ascension_level":18}