{"gold_per_floor":[111,111,261,281,67,67,97,97,97,97,97,97,125,153,153,153],"floor_reached":16,"playtime":367,"items_purged":["Doubt"],"score":208,"play_id":"573a0869-11ca-439d-9a7c-39d8f3c2c21e","local_time":"20181212012338","is_ascension_mode":true,"campfire_choices":[{"data":"Disarm","floor":6,"key":"SMITH"},{"data":"True Grit","floor":8,"key":"SMITH"},{"floor":15,"key":"REST"}],"neow_cost":"NONE","seed_source_timestamp":418332334023720,"circlet_count":0,"master_deck":["AscendersBane","Strike_R","Strike_R","Strike_R","Strike_R","Strike_R","Defend_R","Defend_R","Defend_R","Bash+1","Twin Strike","Disarm+1","True Grit+1","Ghostly Armor","Flex"],"relics":["Burning Blood","Charon\u0027s Ashes","Paper Frog","Champion Belt","Lantern","Odd Mushroom"],"potions_floor_usage":[7,7,16],"damage_taken":[{"damage":7,"enemies":"Jaw Worm","floor":1,"turns":3},{"damage":8,"enemies":"2 Louse","floor":4,"turns":3},{"damage":30,"enemies":"Lagavulin","floor":7,"turns":6},{"damage":22,"enemies":"3 Sentries","floor":13,"turns":6},{"damage":3,"enemies":"The Mushroom Lair","floor":14,"turns":4},{"damage":34,"enemies":"Hexaghost","floor":16,"turns":11}],"seed_played":"-3554052128161735033","potions_obtained":[{"floor":1,"key":"SkillPotion"},{"floor":13,"key":"Block Potion"}],"is_trial":false,"path_per_floor":["M","?","?","M","$","R","E","R","T","?","T","?","E","?","R","B"],"character_chosen":"IRONCLAD","items_purchased":["Disarm","Strength Potion"],"campfire_rested":1,"item_purchase_floors":[5,5],"current_hp_per_floor":[67,49,49,47,47,47,23,23,23,23,23,23,7,10,32,0],"gold":153,"neow_bonus":"UPGRADE_CARD","is_prod":false,"is_daily":false,"chose_seed":false,"campfire_upgraded":2,"win_rate":0,"timestamp":1544545418,"path_taken":["M","?","?","M","$","R","E","R","T","?","?","?","E","?","R","BOSS"],"build_version":"2018-12-06","purchased_purges":1,"victory":false,"max_hp_per_floor":[75,75,75,75,75,75,75,75,75,75,75,75,75,75,75,75],"card_choices":[{"not_picked":["Combust","Armaments","Clothesline"],"picked":"SKIP","floor":1},{"not_picked":["Rampage","Seeing Red"],"picked":"Twin Strike","floor":4},{"not_picked":["Fire Breathing","Rampage"],"picked":"True Grit","floor":7},{"not_picked":["Shrug It Off","Dual Wield"],"picked":"Ghostly Armor","floor":13},{"not_picked":["Carnage","Headbutt"],"picked":"Flex","floor":14}],"player_experience":783504,"relics_obtained":[{"floor":7,"key":"Paper Frog"},{"floor":9,"key":"Champion Belt"},{"floor":13,"key":"Lantern"},{"floor":14,"key":"Odd Mushroom"}],"event_choices":[{"damage_healed":0,"gold_gain":0,"player_choice":"Success","damage_taken":18,"relics_obtained":["Charon\u0027s Ashes"],"max_hp_gain":0,"max_hp_loss":0,"event_name":"Scrap Ooze","floor":2,"gold_loss":0},{"damage_healed":0,"gold_gain":150,"player_choice":"AGREE","damage_taken":0,"max_hp_gain":0,"max_hp_loss":0,"event_name":"Liars Game","floor":3,"gold_loss":0,"cards_obtained":["Doubt"]},{"damage_healed":0,"gold_gain":0,"player_choice":"Ignored","damage_taken":0,"max_hp_gain":0,"max_hp_loss":0,"event_name":"Shining Light","floor":10,"gold_loss":0},{"cards_removed":["Defend_R"],"damage_healed":0,"gold_gain":0,"player_choice":"Forget","damage_taken":0,"max_hp_gain":0,"max_hp_loss":0,"event_name":"Living Wall","floor":12,"gold_loss":0},{"damage_healed":0,"gold_gain":0,"player_choice":"Fought Mushrooms","damage_taken":0,"max_hp_gain":0,"max_hp_loss":0,"event_name":"Mushrooms","floor":14,"gold_loss":0}],"is_beta":false,"boss_relics":[],"items_purged_floors":[5],"is_endless":false,"potions_floor_spawned":[1,13],"killed_by":"Hexaghost","ascension_level":20}