{"gold_per_floor":[119,134,147,157,157,187,199,199,222,222,234,267,25,45,45,121,121,132,6,6,106,106,163,134,9,9,22,22,36,63,74,74,74],"floor_reached":33,"playtime":929,"items_purged":["Defend_R","Strike_R","Defend_R"],"score":644,"play_id":"4f6302e9-c14a-408e-be87-a9f061774a7d","local_time":"20181212014024","is_ascension_mode":true,"campfire_choices":[{"data":"Spot Weakness","floor":10.0,"key":"SMITH"},{"data":"Heavy Blade","floor":15.0,"key":"SMITH"},{"data":"Pommel Strike","floor":28.0,"key":"SMITH"},{"floor":32.0,"key":"REST"}],"neow_cost":"NONE","seed_source_timestamp":418708683299702,"circlet_count":0,"master_deck":["AscendersBane","Strike_R","Strike_R","Strike_R","Strike_R","Defend_R","Defend_R","Bash","Twin Strike","Spot Weakness+1","Pommel Strike","Twin Strike","Power Through","Heavy Blade+1","Shrug It Off","Clothesline","Second Wind+1","Pommel Strike+1","Pommel Strike","Shrug It Off","Ghostly Armor+1","Thunderclap","Pommel Strike"],"special_seed":0,"relics":["Burning Blood","Bag of Marbles","Strawberry","Red Skull","Orichalcum","Anchor","Mark of Pain","Mango","Bottled Lightning","MutagenicStrength","Tiny Chest","Regal Pillow","Happy Flower"],"potions_floor_usage":[33],"damage_taken":[{"damage":7.0,"enemies":"Cultist","floor":1.0,"turns":4.0},{"damage":4.0,"enemies":"Small Slimes","floor":2.0,"turns":3.0},{"damage":0.0,"enemies":"2 Louse","floor":3.0,"turns":2.0},{"damage":11.0,"enemies":"Blue Slaver","floor":4.0,"turns":3.0},{"damage":32.0,"enemies":"Gremlin Nob","floor":6.0,"turns":4.0},{"damage":8.0,"enemies":"Lots of Slimes","floor":7.0,"turns":4.0},{"damage":18.0,"enemies":"2 Fungi Beasts","floor":11.0,"turns":3.0},{"damage":12.0,"enemies":"3 Sentries","floor":12.0,"turns":3.0},{"damage":4.0,"enemies":"Large Slime","floor":14.0,"turns":4.0},{"damage":18.0,"enemies":"Hexaghost","floor":16.0,"turns":7.0},{"damage":15.0,"enemies":"2 Thieves","floor":18.0,"turns":3.0},{"damage":26.0,"enemies":"Colosseum Slavers","floor":21.0,"turns":5.0},{"damage":37.0,"enemies":"Colosseum Nobs","floor":21.0,"turns":4.0},{"damage":12.0,"enemies":"Slavers","floor":23.0,"turns":4.0},{"damage":6.0,"enemies":"Shell Parasite","floor":27.0,"turns":3.0},{"damage":0.0,"enemies":"Snake Plant","floor":29.0,"turns":2.0},{"damage":16.0,"enemies":"Gremlin Leader","floor":30.0,"turns":3.0},{"damage":10.0,"enemies":"Shelled Parasite and Fungi","floor":31.0,"turns":3.0},{"damage":58,"enemies":"Collector","floor":33,"turns":9}],"seed_played":"-8422038412708230686","potions_obtained":[{"floor":4.0,"key":"EssenceOfSteel"},{"floor":6.0,"key":"GamblersBrew"},{"floor":11.0,"key":"SkillPotion"},{"floor":12.0,"key":"LiquidBronze"},{"floor":21.0,"key":"Poison Potion"},{"floor":23.0,"key":"Explosive Potion"},{"floor":27.0,"key":"PowerPotion"},{"floor":30.0,"key":"SteroidPotion"},{"floor":31.0,"key":"Weak Potion"}],"is_trial":false,"path_per_floor":["M","M","M","M","?","E","M","?","T","R","M","E","$","M","R","B",null,"M","$","?","?","?","E","$","$","T","M","R","M","E","M","R","B"],"character_chosen":"IRONCLAD","items_purchased":["Anchor","Pommel Strike","Shrug It Off"],"campfire_rested":1,"item_purchase_floors":[13,19,24],"current_hp_per_floor":[67,69,75,70,70,51,49,54,54,54,42,36,36,38,38,26,72,63,63,63,26,26,20,20,20,20,20,20,26,16,12,57,0],"gold":74,"neow_bonus":"RANDOM_COMMON_RELIC","is_prod":false,"is_daily":false,"chose_seed":false,"campfire_upgraded":3,"win_rate":0,"timestamp":1544546424,"path_taken":["M","M","?","M","?","E","M","?","T","R","M","E","$","M","R","BOSS","M","$","?","?","?","E","?","$","T","?","R","M","E","?","R","BOSS"],"build_version":"2018-12-06","purchased_purges":3,"victory":false,"max_hp_per_floor":[75,75,75,75,75,82,82,87,87,87,87,87,87,87,87,87,87,87,87,87,101,101,101,101,101,101,101,101,101,101,101,101,101],"card_choices":[{"not_picked":["Warcry","Flex"],"picked":"Twin Strike","floor":1.0},{"not_picked":["Warcry","Anger"],"picked":"Spot Weakness","floor":2.0},{"not_picked":["Havoc","Perfected Strike"],"picked":"Pommel Strike","floor":3.0},{"not_picked":["Metallicize","Rampage"],"picked":"Twin Strike","floor":4.0},{"not_picked":["Sever Soul","Barricade"],"picked":"Power Through","floor":6.0},{"not_picked":["Body Slam","Evolve","Combust"],"picked":"SKIP","floor":7.0},{"not_picked":["Thunderclap","Clothesline"],"picked":"Heavy Blade","floor":11.0},{"not_picked":["Power Through","Rupture"],"picked":"Shrug It Off","floor":12.0},{"not_picked":["Headbutt","Ghostly Armor"],"picked":"Clothesline","floor":14.0},{"not_picked":["Heavy Blade","Iron Wave"],"picked":"Second Wind+1","floor":18.0},{"not_picked":["Cleave","Flex"],"picked":"Pommel Strike","floor":21.0},{"not_picked":["Blood for Blood","Bludgeon","Second Wind"],"picked":"SKIP","floor":23.0},{"not_picked":["Metallicize","Second Wind"],"picked":"Ghostly Armor+1","floor":27.0},{"not_picked":["Twin Strike","Rampage+1","Clothesline"],"picked":"SKIP","floor":29.0},{"not_picked":["Wild Strike","Blood for Blood"],"picked":"Thunderclap","floor":30.0},{"not_picked":["Heavy Blade","Warcry"],"picked":"Pommel Strike","floor":31.0}],"player_experience":783871,"relics_obtained":[{"floor":6.0,"key":"Strawberry"},{"floor":9.0,"key":"Red Skull"},{"floor":12.0,"key":"Orichalcum"},{"floor":21.0,"key":"Mango"},{"floor":21.0,"key":"Bottled Lightning"},{"floor":23.0,"key":"Tiny Chest"},{"floor":26.0,"key":"Regal Pillow"},{"floor":30.0,"key":"Happy Flower"}],"event_choices":[{"damage_healed":0.0,"max_hp_gain":0.0,"max_hp_loss":0.0,"gold_gain":0.0,"event_name":"Golden Idol","player_choice":"Ignored","floor":5.0,"gold_loss":0.0,"damage_taken":0.0},{"damage_healed":0.0,"max_hp_gain":5.0,"max_hp_loss":0.0,"gold_gain":0.0,"event_name":"Big Fish","player_choice":"Donut","floor":8.0,"gold_loss":0.0,"damage_taken":0.0},{"damage_healed":0.0,"max_hp_gain":0.0,"max_hp_loss":0.0,"gold_gain":0.0,"event_name":"Beggar","player_choice":"Ignored","floor":20.0,"gold_loss":0.0,"damage_taken":0.0},{"damage_healed":0.0,"max_hp_gain":0.0,"max_hp_loss":0.0,"gold_gain":0.0,"event_name":"Colosseum","player_choice":"Fight","floor":21.0,"gold_loss":0.0,"damage_taken":0.0},{"damage_healed":0.0,"max_hp_gain":0.0,"max_hp_loss":0.0,"gold_gain":0.0,"event_name":"Colosseum","player_choice":"Fought Nobs","floor":21.0,"gold_loss":0.0,"damage_taken":0.0},{"damage_healed":0.0,"max_hp_gain":0.0,"max_hp_loss":0.0,"gold_gain":0.0,"event_name":"Drug Dealer","player_choice":"Inject Mutagens","floor":22.0,"gold_loss":0.0,"damage_taken":0.0,"relics_obtained":["MutagenicStrength"]}],"is_beta":false,"boss_relics":[{"not_picked":["Tiny House","Calling Bell"],"picked":"Mark of Pain"}],"items_purged_floors":[13,19,25],"is_endless":false,"potions_floor_spawned":[4,6,11,12,21,23,27,30,31],"killed_by":"Collector","ascension_level":20}