{"gold_per_floor":[109,109,34,47,60,86,86,11,34,47,65,65,65,95,95,171,171,183,233,251,182,182,182,196,196,196,226,226,226,239,267,267,267],"floor_reached":33,"playtime":741,"items_purged":["Strike_R"],"score":546,"play_id":"21d34092-ddf4-4250-9c23-54805420c51d","local_time":"20180828045504","is_ascension_mode":true,"campfire_choices":[{"data":"Fire Breathing","floor":7,"key":"SMITH"},{"floor":12,"key":"REST"},{"floor":15,"key":"REST"},{"floor":23,"key":"REST"},{"data":"Heavy Blade","floor":28,"key":"SMITH"},{"floor":32,"key":"REST"}],"neow_cost":"NONE","seed_source_timestamp":928372479707247,"circlet_count":0,"master_deck":["Strike_R","Strike_R","Strike_R","Defend_R","Defend_R","Bash","AscendersBane","Fire Breathing+1","Spot Weakness","Whirlwind","Battle Trance","Heavy Blade+1","Sword Boomerang","Spot Weakness","Feed","True Grit","Spot Weakness","Pummel","True Grit","J.A.X.","Clash"],"relics":["Burning Blood","Centennial Puzzle","Juzu Bracelet","Anchor","Sozu","Smiling Mask","Nilry\u0027s Codex","Mummified Hand","Red Mask","Pen Nib"],"potions_floor_usage":[6,6,16,16],"damage_taken":[{"damage":9,"enemies":"2 Louse","floor":1,"turns":3},{"damage":7,"enemies":"Jaw Worm","floor":4,"turns":3},{"damage":6,"enemies":"Cultist","floor":5,"turns":3},{"damage":32,"enemies":"Gremlin Nob","floor":6,"turns":4},{"damage":16,"enemies":"Looter","floor":10,"turns":4},{"damage":11,"enemies":"Blue Slaver","floor":11,"turns":3},{"damage":35,"enemies":"Lagavulin","floor":14,"turns":5},{"damage":56,"enemies":"Hexaghost","floor":16,"turns":7},{"damage":11,"enemies":"Spheric Guardian","floor":18,"turns":3},{"damage":18,"enemies":"2 Thieves","floor":20,"turns":3},{"damage":17,"enemies":"Centurion and Healer","floor":24,"turns":4},{"damage":0,"enemies":"Masked Bandits","floor":27,"turns":2},{"damage":16,"enemies":"Cultist and Chosen","floor":30,"turns":4},{"damage":42,"enemies":"Gremlin Leader","floor":31,"turns":6},{"damage":55,"enemies":"Collector","floor":33,"turns":5}],"seed_played":"-4102836747221839767","potions_obtained":[{"floor":1,"key":"LiquidBronze"},{"floor":5,"key":"Poison Potion"},{"floor":6,"key":"Fruit Juice"},{"floor":10,"key":"BloodPotion"}],"is_trial":false,"path_per_floor":["M","?","?","M","M","E","R","$","T","M","M","R","$","E","R","B",null,"M","?","M","?","?","R","M","?","T","?","R","?","M","E","R"],"character_chosen":"IRONCLAD","items_purchased":[],"campfire_rested":4,"item_purchase_floors":[],"current_hp_per_floor":[65,70,70,69,69,48,48,48,48,38,33,58,58,29,54,12,67,62,62,53,53,32,58,47,47,47,53,53,53,43,7,33,0],"gold":267,"neow_bonus":"TRANSFORM_CARD","is_prod":false,"is_daily":false,"chose_seed":false,"campfire_upgraded":2,"win_rate":0,"timestamp":1535399704,"path_taken":["M","?","?","?","M","E","R","?","T","M","M","R","$","E","R","BOSS","M","?","M","?","?","R","M","?","T","?","R","?","M","E","R","BOSS"],"build_version":"2018-08-23v2","purchased_purges":1,"victory":false,"max_hp_per_floor":[75,80,80,80,80,85,85,85,85,85,85,85,85,85,85,85,85,85,85,88,88,88,88,88,88,88,88,88,88,88,88,88,88],"card_choices":[{"not_picked":["Rage","Armaments","Rupture"],"picked":"SKIP","floor":1},{"not_picked":["Heavy Blade","Combust"],"picked":"Spot Weakness","floor":4},{"not_picked":["Rage","Warcry"],"picked":"Whirlwind","floor":5},{"not_picked":["Heavy Blade","Headbutt"],"picked":"Battle Trance","floor":6},{"not_picked":["Shrug It Off","Blood for Blood"],"picked":"Heavy Blade","floor":10},{"not_picked":["Bloodletting","Feel No Pain","Sword Boomerang"],"picked":"SKIP","floor":11},{"not_picked":["Bloodletting","Feel No Pain"],"picked":"Sword Boomerang","floor":11},{"not_picked":["Inflame","Anger"],"picked":"Spot Weakness","floor":14},{"not_picked":["Berserk","Juggernaut"],"picked":"Feed","floor":16},{"not_picked":["Hemokinesis","Shrug It Off"],"picked":"True Grit","floor":18},{"not_picked":["Heavy Blade","Iron Wave"],"picked":"Spot Weakness","floor":20},{"not_picked":["Headbutt","Hemokinesis"],"picked":"Pummel","floor":24},{"not_picked":["Blood for Blood","Armaments"],"picked":"True Grit","floor":27},{"not_picked":["Sever Soul","Wild Strike","Combust"],"picked":"SKIP","floor":30},{"not_picked":["Shockwave","Wild Strike"],"picked":"Clash","floor":31}],"player_experience":524218,"relics_obtained":[{"floor":6,"key":"Centennial Puzzle"},{"floor":9,"key":"Juzu Bracelet"},{"floor":14,"key":"Anchor"},{"floor":22,"key":"Nilry\u0027s Codex"},{"floor":26,"key":"Mummified Hand"},{"floor":27,"key":"Red Mask"},{"floor":31,"key":"Pen Nib"}],"event_choices":[{"event_name":"Big Fish","player_choice":"Donut","floor":2,"damage_taken":0},{"event_name":"The Cleric","player_choice":"Card Removal","floor":3,"damage_taken":0},{"event_name":"Nest","player_choice":"Stole From Cult","floor":19,"damage_taken":0},{"event_name":"WeMeetAgain","player_choice":"Gold","floor":21,"damage_taken":0},{"event_name":"Cursed Tome","player_choice":"Obtained Book","floor":22,"damage_taken":0},{"event_name":"Back to Basics","player_choice":"Elegance","floor":25,"damage_taken":0},{"event_name":"Masked Bandits","player_choice":"Fought Bandits","floor":27,"damage_taken":0},{"event_name":"Drug Dealer","player_choice":"Got JAX","floor":29,"damage_taken":0}],"is_beta":false,"boss_relics":[{"not_picked":["Pandora\u0027s Box","Runic Dome"],"picked":"Sozu"}],"items_purged_floors":[8],"is_endless":false,"potions_floor_spawned":[1,5,6,10,24,31],"killed_by":"Collector","ascension_level":20}