{"gold_per_floor":[109,259,272,272,284,284,319,337,337,349,369,369,131,144,144,218,218,230,230,230,155,171,171,171],"floor_reached":24,"playtime":741,"items_purged":["Strike_B"],"score":396,"play_id":"6477a9f3-4951-4607-8dac-52080d7fce35","local_time":"20181216062124","is_ascension_mode":true,"campfire_choices":[{"data":"Zap","floor":6,"key":"SMITH"},{"data":"Beam Cell","floor":15,"key":"SMITH"},{"data":"Consume","floor":23,"key":"SMITH"}],"neow_cost":"NONE","seed_source_timestamp":216385417277518,"circlet_count":0,"master_deck":["AscendersBane","Strike_B","Strike_B","Defend_B","Defend_B","Defend_B","Zap+1","Dualcast","Undo","Cold Snap","Conserve Battery","Doom and Gloom","Electrodynamics","Sweeping Beam","Beam Cell+1","Cold Snap","Amplify","Hologram+1","RitualDagger","Consume+1"],"relics":["Cracked Core","Oddly Smooth Stone","Orichalcum","Kunai","DataDisk","Inserter"],"potions_floor_usage":[7,7,10,16],"damage_taken":[{"damage":1,"enemies":"Cultist","floor":1,"turns":3},{"damage":15,"enemies":"Small Slimes","floor":3,"turns":4},{"damage":0,"enemies":"Jaw Worm","floor":5,"turns":4},{"damage":27,"enemies":"3 Sentries","floor":7,"turns":14},{"damage":0,"enemies":"2 Fungi Beasts","floor":8,"turns":3},{"damage":3,"enemies":"Looter","floor":10,"turns":4},{"damage":0,"enemies":"3 Louse","floor":11,"turns":3},{"damage":0,"enemies":"Large Slime","floor":14,"turns":4},{"damage":4,"enemies":"The Guardian","floor":16,"turns":10},{"damage":9,"enemies":"3 Byrds","floor":18,"turns":3},{"damage":12,"enemies":"Shell Parasite","floor":22,"turns":6},{"damage":32,"enemies":"Book of Stabbing","floor":24,"turns":5}],"seed_played":"-2329541557010509354","potions_obtained":[{"floor":3,"key":"Dexterity Potion"},{"floor":5,"key":"Fire Potion"},{"floor":8,"key":"Regen Potion"},{"floor":11,"key":"FocusPotion"},{"floor":22,"key":"Ancient Potion"}],"is_trial":false,"path_per_floor":["M","?","M","?","M","R","E","M","T","M","M","T","$","M","R","B",null,"M","?","?","?","M","R","E"],"character_chosen":"DEFECT","items_purchased":["DataDisk"],"campfire_rested":0,"item_purchase_floors":[13],"current_hp_per_floor":[63,63,48,41,41,41,14,14,14,23,23,23,23,23,23,19,58,49,43,43,43,31,31,0],"gold":171,"neow_bonus":"REMOVE_CARD","is_prod":false,"is_daily":false,"chose_seed":false,"campfire_upgraded":3,"win_rate":0,"timestamp":1544908884,"path_taken":["M","?","M","?","M","R","E","M","T","M","M","?","$","M","R","BOSS","M","?","?","?","M","R","E"],"build_version":"2018-12-13","purchased_purges":1,"victory":false,"max_hp_per_floor":[71,71,71,71,71,71,71,71,71,71,71,71,71,71,71,71,71,71,71,71,71,71,71,71],"card_choices":[{"not_picked":["Turbo","Heatsinks"],"picked":"Undo","floor":1},{"not_picked":["Heatsinks","Steam"],"picked":"Cold Snap","floor":3},{"not_picked":["Stack","Darkness"],"picked":"Conserve Battery","floor":5},{"not_picked":["Turbo","Leap"],"picked":"Doom and Gloom","floor":7},{"not_picked":["Ball Lightning","Leap"],"picked":"Electrodynamics","floor":8},{"not_picked":["Turbo","Barrage"],"picked":"Sweeping Beam","floor":10},{"not_picked":["Turbo","Redo"],"picked":"Beam Cell","floor":11},{"not_picked":["Sweeping Beam","Turbo"],"picked":"Cold Snap","floor":14},{"not_picked":["Fission","Hyperbeam"],"picked":"Amplify","floor":16},{"not_picked":["Heatsinks","Beam Cell"],"picked":"Hologram+1","floor":18},{"not_picked":["Hello World","Hologram"],"picked":"Consume","floor":22}],"player_experience":799239,"relics_obtained":[{"floor":7,"key":"Oddly Smooth Stone"},{"floor":9,"key":"Orichalcum"},{"floor":12,"key":"Kunai"}],"event_choices":[{"damage_healed":0,"gold_gain":150,"player_choice":"AGREE","damage_taken":0,"max_hp_gain":0,"max_hp_loss":0,"event_name":"Liars Game","floor":2,"gold_loss":0,"cards_obtained":["Doubt"]},{"cards_removed":["Doubt"],"damage_healed":0,"gold_gain":0,"player_choice":"Card Removal","damage_taken":7,"max_hp_gain":0,"max_hp_loss":0,"event_name":"Golden Wing","floor":4,"gold_loss":0},{"damage_healed":0,"gold_gain":0,"player_choice":"Joined the Cult","damage_taken":6,"max_hp_gain":0,"max_hp_loss":0,"event_name":"Nest","floor":19,"gold_loss":0,"cards_obtained":["RitualDagger"]},{"damage_healed":0,"gold_gain":0,"player_choice":"Ignored","damage_taken":0,"max_hp_gain":0,"max_hp_loss":0,"event_name":"The Mausoleum","floor":20,"gold_loss":0},{"cards_removed":["Strike_B"],"damage_healed":0,"gold_gain":0,"player_choice":"Gave Gold","damage_taken":0,"max_hp_gain":0,"max_hp_loss":0,"event_name":"Beggar","floor":21,"gold_loss":75}],"is_beta":false,"boss_relics":[{"not_picked":["Empty Cage","Tiny House"],"picked":"Inserter"}],"items_purged_floors":[13],"is_endless":false,"potions_floor_spawned":[3,5,8,11,22],"killed_by":"Book of Stabbing","ascension_level":20}