{"gold_per_floor":[114,114,129,141,152,152,152,169,220,185,31,49,68,88,88,186,186,202,221,72,72,86,86,103,103],"floor_reached":25,"playtime":1916,"items_purged":[],"score":219,"play_id":"4d94b2ae-7ea1-46c7-aba3-2b542f4c7b07","local_time":"20180813221430","is_ascension_mode":true,"campfire_choices":[{"data":"Bash","floor":6,"key":"SMITH"},{"floor":15,"key":"REST"},{"floor":23,"key":"REST"}],"neow_cost":"NONE","seed_source_timestamp":121817513427904,"circlet_count":0,"master_deck":["Strike_R","Strike_R","Strike_R","Strike_R","Defend_R","Defend_R","Defend_R","Defend_R","Bash+1","Warcry","Iron Wave","Inflame","Limit Break","Clothesline","Demon Form","Armaments","Twin Strike","Anger","Dark Embrace","Rampage+1","Dropkick+1"],"relics":["Black Blood","Oddly Smooth Stone","Dream Catcher"],"potions_floor_usage":[16,16,18,22],"damage_taken":[{"damage":4,"enemies":"Small Slimes","floor":1,"turns":4},{"damage":6,"enemies":"2 Louse","floor":3,"turns":4},{"damage":6,"enemies":"Cultist","floor":4,"turns":4},{"damage":24,"enemies":"Exordium Wildlife","floor":5,"turns":8},{"damage":11,"enemies":"3 Louse","floor":8,"turns":6},{"damage":20,"enemies":"Large Slime","floor":12,"turns":6},{"damage":4,"enemies":"Red Slaver","floor":13,"turns":5},{"damage":24,"enemies":"Exordium Thugs","floor":14,"turns":5},{"damage":14,"enemies":"Slime Boss","floor":16,"turns":8},{"damage":50,"enemies":"2 Thieves","floor":18,"turns":5},{"damage":12,"enemies":"Chosen","floor":19,"turns":6},{"damage":30,"enemies":"Snake Plant","floor":22,"turns":8},{"damage":23,"enemies":"Snecko","floor":24,"turns":6},{"damage":29,"enemies":"Sentry and Sphere","floor":25,"turns":4}],"seed_played":"5316023325339243415","potions_obtained":[{"floor":1,"key":"Dexterity Potion"},{"floor":8,"key":"Strength Potion"},{"floor":13,"key":"Block Potion"},{"floor":16,"key":"GamblersBrew"}],"is_trial":false,"path_per_floor":["M","?","M","M","M","R","?","M","T","?","$","M","M","M","R","B",null,"M","M","$","?","M","R","M"],"character_chosen":"IRONCLAD","items_purchased":["Demon Form","Dream Catcher"],"campfire_rested":2,"item_purchase_floors":[11,20],"current_hp_per_floor":[80,73,73,73,55,55,55,50,50,70,70,56,58,40,64,56,80,40,38,38,38,18,42,29,0],"gold":103,"neow_bonus":"ONE_RANDOM_RARE_CARD","is_prod":false,"is_daily":false,"chose_seed":false,"campfire_upgraded":1,"win_rate":0,"timestamp":1534223670,"path_taken":["M","?","M","M","M","R","?","M","T","?","$","M","M","M","R","BOSS","M","M","$","?","?","R","M","M"],"build_version":"2018-08-09","purchased_purges":0,"victory":false,"max_hp_per_floor":[80,80,80,80,80,80,80,80,80,80,80,80,80,80,80,80,80,80,80,80,80,80,80,80,80],"card_choices":[{"not_picked":["Evolve","Clash"],"picked":"Warcry","floor":1},{"not_picked":["Cleave","Whirlwind"],"picked":"Iron Wave","floor":3},{"not_picked":["Flex","Heavy Blade","Shockwave"],"picked":"SKIP","floor":4},{"not_picked":["Cleave","Pommel Strike"],"picked":"Inflame","floor":5},{"not_picked":["Fire Breathing","Wild Strike"],"picked":"Clothesline","floor":8},{"not_picked":["Reaper","Clothesline"],"picked":"Armaments","floor":12},{"not_picked":["Shockwave","Sentinel"],"picked":"Twin Strike","floor":13},{"not_picked":["Body Slam","Wild Strike"],"picked":"Anger","floor":14},{"not_picked":["Fiend Fire","Bludgeon"],"picked":"Dark Embrace","floor":16},{"not_picked":["Battle Trance+1","Perfected Strike","Warcry"],"picked":"SKIP","floor":18},{"not_picked":["Flex","Wild Strike","Bloodletting"],"picked":"SKIP","floor":19},{"not_picked":["Hemokinesis+1","Bloodletting"],"picked":"Rampage+1","floor":22},{"not_picked":["Carnage","Searing Blow"],"picked":"Dropkick+1","floor":23},{"not_picked":["Double Tap","Thunderclap","Clash"],"picked":"SKIP","floor":24}],"player_experience":204804,"relics_obtained":[{"floor":9,"key":"Oddly Smooth Stone"}],"event_choices":[{"event_name":"Golden Wing","player_choice":"Card Removal","floor":2,"damage_taken":0},{"event_name":"Living Wall","player_choice":"Change","floor":7,"damage_taken":0},{"event_name":"The Cleric","player_choice":"Healed","floor":10,"damage_taken":0},{"event_name":"Drug Dealer","player_choice":"Ignored","floor":21,"damage_taken":0}],"is_beta":false,"boss_relics":[{"not_picked":["Pandora\u0027s Box","Ectoplasm"],"picked":"Black Blood"}],"items_purged_floors":[],"is_endless":false,"potions_floor_spawned":[1,8,13,16],"killed_by":"Sentry and Sphere","ascension_level":2}