{"gold_per_floor":[113,2,2,2,17,36,54,54,77,95,95],"floor_reached":11,"playtime":363,"items_purged":["Strike_B"],"score":72,"play_id":"e0fc303e-e47f-488d-8ee4-3c4047320c5c","local_time":"20180905142129","is_ascension_mode":true,"campfire_choices":[{"data":"Storm","floor":8,"key":"SMITH"}],"neow_cost":"TEN_PERCENT_HP_LOSS","seed_source_timestamp":716303298104082,"circlet_count":0,"master_deck":["Strike_B","Strike_B+1","Strike_B","Defend_B","Defend_B","Defend_B+1","Defend_B","Zap","Dualcast","Creative AI+1","Storm+1","Defragment","Redo","Lockon","Reboot"],"relics":["Cracked Core","Oddly Smooth Stone"],"potions_floor_usage":[],"damage_taken":[{"damage":2,"enemies":"Jaw Worm","floor":1,"turns":3},{"damage":17,"enemies":"2 Louse","floor":5,"turns":3},{"damage":1,"enemies":"Cultist","floor":6,"turns":4},{"damage":1,"enemies":"2 Fungi Beasts","floor":7,"turns":4},{"damage":25,"enemies":"Exordium Thugs","floor":10,"turns":4},{"damage":0,"enemies":"Gremlin Nob","floor":11,"turns":2}],"seed_played":"649853371684746899","potions_obtained":[{"floor":1,"key":"Strength Potion"},{"floor":6,"key":"Swift Potion"}],"is_trial":false,"path_per_floor":["M","$","?","?","M","M","M","R","T","M"],"character_chosen":"DEFECT","items_purchased":["Defragment"],"campfire_rested":0,"item_purchase_floors":[2],"current_hp_per_floor":[66,66,52,52,35,34,33,33,33,8,8],"gold":95,"neow_bonus":"THREE_RARE_CARDS","is_prod":false,"is_daily":false,"chose_seed":false,"campfire_upgraded":1,"win_rate":0,"timestamp":1536123089,"path_taken":["M","$","?","?","M","M","M","R","T","?","E"],"build_version":"2018-08-30","purchased_purges":1,"victory":false,"max_hp_per_floor":[68,68,68,68,68,68,68,68,68,68,68],"card_choices":[{"not_picked":["Amplify","Hyperbeam"],"picked":"Creative AI","floor":0},{"not_picked":["Beam Cell","Stack"],"picked":"Storm","floor":1},{"not_picked":["Coolheaded","Compile Driver"],"picked":"Redo","floor":5},{"not_picked":["Coolheaded","Go for the Eyes"],"picked":"Lockon","floor":6},{"not_picked":["Hologram","Sweeping Beam"],"picked":"Reboot","floor":7},{"not_picked":["Steam","Glacier","Hologram"],"picked":"SKIP","floor":10}],"player_experience":127260,"relics_obtained":[{"floor":9,"key":"Oddly Smooth Stone"}],"event_choices":[{"event_name":"Shining Light","player_choice":"Entered Light","floor":3,"damage_taken":0},{"event_name":"Living Wall","player_choice":"Grow","floor":4,"damage_taken":0}],"is_beta":false,"boss_relics":[],"items_purged_floors":[2],"is_endless":false,"potions_floor_spawned":[1,6],"killed_by":"Gremlin Nob","ascension_level":2}