{"gold_per_floor":[20,20,39,49,49,69,69,84,109,109,109,59,71,71,71,170,170,190,190,115,115,115,142,142,155,227,227,239,254,266,286,286,390,390,405,315,341,0,12,24],"floor_reached":40,"playtime":2909,"items_purged":[],"score":421,"play_id":"64a298bb-bb36-4a90-8ff8-762a18699d2d","local_time":"20180826151330","is_ascension_mode":false,"campfire_choices":[{"data":"A Thousand Cuts","floor":7,"key":"SMITH"},{"data":"Terror","floor":11,"key":"SMITH"},{"data":"Backflip","floor":15,"key":"SMITH"},{"data":"Tools of the Trade","floor":24,"key":"SMITH"},{"data":"Dash","floor":32,"key":"SMITH"}],"neow_cost":"NO_GOLD","seed_source_timestamp":0,"circlet_count":0,"master_deck":["Defend_G+1","Defend_G","Strike_G","Neutralize","Underhanded Strike","A Thousand Cuts+1","Backflip+1","Acrobatics","Dagger Throw","Terror+1","Dagger Throw","Tools of the Trade+1","Dash+1","Dodge and Roll+1","Footwork","Dash+1","Noxious Fumes","Underhanded Strike","After Image"],"special_seed":0,"relics":["Ring of the Snake","Sundial","Bag of Marbles","Runic Pyramid","Potion Belt","MutagenicStrength","Vajra","Gremlin Horn","Empty Cage","MawBank","Red Mask"],"potions_floor_usage":[6,16,16,16,16,16,30,31,31],"damage_taken":[{"damage":2.0,"enemies":"Jaw Worm","floor":1.0,"turns":6.0},{"damage":0,"enemies":"Cultist","floor":3,"turns":4},{"damage":1,"enemies":"2 Louse","floor":4,"turns":3},{"damage":9,"enemies":"Red Slaver","floor":6,"turns":5},{"damage":10,"enemies":"Exordium Wildlife","floor":8,"turns":7},{"damage":11,"enemies":"Large Slime","floor":13,"turns":5},{"damage":21,"enemies":"The Guardian","floor":16,"turns":7},{"damage":0,"enemies":"Chosen","floor":18,"turns":3},{"damage":20,"enemies":"Book of Stabbing","floor":23,"turns":6},{"damage":7,"enemies":"Shell Parasite","floor":25,"turns":4},{"damage":2,"enemies":"Snake Plant","floor":28,"turns":3},{"damage":0,"enemies":"Snecko","floor":29,"turns":4},{"damage":0,"enemies":"Shelled Parasite and Fungi","floor":30,"turns":4},{"damage":3,"enemies":"Centurion and Healer","floor":31,"turns":4},{"damage":22,"enemies":"Collector","floor":33,"turns":7},{"damage":29,"enemies":"3 Darklings","floor":35,"turns":5},{"damage":55,"enemies":"2 Orb Walkers","floor":40,"turns":4}],"seed_played":"7673109340078104919","potions_obtained":[{"floor":1.0,"key":"Block Potion"},{"floor":4,"key":"Strength Potion"},{"floor":6,"key":"EntropicBrew"},{"floor":23,"key":"Energy Potion"},{"floor":29,"key":"SteroidPotion"},{"floor":30,"key":"SteroidPotion"}],"is_trial":false,"path_per_floor":["M","?","M","M","$","M","R","M","T","?","R","?","M","$","R","B",null,"M","?","?","?","?","E","R","M","T","?","M","M","M","M","R","B",null,"M","?","T","?","$"],"character_chosen":"THE_SILENT","items_purchased":[],"campfire_rested":0,"item_purchase_floors":[],"current_hp_per_floor":[68,68,68,67,67,58,58,48,48,48,48,48,37,37,37,31,70,70,70,70,70,70,50,50,43,43,43,41,41,41,38,38,16,70,41,41,41,41,41,0],"gold":24,"neow_bonus":"ONE_RARE_RELIC","is_prod":false,"is_daily":false,"chose_seed":false,"campfire_upgraded":5,"win_rate":0.0,"timestamp":1535262210,"path_taken":["M","?","M","M","$","M","R","?","T","?","R","?","?","?","R","BOSS","M","?","?","?","?","E","R","M","T","?","M","M","?","M","R","BOSS","M","?","?","?","?","E"],"build_version":"2018-08-23v2","purchased_purges":0,"victory":false,"max_hp_per_floor":[70,70,70,70,70,70,70,70,70,70,70,70,70,70,70,70,70,70,70,70,70,70,70,70,70,70,70,70,70,70,70,70,70,70,70,70,70,70,70,70],"card_choices":[{"not_picked":["Bouncing Flask","Flying Knee"],"picked":"Underhanded Strike","floor":1.0},{"not_picked":["Reflex","Leg Sweep"],"picked":"Acrobatics","floor":3},{"not_picked":["Caltrops","Flying Knee"],"picked":"Dagger Throw","floor":4},{"not_picked":["Infinite Blades","Well Laid Plans"],"picked":"Terror","floor":6},{"not_picked":["Flechettes","Backflip"],"picked":"Dagger Throw","floor":8},{"not_picked":["Blade Dance","Masterful Stab","Crippling Poison"],"picked":"SKIP","floor":13},{"not_picked":["Glass Knife","Envenom"],"picked":"Tools of the Trade","floor":16},{"not_picked":["Eviscerate","Flying Knee+1"],"picked":"Dash+1","floor":18},{"not_picked":["Blur","Dagger Throw"],"picked":"Dodge and Roll+1","floor":23},{"not_picked":["Catalyst+1","Backflip+1","Poisoned Stab"],"picked":"SKIP","floor":25},{"not_picked":["Deadly Poison","Bane","Blade Dance"],"picked":"SKIP","floor":28},{"not_picked":["Leg Sweep","Dagger Spray"],"picked":"Dash","floor":29},{"not_picked":["Flechettes","Masterful Stab"],"picked":"Noxious Fumes","floor":30},{"not_picked":["Acrobatics+1","Well Laid Plans"],"picked":"Underhanded Strike","floor":31},{"not_picked":["Corpse Explosion","Venomology"],"picked":"After Image","floor":33},{"not_picked":["Catalyst","Slice","Quick Slash+1"],"picked":"SKIP","floor":35}],"player_experience":50113,"relics_obtained":[{"floor":9,"key":"Bag of Marbles"},{"floor":23,"key":"Vajra"},{"floor":26,"key":"Gremlin Horn"},{"floor":37,"key":"MawBank"}],"event_choices":[{"event_name":"Match and Keep!","player_choice":"2 cards matched","floor":2,"damage_taken":0},{"event_name":"Living Wall","player_choice":"Forget","floor":10,"damage_taken":0},{"event_name":"The Cleric","player_choice":"Card Removal","floor":12,"damage_taken":0},{"event_name":"The Mausoleum","player_choice":"Yes","floor":19,"damage_taken":0},{"event_name":"Beggar","player_choice":"Gave Gold","floor":20,"damage_taken":0},{"event_name":"Drug Dealer","player_choice":"Inject Mutagens","floor":21,"damage_taken":0},{"event_name":"Bonfire Elementals","player_choice":"BASIC","floor":22,"damage_taken":0},{"event_name":"Transmorgrifier","player_choice":"Transform","floor":27,"damage_taken":0},{"event_name":"Designer","player_choice":"Full Service","floor":36,"damage_taken":0},{"event_name":"Tomb of Lord Red Mask","player_choice":"Paid","floor":38,"damage_taken":0}],"is_beta":false,"boss_relics":[{"not_picked":["Snecko Eye","Velvet Choker"],"picked":"Runic Pyramid"},{"not_picked":["Astrolabe","Philosopher\u0027s Stone"],"picked":"Empty Cage"}],"items_purged_floors":[],"is_endless":false,"potions_floor_spawned":[1,4,6,23,29,30],"killed_by":"2 Orb Walkers","ascension_level":0}