{"gold_per_floor":[111,124,299,299,326,326,26,26,26,26,37,37,53,67,67,171,201,219,219,318,328,339,339,368,368,418,418,441,441,456,468,468,566,566,586,597,597,597],"floor_reached":38,"playtime":1615,"items_purged":["Doubt"],"score":411,"play_id":"f949462a-c42e-4462-a43c-943d06034d75","local_time":"20180711163824","is_ascension_mode":false,"campfire_choices":[{"floor":6,"key":"REST"},{"data":"Phantasmal Killer","floor":8,"key":"SMITH"},{"data":"Caltrops","floor":10,"key":"SMITH"},{"floor":15,"key":"REST"},{"floor":23,"key":"REST"},{"floor":25,"key":"REST"},{"floor":29,"key":"REST"},{"floor":32,"key":"REST"}],"neow_cost":"FIFTY_PERCENT_DAMAGE","seed_source_timestamp":144516717136826,"circlet_count":0,"master_deck":["Defend_G+1","Defend_G","Defend_G","Defend_G","Defend_G","Strike_G","Strike_G","Strike_G","Strike_G","Strike_G","Survivor","Neutralize","Phantasmal Killer+1","Caltrops+1","Blade Dance","Outmaneuver","Footwork","Skewer","All Out Attack","Deadly Poison","Burst","Catalyst","Caltrops","Crippling Poison+1","Caltrops+1","Noxious Fumes+1","Deadly Poison+1","Terror","Deflect+1","Backstab","PiercingWail+1","After Image","Accuracy","Backflip+1","Infinite Blades+1","Malaise+1"],"relics":["Ring of the Snake","Dream Catcher","Regal Pillow","Happy Flower","Omamori","Tiny House","Shuriken","Centennial Puzzle","Oddly Smooth Stone","Orrery"],"potions_floor_usage":[16,21,22,24,33,36,38],"damage_taken":[{"damage":6,"enemies":"Jaw Worm","floor":1,"turns":5},{"damage":0,"enemies":"2 Louse","floor":2,"turns":3},{"damage":4,"enemies":"Small Slimes","floor":11,"turns":4},{"damage":5,"enemies":"2 Fungi Beasts","floor":13,"turns":4},{"damage":8,"enemies":"3 Louse","floor":14,"turns":3},{"damage":59,"enemies":"Hexaghost","floor":16,"turns":10},{"damage":32,"enemies":"Spheric Guardian","floor":18,"turns":6},{"damage":9,"enemies":"3 Byrds","floor":19,"turns":3},{"damage":0,"enemies":"Centurion and Healer","floor":21,"turns":5},{"damage":27,"enemies":"Snecko","floor":22,"turns":5},{"damage":42,"enemies":"Slavers","floor":24,"turns":6},{"damage":19,"enemies":"3 Cultists","floor":30,"turns":4},{"damage":17,"enemies":"Centurion and Healer","floor":31,"turns":5},{"damage":58,"enemies":"Automaton","floor":33,"turns":8},{"damage":26,"enemies":"3 Darklings","floor":35,"turns":5},{"damage":17,"enemies":"3 Shapes","floor":36,"turns":4},{"damage":32,"enemies":"Sphere and 2 Shapes","floor":38,"turns":4}],"seed_played":"-8210604023497282446","potions_obtained":[{"floor":11,"key":"Block Potion"},{"floor":14,"key":"Dexterity Potion"},{"floor":16,"key":"Block Potion"},{"floor":17,"key":"Dexterity Potion"},{"floor":21,"key":"PowerPotion"},{"floor":24,"key":"LiquidBronze"},{"floor":30,"key":"SneckoOil"},{"floor":33,"key":"Explosive Potion"},{"floor":35,"key":"Swift Potion"},{"floor":36,"key":"Fire Potion"}],"is_trial":false,"path_per_floor":["M","M","?","?","T","R","$","R","T","R","M","$","M","M","R","B",null,"M","M","?","M","M","R","E","R","T","?","T","R","M","M","R","B",null,"M","M","?"],"character_chosen":"THE_SILENT","items_purchased":["Footwork","Happy Flower"],"campfire_rested":6,"item_purchase_floors":[7,7],"current_hp_per_floor":[29,29,29,17,17,53,53,53,53,53,49,49,44,36,70,11,75,43,34,34,34,7,44,2,39,39,39,39,75,56,39,75,17,75,49,32,32,0],"gold":597,"neow_bonus":"THREE_RARE_CARDS","is_prod":false,"is_daily":false,"chose_seed":false,"campfire_upgraded":2,"win_rate":0,"timestamp":1531294704,"path_taken":["M","M","?","?","?","R","$","R","T","R","?","$","M","M","R","BOSS","M","M","?","?","M","R","E","R","T","?","?","R","M","M","R","BOSS","M","M","?","M"],"build_version":"2018-07-05","purchased_purges":1,"victory":false,"max_hp_per_floor":[70,70,70,70,70,70,70,70,70,70,70,70,70,70,70,70,75,75,75,75,75,75,75,75,75,75,75,75,75,75,75,75,75,75,75,75,75,75],"card_choices":[{"not_picked":["Venomology","Die Die Die"],"picked":"Phantasmal Killer","floor":0},{"not_picked":["Prepared","Dagger Throw"],"picked":"Caltrops","floor":1},{"not_picked":["Crippling Poison","Dagger Throw"],"picked":"Blade Dance","floor":2},{"not_picked":["Dodge and Roll","Deflect"],"picked":"Outmaneuver","floor":6},{"not_picked":["Acrobatics","Poisoned Stab","Flying Knee"],"picked":"SKIP","floor":11},{"not_picked":["Caltrops","Cloak And Dagger"],"picked":"Skewer","floor":13},{"not_picked":["Quick Slash","Poisoned Stab"],"picked":"All Out Attack","floor":14},{"not_picked":["Slice","Dodge and Roll"],"picked":"Deadly Poison","floor":15},{"not_picked":["A Thousand Cuts","Tactician"],"picked":"Burst","floor":16},{"not_picked":["Underhanded Strike","Masterful Stab"],"picked":"Catalyst","floor":17},{"not_picked":["Calculated Gamble","Deflect+1"],"picked":"Caltrops","floor":18},{"not_picked":["Choke","Quick Slash+1"],"picked":"Crippling Poison+1","floor":19},{"not_picked":["Finisher","Poisoned Stab"],"picked":"Caltrops+1","floor":21},{"not_picked":["Bouncing Flask","Dodge and Roll"],"picked":"Cloak And Dagger","floor":22},{"not_picked":["PiercingWail","Malaise"],"picked":"Noxious Fumes+1","floor":23},{"not_picked":["Terror","Infinite Blades"],"picked":"Deadly Poison+1","floor":24},{"not_picked":["Corpse Explosion","Reflex+1"],"picked":"Terror","floor":25},{"not_picked":["Dagger Spray+1","Acrobatics+1"],"picked":"Deflect+1","floor":29},{"not_picked":["Dagger Spray","Cloak And Dagger"],"picked":"Backstab","floor":30},{"not_picked":["Dodge and Roll","Deflect","Acrobatics"],"picked":"SKIP","floor":31},{"not_picked":["Backflip","Sucker Punch"],"picked":"PiercingWail+1","floor":32},{"not_picked":["Tools of the Trade","Venomology"],"picked":"After Image","floor":33},{"not_picked":["Flying Knee+1","Underhanded Strike"],"picked":"Accuracy","floor":34},{"not_picked":["Prepared","Flying Knee"],"picked":"Backflip+1","floor":34},{"not_picked":["Caltrops+1","Flechettes+1"],"picked":"Infinite Blades+1","floor":35},{"not_picked":["Dash","Dodge and Roll+1"],"picked":"Malaise+1","floor":36}],"player_experience":26265,"relics_obtained":[{"floor":5,"key":"Regal Pillow"},{"floor":9,"key":"Omamori"},{"floor":24,"key":"Shuriken"},{"floor":26,"key":"Centennial Puzzle"},{"floor":28,"key":"Oddly Smooth Stone"}],"event_choices":[{"event_name":"Liars Game","player_choice":"agreed","floor":3,"damage_taken":0},{"event_name":"Scrap Ooze","player_choice":"success","floor":4,"damage_taken":12},{"event_name":"Nest","player_choice":"Stole From Cult","floor":20,"damage_taken":0},{"event_name":"Drug Dealer","player_choice":"Ignored","floor":27,"damage_taken":0},{"event_name":"Falling","player_choice":"Removed Skill","floor":37,"damage_taken":0}],"boss_relics":[{"not_picked":["Lizard Tail","White Beast Statue"],"picked":"Tiny House"},{"not_picked":["Coffee Dripper","Runic Pyramid"],"picked":"Orrery"}],"items_purged_floors":[7],"is_endless":false,"potions_floor_spawned":[11,14,16,21,24,30,33,35,36],"killed_by":"Sphere and 2 Shapes","ascension_level":0}