{"gold_per_floor":[115,135,285,285,299,328,328,328,328,343,369,381,443,468,480,570,582,605,634,658,670,682,694,706],"floor_reached":24,"playtime":456,"items_purged":[],"score":437,"play_id":"6b0887da-a36a-4d3c-84c1-f8944f042ad5","local_time":"20181212010956","is_ascension_mode":true,"campfire_choices":[{"data":"Perfected Strike","floor":8.0,"key":"SMITH"},{"floor":12.0,"key":"REST"},{"data":"Shockwave","floor":15.0,"key":"SMITH"},{"data":"Demon Form","floor":23.0,"key":"SMITH"}],"neow_cost":"NONE","seed_source_timestamp":417370867301136,"circlet_count":0,"master_deck":["AscendersBane","Strike_R","Strike_R","Strike_R","Strike_R","Strike_R","Defend_R","Defend_R","Defend_R","Defend_R","Bash","Perfected Strike+1","Cleave","Perfected Strike+1","Shockwave+1","Battle Trance","Perfected Strike","Demon Form+1","Wild Strike","Shrug It Off","Whirlwind","Perfected Strike+1"],"special_seed":0,"relics":["Burning Blood","NeowsBlessing","Centennial Puzzle","Sundial","MawBank","Sozu"],"potions_floor_usage":[],"damage_taken":[{"damage":0.0,"enemies":"Small Slimes","floor":1.0,"turns":1.0},{"damage":0.0,"enemies":"Jaw Worm","floor":2.0,"turns":1.0},{"damage":0.0,"enemies":"Cultist","floor":5.0,"turns":1.0},{"damage":32.0,"enemies":"Gremlin Nob","floor":6.0,"turns":4.0},{"damage":22.0,"enemies":"Exordium Wildlife","floor":10.0,"turns":3.0},{"damage":16.0,"enemies":"Lagavulin","floor":11.0,"turns":5.0},{"damage":4.0,"enemies":"Red Slaver","floor":14.0,"turns":3.0},{"damage":22.0,"enemies":"The Guardian","floor":16.0,"turns":10.0},{"damage":0.0,"enemies":"Chosen","floor":18.0,"turns":3.0},{"damage":21.0,"enemies":"Shell Parasite","floor":19.0,"turns":2.0},{"damage":16.0,"enemies":"Centurion and Healer","floor":20.0,"turns":4.0},{"damage":51,"enemies":"Book of Stabbing","floor":24,"turns":4}],"seed_played":"5801396778509467847","potions_obtained":[{"floor":5.0,"key":"Dexterity Potion"},{"floor":6.0,"key":"Explosive Potion"},{"floor":10.0,"key":"Fruit Juice"}],"is_trial":false,"path_per_floor":["M","M","?","?","M","E","?","R","T","M","E","R","?","M","R","B",null,"M","M","M","?","?","R","E"],"character_chosen":"IRONCLAD","items_purchased":[],"campfire_rested":1,"item_purchase_floors":[],"current_hp_per_floor":[74,75,75,75,75,49,49,49,49,38,28,52,52,54,54,38,70,76,61,51,51,51,51,0],"gold":706,"neow_bonus":"THREE_ENEMY_KILL","is_prod":false,"is_daily":false,"chose_seed":false,"campfire_upgraded":3,"win_rate":0,"timestamp":1544544596,"path_taken":["M","M","?","?","?","E","?","R","T","?","E","R","?","M","R","BOSS","M","?","M","?","?","R","E"],"build_version":"2018-12-06","purchased_purges":0,"victory":false,"max_hp_per_floor":[75,75,75,75,75,75,75,75,75,80,80,80,80,80,80,80,80,80,80,80,80,80,80,80],"card_choices":[{"not_picked":["Cleave","Anger"],"picked":"Perfected Strike","floor":1.0},{"not_picked":["Warcry","Iron Wave","Cleave"],"picked":"SKIP","floor":2.0},{"not_picked":["Warcry","Iron Wave"],"picked":"Cleave","floor":2.0},{"not_picked":["Rupture","Inflame"],"picked":"Perfected Strike","floor":5.0},{"not_picked":["Inflame","Anger"],"picked":"Shockwave","floor":6.0},{"not_picked":["Reckless Charge","Carnage"],"picked":"Battle Trance","floor":10.0},{"not_picked":["Feel No Pain","Warcry","Flex"],"picked":"SKIP","floor":11.0},{"not_picked":["Barricade","Armaments"],"picked":"Perfected Strike","floor":14.0},{"not_picked":["Juggernaut","Double Tap"],"picked":"Demon Form","floor":16.0},{"not_picked":["Sword Boomerang","Reckless Charge"],"picked":"Wild Strike","floor":18.0},{"not_picked":["Rampage","Clash"],"picked":"Shrug It Off","floor":19.0},{"not_picked":["Iron Wave","Uppercut"],"picked":"Whirlwind","floor":20.0}],"player_experience":782612,"relics_obtained":[{"floor":6.0,"key":"Centennial Puzzle"},{"floor":9.0,"key":"Sundial"},{"floor":11.0,"key":"MawBank"}],"event_choices":[{"damage_healed":0.0,"max_hp_gain":0.0,"max_hp_loss":0.0,"gold_gain":150.0,"event_name":"Liars Game","player_choice":"AGREE","floor":3.0,"gold_loss":0.0,"damage_taken":0.0,"cards_obtained":["Doubt"]},{"damage_healed":0.0,"max_hp_gain":0.0,"max_hp_loss":0.0,"gold_gain":0.0,"event_name":"Upgrade Shrine","player_choice":"Upgraded","floor":4.0,"gold_loss":0.0,"damage_taken":0.0,"cards_upgraded":["Perfected Strike"]},{"cards_removed":["Doubt"],"damage_healed":0.0,"max_hp_gain":0.0,"max_hp_loss":0.0,"gold_gain":0.0,"event_name":"Fountain of Cleansing","player_choice":"Removed Curses","floor":7.0,"gold_loss":0.0,"damage_taken":0.0},{"damage_healed":0.0,"max_hp_gain":0.0,"max_hp_loss":0.0,"gold_gain":50.0,"event_name":"Golden Shrine","player_choice":"Pray","floor":13.0,"gold_loss":0.0,"damage_taken":0.0},{"damage_healed":0.0,"max_hp_gain":0.0,"max_hp_loss":0.0,"gold_gain":0.0,"event_name":"Ghosts","player_choice":"Ignored","floor":21.0,"gold_loss":0.0,"damage_taken":0.0},{"damage_healed":0.0,"max_hp_gain":0.0,"max_hp_loss":0.0,"gold_gain":0.0,"event_name":"Duplicator","player_choice":"Copied","floor":22.0,"gold_loss":0.0,"damage_taken":0.0,"cards_obtained":["Perfected Strike"]}],"is_beta":false,"boss_relics":[{"not_picked":["Black Star","Philosopher\u0027s Stone"],"picked":"Sozu"}],"items_purged_floors":[],"is_endless":false,"potions_floor_spawned":[5,6,10],"killed_by":"Book of Stabbing","ascension_level":20}