{"gold_per_floor":[113,127,203,214,214,214,225,225,225,254,254,267,267,267],"floor_reached":14,"playtime":354,"items_purged":[],"score":180,"play_id":"ed12c1fd-6228-4c51-a82b-b7b8b7c07322","local_time":"20190106201224","is_ascension_mode":true,"campfire_choices":[{"data":"Uppercut","floor":6,"key":"SMITH"},{"data":"Cleave","floor":8,"key":"SMITH"},{"floor":11,"key":"REST"}],"neow_cost":"NONE","seed_source_timestamp":1228459990719075,"circlet_count":0,"master_deck":["AscendersBane","Strike_R","Strike_R","Strike_R","Strike_R","Strike_R","Defend_R","Defend_R","Defend_R","Defend_R","Bash","True Grit","Headbutt","Uppercut+1","Cleave+1","True Grit","Shockwave","Shrug It Off"],"relics":["Burning Blood","Ice Cream","Thread and Needle"],"potions_floor_usage":[2],"damage_taken":[{"damage":7,"enemies":"Jaw Worm","floor":1,"turns":5},{"damage":7,"enemies":"Small Slimes","floor":2,"turns":4},{"damage":4,"enemies":"2 Louse","floor":4,"turns":3},{"damage":39,"enemies":"Exordium Thugs","floor":7,"turns":7},{"damage":33,"enemies":"3 Sentries","floor":10,"turns":7},{"damage":5,"enemies":"3 Louse","floor":12,"turns":3},{"damage":35,"enemies":"Lagavulin","floor":14,"turns":8}],"seed_played":"202773674777218194","potions_obtained":[{"floor":1,"key":"PowerPotion"}],"is_trial":false,"path_per_floor":["M","M","?","M","?","R","M","R","T","E","R","M","?","E"],"character_chosen":"IRONCLAD","items_purchased":[],"campfire_rested":1,"item_purchase_floors":[],"current_hp_per_floor":[67,66,66,68,68,68,35,35,35,8,30,31,31,0],"gold":267,"neow_bonus":"THREE_CARDS","is_prod":false,"is_daily":false,"chose_seed":false,"campfire_upgraded":2,"win_rate":0,"timestamp":1546773144,"path_taken":["M","M","?","M","?","R","M","R","T","E","R","M","?","E"],"build_version":"2019-01-03v4","purchased_purges":0,"victory":false,"max_hp_per_floor":[75,75,75,75,75,75,75,75,75,75,75,75,75,75],"card_choices":[{"not_picked":["Sword Boomerang","Flex"],"picked":"True Grit","floor":0},{"not_picked":["Anger","Infernal Blade"],"picked":"Headbutt","floor":1},{"not_picked":["Rage","Entrench"],"picked":"Uppercut","floor":2},{"not_picked":["Shrug It Off","Clothesline"],"picked":"Cleave","floor":4},{"not_picked":["Clothesline","Blood for Blood"],"picked":"True Grit","floor":7},{"not_picked":["Dropkick","Rampage"],"picked":"Shockwave","floor":10},{"not_picked":["Body Slam","Warcry"],"picked":"Shrug It Off","floor":12}],"player_experience":838737,"relics_obtained":[{"floor":9,"key":"Ice Cream"},{"floor":10,"key":"Thread and Needle"}],"event_choices":[{"damage_healed":0,"gold_gain":76,"player_choice":"Gained Gold","damage_taken":0,"max_hp_gain":0,"max_hp_loss":0,"event_name":"Golden Wing","floor":3,"gold_loss":0},{"damage_healed":0,"gold_gain":0,"player_choice":"Ignored","damage_taken":0,"max_hp_gain":0,"max_hp_loss":0,"event_name":"Liars Game","floor":5,"gold_loss":0},{"damage_healed":0,"gold_gain":0,"player_choice":"Ignored","damage_taken":0,"max_hp_gain":0,"max_hp_loss":0,"event_name":"Shining Light","floor":13,"gold_loss":0}],"is_beta":false,"boss_relics":[],"items_purged_floors":[],"is_endless":false,"potions_floor_spawned":[1],"killed_by":"Lagavulin","ascension_level":20}