{"gold_per_floor":[117,127,127,127,127,187,37,37,63,75,94,108,108,122,122,218,218,229,239,107,22,34,46,72,96,179,209,221,233],"floor_reached":29,"playtime":1765,"items_purged":["Strike_R"],"score":297,"play_id":"19cded0a-af3f-4778-95ad-e1b5d3ab776e","local_time":"20181021110305","is_ascension_mode":true,"campfire_choices":[{"data":"Armaments","floor":13.0,"key":"SMITH"},{"data":"Fiend Fire","floor":15.0,"key":"SMITH"},{"data":"Limit Break","floor":23.0,"key":"SMITH"}],"neow_cost":"PERCENT_DAMAGE","seed_source_timestamp":0,"circlet_count":0,"master_deck":["Strike_R","Strike_R","Strike_R","Strike_R","Defend_R","Defend_R+1","Defend_R+1","Defend_R","Bash","Anger+1","Flex+1","Shrug It Off","Feed","Armaments+1","Fiend Fire+1","Limit Break+1","Burning Pact+1","Inflame","Anger"],"special_seed":0,"relics":["Black Blood","Tiny Chest","Centennial Puzzle","Smiling Mask","MawBank","Self Forming Clay","Dodecahedron","Bronze Scales"],"potions_floor_usage":[],"damage_taken":[{"damage":9.0,"enemies":"Jaw Worm","floor":1.0,"turns":5.0},{"damage":4.0,"enemies":"Small Slimes","floor":2.0,"turns":4.0},{"damage":22.0,"enemies":"Lagavulin","floor":6.0,"turns":6.0},{"damage":0.0,"enemies":"Cultist","floor":10.0,"turns":3.0},{"damage":0.0,"enemies":"3 Louse","floor":11.0,"turns":4.0},{"damage":0.0,"enemies":"Blue Slaver","floor":12.0,"turns":4.0},{"damage":1.0,"enemies":"Exordium Wildlife","floor":14.0,"turns":3.0},{"damage":32.0,"enemies":"Slime Boss","floor":16.0,"turns":10.0},{"damage":24.0,"enemies":"3 Byrds","floor":18.0,"turns":5.0},{"damage":22.0,"enemies":"Spheric Guardian","floor":19.0,"turns":4.0},{"damage":22.0,"enemies":"Centurion and Healer","floor":24.0,"turns":4.0},{"damage":20.0,"enemies":"Cultist and Chosen","floor":25.0,"turns":4.0},{"damage":30,"enemies":"3 Cultists","floor":27,"turns":5},{"damage":43,"enemies":"Shelled Parasite and Fungi","floor":29,"turns":3}],"seed_played":"-7957473504154637482","potions_obtained":[{"floor":2.0,"key":"Ancient Potion"},{"floor":4.0,"key":"Poison Potion"},{"floor":4.0,"key":"BloodPotion"},{"floor":6.0,"key":"Ancient Potion"},{"floor":11.0,"key":"AttackPotion"},{"floor":16.0,"key":"Explosive Potion"},{"floor":19.0,"key":"Poison Potion"}],"is_trial":false,"path_per_floor":["M","M","?","?","?","E","$","?","T","M","M","M","R","M","R","B",null,"M","M","$","?","T","R","M","M","T","M","T"],"character_chosen":"IRONCLAD","items_purchased":["Centennial Puzzle","Inflame"],"campfire_rested":0,"item_purchase_floors":[7,20],"current_hp_per_floor":[69,71,52,52,52,45,45,45,45,51,60,66,66,74,74,48,102,88,80,80,80,80,80,68,58,58,41,41,0],"gold":233,"neow_bonus":"TWENTY_PERCENT_HP_BONUS","is_prod":false,"is_daily":false,"chose_seed":false,"campfire_upgraded":3,"win_rate":0,"timestamp":1540081985,"path_taken":["M","M","?","?","?","E","?","?","T","M","?","M","R","M","R","BOSS","M","M","$","?","?","R","?","M","T","M","?","M"],"build_version":"2018-10-18","purchased_purges":1,"victory":false,"max_hp_per_floor":[96,96,96,96,96,96,96,96,96,96,99,99,99,102,102,102,102,102,106,106,106,106,106,106,106,106,109,109,109],"card_choices":[{"not_picked":["Armaments","Body Slam"],"picked":"Anger","floor":1.0},{"not_picked":["Wild Strike","True Grit"],"picked":"Flex","floor":2.0},{"not_picked":["Dropkick","Headbutt"],"picked":"Shrug It Off","floor":6.0},{"not_picked":["Twin Strike","Headbutt"],"picked":"Feed","floor":10.0},{"not_picked":["Wild Strike","Searing Blow"],"picked":"Armaments","floor":11.0},{"not_picked":["Clash","Headbutt","Wild Strike"],"picked":"SKIP","floor":12.0},{"not_picked":["Sentinel","Clash"],"picked":"Fiend Fire","floor":14.0},{"not_picked":["Juggernaut","Immolate"],"picked":"Limit Break","floor":16.0},{"not_picked":["Iron Wave","Pummel","Twin Strike"],"picked":"SKIP","floor":18.0},{"not_picked":["Rage","True Grit"],"picked":"Burning Pact+1","floor":19.0},{"not_picked":["Thunderclap","Sword Boomerang","Bludgeon"],"picked":"SKIP","floor":24.0},{"not_picked":["Twin Strike","Wild Strike"],"picked":"Anger","floor":25.0},{"not_picked":["Pommel Strike+1","Thunderclap+1","Iron Wave"],"picked":"SKIP","floor":27}],"player_experience":325669,"relics_obtained":[{"floor":6.0,"key":"Tiny Chest"},{"floor":9.0,"key":"Smiling Mask"},{"floor":22.0,"key":"Self Forming Clay"},{"floor":26,"key":"Dodecahedron"},{"floor":28,"key":"Bronze Scales"}],"event_choices":[{"damage_healed":0.0,"max_hp_gain":0.0,"max_hp_loss":0.0,"gold_gain":0.0,"event_name":"Shining Light","player_choice":"Entered Light","floor":3.0,"gold_loss":0.0,"damage_taken":19.0,"cards_upgraded":["Defend_R","Defend_R"]},{"damage_healed":0.0,"max_hp_gain":0.0,"max_hp_loss":0.0,"gold_gain":0.0,"event_name":"The Lab","player_choice":"Got Potions","floor":4.0,"gold_loss":0.0,"damage_taken":0.0},{"damage_healed":0.0,"max_hp_gain":0.0,"max_hp_loss":0.0,"gold_gain":0.0,"event_name":"Living Wall","player_choice":"Grow","floor":5.0,"gold_loss":0.0,"damage_taken":0.0,"cards_upgraded":["Anger"]},{"damage_healed":0.0,"max_hp_gain":0.0,"max_hp_loss":0.0,"gold_gain":0.0,"event_name":"Accursed Blacksmith","player_choice":"Forge","floor":8.0,"gold_loss":0.0,"damage_taken":0.0,"cards_upgraded":["Flex"]},{"damage_healed":0.0,"max_hp_gain":0.0,"max_hp_loss":0.0,"gold_gain":0.0,"event_name":"Addict","player_choice":"Obtained Relic","floor":21.0,"gold_loss":85.0,"damage_taken":0.0,"relics_obtained":["MawBank"]}],"is_beta":false,"boss_relics":[{"not_picked":["White Beast Statue","Orrery"],"picked":"Black Blood"}],"items_purged_floors":[20],"is_endless":false,"potions_floor_spawned":[2,6,11,16,19,27],"killed_by":"Shelled Parasite and Fungi","ascension_level":4}