{"gold_per_floor":[115,130,142,158,171,171,197,35,35,35,67,79,111,122,122,122],"floor_reached":16,"playtime":427,"items_purged":[],"score":248,"play_id":"bec86215-38a6-48e7-8369-323b67b941a9","local_time":"20181215014752","is_ascension_mode":true,"campfire_choices":[{"data":"Whirlwind","floor":6.0,"key":"SMITH"},{"data":"Immolate","floor":15,"key":"SMITH"}],"neow_cost":"NONE","seed_source_timestamp":113823873256552,"circlet_count":0,"master_deck":["AscendersBane","Strike_R","Strike_R","Strike_R","Strike_R","Strike_R","Defend_R","Defend_R","Defend_R","Defend_R","Bash","Thunderclap","Thunderclap","Metallicize","Disarm","Whirlwind+1","Metallicize","Burning Pact+1","Immolate+1","Shrug It Off+1","Warcry+1"],"special_seed":0,"relics":["Burning Blood","Self Forming Clay","Pen Nib","Toxic Egg 2","The Courier","Regal Pillow"],"potions_floor_usage":[16],"damage_taken":[{"damage":6.0,"enemies":"Cultist","floor":1.0,"turns":4.0},{"damage":2.0,"enemies":"2 Louse","floor":2.0,"turns":3.0},{"damage":0.0,"enemies":"Small Slimes","floor":3.0,"turns":3.0},{"damage":4.0,"enemies":"2 Fungi Beasts","floor":4.0,"turns":3.0},{"damage":15.0,"enemies":"Blue Slaver","floor":5.0,"turns":6.0},{"damage":31.0,"enemies":"3 Sentries","floor":7.0,"turns":4.0},{"damage":23.0,"enemies":"Gremlin Nob","floor":11.0,"turns":4.0},{"damage":7.0,"enemies":"Looter","floor":12.0,"turns":5.0},{"damage":24,"enemies":"Lagavulin","floor":13,"turns":7},{"damage":11,"enemies":"Exordium Thugs","floor":14,"turns":3},{"damage":0,"enemies":"Slime Boss","floor":16,"turns":4}],"seed_played":"4987387388532355083","potions_obtained":[{"floor":2.0,"key":"PowerPotion"},{"floor":5.0,"key":"Poison Potion"},{"floor":7.0,"key":"LiquidBronze"},{"floor":13,"key":"SkillPotion"}],"is_trial":false,"path_per_floor":["M","M","M","M","M","R","E","$","T","?","E","M","E","M","R","B"],"character_chosen":"IRONCLAD","items_purchased":["Pen Nib"],"campfire_rested":0,"item_purchase_floors":[8],"current_hp_per_floor":[75,79,82,82,73,73,48,48,48,48,31,30,12,7,7,7],"gold":122,"neow_bonus":"TEN_PERCENT_HP_BONUS","is_prod":false,"is_daily":false,"chose_seed":false,"campfire_upgraded":2,"win_rate":0,"timestamp":1544806072,"path_taken":["M","M","?","M","M","R","E","?","T","?","E","M","E","M","R","BOSS"],"build_version":"2018-12-13","purchased_purges":0,"victory":false,"max_hp_per_floor":[82,82,82,82,82,82,82,82,82,82,82,82,82,82,82,82],"card_choices":[{"not_picked":["Clothesline","Heavy Blade"],"picked":"Thunderclap","floor":1.0},{"not_picked":["Carnage","Infernal Blade"],"picked":"Thunderclap","floor":2.0},{"not_picked":["Twin Strike","Anger"],"picked":"Metallicize","floor":3.0},{"not_picked":["Armaments","Twin Strike"],"picked":"Disarm","floor":4.0},{"not_picked":["Iron Wave","Warcry"],"picked":"Whirlwind","floor":5.0},{"not_picked":["Headbutt","Seeing Red"],"picked":"Metallicize","floor":7.0},{"not_picked":["Havoc+1","Corruption"],"picked":"Burning Pact+1","floor":11.0},{"not_picked":["Pommel Strike","Headbutt"],"picked":"Immolate","floor":12.0},{"not_picked":["Sword Boomerang","Cleave"],"picked":"Shrug It Off+1","floor":13},{"not_picked":["Barricade","Anger"],"picked":"Warcry+1","floor":14}],"player_experience":790636,"relics_obtained":[{"floor":7.0,"key":"Self Forming Clay"},{"floor":9.0,"key":"Toxic Egg 2"},{"floor":11.0,"key":"The Courier"},{"floor":13,"key":"Regal Pillow"}],"event_choices":[{"damage_healed":0.0,"max_hp_gain":0.0,"max_hp_loss":0.0,"gold_gain":0.0,"event_name":"Golden Idol","player_choice":"Ignored","floor":10.0,"gold_loss":0.0,"damage_taken":0.0}],"is_beta":false,"boss_relics":[],"items_purged_floors":[],"is_endless":false,"potions_floor_spawned":[2,5,7,13,14],"killed_by":"Slime Boss","ascension_level":20}