{"gold_per_floor":[118,130,26,38,213,213,244,244,244,244,244,271,53,79,79,182,182,195,195,54,73,172,172,189,220,220,220,220,255,290,390,390,491,491,506,129,148,107,117,117,142,364,389,389,402,39,39,52,52,52],"floor_reached":50,"playtime":2072,"items_purged":["Strike_G","Strike_G","Survivor","Pain"],"score":593,"play_id":"affbbb73-7113-4e23-ad2b-fa392028cf4a","local_time":"20181113200049","is_ascension_mode":true,"campfire_choices":[{"data":"Envenom","floor":6,"key":"SMITH"},{"data":"Infinite Blades","floor":8,"key":"SMITH"},{"floor":15,"key":"REST"},{"data":"A Thousand Cuts","floor":23,"key":"SMITH"},{"data":"Noxious Fumes","floor":27,"key":"SMITH"},{"floor":32,"key":"REST"},{"data":"Infinite Blades","floor":40,"key":"SMITH"},{"data":"Footwork","floor":49,"key":"SMITH"}],"neow_cost":"NONE","seed_source_timestamp":706790334804356,"circlet_count":0,"master_deck":["Defend_G+1","Defend_G+1","Defend_G+1","Defend_G+1","Defend_G+1","Neutralize","Deadly Poison","Poisoned Stab","Bane","Infinite Blades+1","Envenom+1","Dagger Spray","Footwork+1","Bane","Cloak And Dagger","A Thousand Cuts+1","Necronomicurse","Footwork","Deadly Poison","Noxious Fumes+1","Slice+1","Bane+1","Infinite Blades+1","Slice+1","Blade Dance","Slice+1"],"relics":["Ring of the Snake","Art of War","WingedGreaves","Ornamental Fan","Bag of Preparation","PreservedInsect","Ninja Scroll","Busted Crown","Necronomicon","Bag of Marbles","Bird Faced Urn","Dream Catcher","Red Mask","Empty Cage","Meat on the Bone","Lantern","Boot","WarpedTongs","TwistedFunnel","Strawberry"],"potions_floor_usage":[14,16,24,29,33,39,50,50],"damage_taken":[{"damage":1,"enemies":"2 Louse","floor":1,"turns":4},{"damage":4,"enemies":"Jaw Worm","floor":2,"turns":4},{"damage":0,"enemies":"Cultist","floor":4,"turns":3},{"damage":28,"enemies":"3 Sentries","floor":7,"turns":7},{"damage":6,"enemies":"Gremlin Nob","floor":12,"turns":4},{"damage":0,"enemies":"Lagavulin","floor":14,"turns":3},{"damage":28,"enemies":"Slime Boss","floor":16,"turns":10},{"damage":0,"enemies":"Chosen","floor":18,"turns":4},{"damage":0,"enemies":"3 Byrds","floor":21,"turns":3},{"damage":25,"enemies":"Snake Plant","floor":24,"turns":4},{"damage":11,"enemies":"Book of Stabbing","floor":25,"turns":3},{"damage":24,"enemies":"Slavers","floor":29,"turns":5},{"damage":6,"enemies":"Masked Bandits","floor":30,"turns":3},{"damage":42,"enemies":"Collector","floor":33,"turns":8},{"damage":14,"enemies":"Orb Walker","floor":35,"turns":3},{"damage":6,"enemies":"3 Shapes","floor":37,"turns":3},{"damage":31,"enemies":"Writhing Mass","floor":39,"turns":5},{"damage":28,"enemies":"Maw","floor":45,"turns":5},{"damage":0,"enemies":"Spire Growth","floor":48,"turns":4},{"damage":77,"enemies":"Time Eater","floor":50,"turns":8}],"seed_played":"2019180480358947731","potions_obtained":[{"floor":4,"key":"Weak Potion"},{"floor":12,"key":"Fire Potion"},{"floor":14,"key":"SneckoOil"},{"floor":16,"key":"Fruit Juice"},{"floor":25,"key":"Ancient Potion"},{"floor":30,"key":"Ancient Potion"},{"floor":33,"key":"Dexterity Potion"},{"floor":37,"key":"AttackPotion"},{"floor":45,"key":"FearPotion"}],"is_trial":false,"path_per_floor":["M","M","$","M","?","R","E","R","T","?","?","E","$","E","R","B",null,"M","?","$","M","?","R","M","E","T","R","?","E","?","?","R","B",null,"M","$","M","$","M","R","T","?","T","?","M","$","T","M","R","B"],"character_chosen":"THE_SILENT","items_purchased":["Bane","Infinite Blades","PreservedInsect","Footwork","Meat on the Bone","Infinite Blades","TwistedFunnel","Blade Dance"],"campfire_rested":2,"item_purchase_floors":[3,3,13,20,36,38,46,46],"current_hp_per_floor":[69,65,65,65,65,65,37,37,37,30,30,24,24,24,45,17,70,70,54,54,54,54,54,34,23,23,23,23,11,13,13,35,5,75,61,61,61,61,44,44,44,44,44,44,42,42,49,61,61,0],"gold":52,"neow_bonus":"RANDOM_COMMON_RELIC","is_prod":false,"is_daily":false,"chose_seed":false,"campfire_upgraded":6,"win_rate":0,"timestamp":1542101449,"path_taken":["M","M","$","M","?","R","E","R","T","?","?","E","$","E","R","BOSS","M","?","$","M","?","R","M","E","T","R","?","E","?","?","R","BOSS","M","?","M","$","?","R","?","?","T","?","?","$","?","?","R","BOSS"],"build_version":"2018-11-08","purchased_purges":4,"victory":false,"max_hp_per_floor":[70,70,70,70,70,70,70,70,70,70,70,70,70,70,70,70,70,70,70,70,70,70,70,75,75,75,75,75,75,75,75,75,75,75,75,75,75,75,75,75,75,75,75,75,75,75,82,82,82,82],"card_choices":[{"not_picked":["Flying Knee","Backflip"],"picked":"Deadly Poison","floor":1},{"not_picked":["Underhanded Strike","Quick Slash"],"picked":"Poisoned Stab","floor":2},{"not_picked":["Distraction","PiercingWail"],"picked":"Envenom","floor":4},{"not_picked":["Underhanded Strike","Deadly Poison"],"picked":"Dagger Spray","floor":7},{"not_picked":["Quick Slash","Dodge and Roll"],"picked":"Bane","floor":12},{"not_picked":["Backstab","Slice"],"picked":"Cloak And Dagger","floor":14},{"not_picked":["Venomology","Phantasmal Killer"],"picked":"A Thousand Cuts","floor":16},{"not_picked":["Eviscerate"],"picked":"SKIP","floor":18},{"not_picked":[],"picked":"Deadly Poison","floor":21},{"not_picked":["Outmaneuver+1"],"picked":"SKIP","floor":24},{"not_picked":[],"picked":"Noxious Fumes","floor":25},{"not_picked":["Night Terror"],"picked":"SKIP","floor":29},{"not_picked":[],"picked":"Slice+1","floor":30},{"not_picked":[],"picked":"Bane+1","floor":35},{"not_picked":["Acrobatics+1"],"picked":"SKIP","floor":37},{"not_picked":[],"picked":"Slice+1","floor":39},{"not_picked":["Sucker Punch"],"picked":"SKIP","floor":45},{"not_picked":[],"picked":"Slice+1","floor":48}],"player_experience":398832,"relics_obtained":[{"floor":7,"key":"WingedGreaves"},{"floor":9,"key":"Ornamental Fan"},{"floor":12,"key":"Bag of Preparation"},{"floor":14,"key":"Ninja Scroll"},{"floor":19,"key":"Necronomicon"},{"floor":25,"key":"Bag of Marbles"},{"floor":26,"key":"Bird Faced Urn"},{"floor":29,"key":"Dream Catcher"},{"floor":30,"key":"Red Mask"},{"floor":41,"key":"Lantern"},{"floor":43,"key":"Boot"},{"floor":47,"key":"Strawberry"}],"event_choices":[{"damage_healed":0,"gold_gain":175,"player_choice":"AGREE","damage_taken":0,"max_hp_gain":0,"max_hp_loss":0,"event_name":"Liars Game","floor":5,"gold_loss":0,"cards_obtained":["Doubt"]},{"cards_removed":["Doubt"],"damage_healed":0,"gold_gain":0,"player_choice":"Card Removal","damage_taken":7,"max_hp_gain":0,"max_hp_loss":0,"event_name":"Golden Wing","floor":10,"gold_loss":0},{"damage_healed":0,"gold_gain":0,"cards_transformed":["Strike_G"],"player_choice":"Transformed","damage_taken":0,"max_hp_gain":0,"max_hp_loss":0,"event_name":"Transmorgrifier","floor":11,"gold_loss":0,"cards_obtained":["Footwork"]},{"damage_healed":0,"gold_gain":0,"player_choice":"Obtained Book","damage_taken":16,"max_hp_gain":0,"max_hp_loss":0,"event_name":"Cursed Tome","floor":19,"gold_loss":0},{"damage_healed":0,"gold_gain":99,"player_choice":"Stole From Cult","damage_taken":0,"max_hp_gain":0,"max_hp_loss":0,"event_name":"Nest","floor":22,"gold_loss":0},{"damage_healed":0,"gold_gain":0,"player_choice":"Simplicity","damage_taken":0,"max_hp_gain":0,"max_hp_loss":0,"event_name":"Back to Basics","floor":28,"gold_loss":0,"cards_upgraded":["Defend_G","Defend_G","Defend_G","Defend_G","Defend_G","Strike_G","Strike_G"]},{"damage_healed":0,"gold_gain":0,"player_choice":"Fought Bandits","damage_taken":0,"max_hp_gain":0,"max_hp_loss":0,"event_name":"Masked Bandits","floor":30,"gold_loss":0},{"damage_healed":0,"gold_gain":100,"player_choice":"Pray","damage_taken":0,"max_hp_gain":0,"max_hp_loss":0,"event_name":"Golden Shrine","floor":31,"gold_loss":0},{"damage_healed":0,"gold_gain":222,"player_choice":"Wore Mask","damage_taken":0,"max_hp_gain":0,"max_hp_loss":0,"event_name":"Tomb of Lord Red Mask","floor":42,"gold_loss":0},{"damage_healed":0,"gold_gain":0,"player_choice":"Rummage","damage_taken":0,"relics_obtained":["WarpedTongs"],"max_hp_gain":0,"max_hp_loss":0,"event_name":"Accursed Blacksmith","floor":44,"gold_loss":0,"cards_obtained":["Pain"]}],"is_beta":false,"boss_relics":[{"not_picked":["White Beast Statue","Coffee Dripper"],"picked":"Busted Crown"},{"not_picked":["Runic Dome","Pandora\u0027s Box"],"picked":"Empty Cage"}],"items_purged_floors":[13,20,36,46],"is_endless":false,"potions_floor_spawned":[4,12,14,16,25,30,33,37,45],"killed_by":"Time Eater","ascension_level":1}