{"gold_per_floor":[114,131,131,148,160,160,185,185,185,26,39,53,83,83,83,83],"floor_reached":16,"playtime":387,"items_purged":["Pain"],"score":199,"play_id":"8d7dc931-e69f-49fa-9748-96e3a8d5473d","local_time":"20190111021258","is_ascension_mode":true,"campfire_choices":[{"data":"Dagger Spray","floor":6.0,"key":"SMITH"},{"data":"Terror","floor":15,"key":"SMITH"}],"neow_cost":"NONE","seed_source_timestamp":36270987548319,"circlet_count":0,"master_deck":["AscendersBane","Defend_G","Defend_G","Defend_G","Defend_G","Defend_G","Strike_G","Strike_G","Strike_G","Strike_G","Survivor","Neutralize","Finesse","Flying Knee","Dagger Spray+1","Flechettes","Quick Slash","All Out Attack","Terror+1","Footwork"],"special_seed":0,"relics":["Ring of the Snake","Ornamental Fan","WarpedTongs","Bottled Flame"],"potions_floor_usage":[16],"damage_taken":[{"damage":1.0,"enemies":"Small Slimes","floor":1.0,"turns":4.0},{"damage":0.0,"enemies":"2 Louse","floor":2.0,"turns":2.0},{"damage":1.0,"enemies":"Cultist","floor":4.0,"turns":4.0},{"damage":14.0,"enemies":"Large Slime","floor":5.0,"turns":5.0},{"damage":52.0,"enemies":"Lagavulin","floor":7.0,"turns":8.0},{"damage":0.0,"enemies":"3 Louse","floor":11.0,"turns":2.0},{"damage":0.0,"enemies":"Exordium Wildlife","floor":12.0,"turns":2.0},{"damage":16,"enemies":"Hexaghost","floor":16,"turns":9}],"seed_played":"5324792611763404292","potions_obtained":[{"floor":2.0,"key":"GhostInAJar"},{"floor":5.0,"key":"Regen Potion"},{"floor":12.0,"key":"Swift Potion"}],"is_trial":false,"path_per_floor":["M","M","?","M","M","R","E","?","T","$","M","M","?","?","R","B"],"character_chosen":"THE_SILENT","items_purchased":["Regen Potion"],"campfire_rested":0,"item_purchase_floors":[10],"current_hp_per_floor":[58,58,58,57,43,43,6,6,6,6,11,11,11,11,11,0],"gold":83,"neow_bonus":"RANDOM_COLORLESS","is_prod":false,"is_daily":false,"chose_seed":false,"campfire_upgraded":2,"win_rate":0,"timestamp":1547140378,"path_taken":["M","M","?","M","M","R","E","?","T","$","M","?","?","?","R","BOSS"],"build_version":"2019-01-03v4","purchased_purges":1,"victory":false,"max_hp_per_floor":[66,66,66,66,66,66,66,66,66,66,66,66,66,66,66,66],"card_choices":[{"not_picked":["Backflip","Bane"],"picked":"Flying Knee","floor":1.0},{"not_picked":["Cloak And Dagger","Setup"],"picked":"Dagger Spray","floor":2.0},{"not_picked":["Prepared","Outmaneuver"],"picked":"Flechettes","floor":4.0},{"not_picked":["PiercingWail","Catalyst"],"picked":"Quick Slash","floor":5.0},{"not_picked":["Eviscerate","Wraith Form v2"],"picked":"All Out Attack","floor":7.0},{"not_picked":["Acrobatics","Concentrate"],"picked":"Terror","floor":11.0},{"not_picked":["Sucker Punch","Endless Agony"],"picked":"Footwork","floor":12.0}],"player_experience":844466,"relics_obtained":[{"floor":7.0,"key":"Ornamental Fan"},{"floor":9.0,"key":"Bottled Flame"}],"event_choices":[{"cards_removed":["Strike_G"],"damage_healed":0.0,"max_hp_gain":0.0,"max_hp_loss":0.0,"gold_gain":0.0,"event_name":"Living Wall","player_choice":"Forget","floor":3.0,"gold_loss":0.0,"damage_taken":0.0},{"damage_healed":0.0,"max_hp_gain":0.0,"max_hp_loss":0.0,"gold_gain":0.0,"event_name":"Accursed Blacksmith","player_choice":"Rummage","floor":8.0,"gold_loss":0.0,"damage_taken":0.0,"relics_obtained":["WarpedTongs"],"cards_obtained":["Pain"]},{"damage_healed":0,"gold_gain":30,"player_choice":"Searched \u00271\u0027 times","damage_taken":0,"max_hp_gain":0,"max_hp_loss":0,"event_name":"Dead Adventurer","floor":13,"gold_loss":0},{"damage_healed":0,"gold_gain":0,"player_choice":"Ignored","damage_taken":0,"max_hp_gain":0,"max_hp_loss":0,"event_name":"Golden Idol","floor":14,"gold_loss":0}],"is_beta":false,"boss_relics":[],"items_purged_floors":[10],"is_endless":false,"potions_floor_spawned":[2,5,12],"killed_by":"Hexaghost","ascension_level":19}