{"gold_per_floor":[10,10,27,43,62,62,82,82,106,131,169,181,223,248,260,272],"floor_reached":16,"playtime":447,"items_purged":[],"score":278,"play_id":"680ba637-4024-4c3e-9cc1-dcde469a2f81","local_time":"20181216201550","is_ascension_mode":true,"campfire_choices":[{"data":"Defragment","floor":6.0,"key":"SMITH"},{"data":"Zap","floor":8.0,"key":"SMITH"},{"data":"Capacitor","floor":12.0,"key":"SMITH"},{"data":"Coolheaded","floor":15.0,"key":"SMITH"}],"neow_cost":"NO_GOLD","seed_source_timestamp":266716981597482,"circlet_count":0,"master_deck":["AscendersBane","Strike_B","Strike_B","Strike_B","Strike_B","Defend_B","Defend_B","Defend_B","Defend_B","Zap+1","Dualcast","Glacier","Pain","Capacitor","Conserve Battery","Defragment+1","Leap","Capacitor+1","Core Surge","Coolheaded+1","Cold Snap"],"special_seed":0,"relics":["Cracked Core","WarpedTongs","MawBank","PreservedInsect","DataDisk"],"potions_floor_usage":[16],"damage_taken":[{"damage":2.0,"enemies":"Jaw Worm","floor":1.0,"turns":4.0},{"damage":5.0,"enemies":"Cultist","floor":3.0,"turns":4.0},{"damage":5.0,"enemies":"2 Louse","floor":4.0,"turns":4.0},{"damage":4.0,"enemies":"Looter","floor":5.0,"turns":3.0},{"damage":10.0,"enemies":"Large Slime","floor":7.0,"turns":6.0},{"damage":18.0,"enemies":"Exordium Thugs","floor":10.0,"turns":5.0},{"damage":3.0,"enemies":"Lagavulin","floor":11.0,"turns":8.0},{"damage":16.0,"enemies":"Gremlin Nob","floor":13.0,"turns":4.0},{"damage":2.0,"enemies":"Exordium Wildlife","floor":14.0,"turns":5.0},{"damage":16,"enemies":"The Guardian","floor":16,"turns":4}],"seed_played":"-5458927642322073876","potions_obtained":[{"floor":4.0,"key":"Explosive Potion"},{"floor":5.0,"key":"AttackPotion"},{"floor":7.0,"key":"Strength Potion"},{"floor":11.0,"key":"Swift Potion"},{"floor":14.0,"key":"Dexterity Potion"}],"is_trial":false,"path_per_floor":["M","?","M","M","M","R","M","R","T","M","E","R","E","M","R","B"],"character_chosen":"DEFECT","items_purchased":[],"campfire_rested":0,"item_purchase_floors":[],"current_hp_per_floor":[76,76,71,66,62,62,52,52,52,34,31,31,15,13,13,0],"gold":272,"neow_bonus":"TWENTY_PERCENT_HP_BONUS","is_prod":false,"is_daily":false,"chose_seed":false,"campfire_upgraded":4,"win_rate":0,"timestamp":1544958950,"path_taken":["M","?","M","?","M","R","M","R","T","M","E","R","E","M","R","BOSS"],"build_version":"2018-12-13","purchased_purges":0,"victory":false,"max_hp_per_floor":[85,85,85,85,85,85,85,85,85,85,85,85,85,85,85,85],"card_choices":[{"not_picked":["Barrage","Leap"],"picked":"Glacier","floor":1.0},{"not_picked":["Sweeping Beam","Conserve Battery"],"picked":"Capacitor","floor":3.0},{"not_picked":["Skim","Rebound"],"picked":"Conserve Battery","floor":4.0},{"not_picked":["Double Energy","Gash"],"picked":"Defragment","floor":5.0},{"not_picked":["Gash","Go for the Eyes"],"picked":"Leap","floor":7.0},{"not_picked":["Leap","White Noise"],"picked":"Capacitor","floor":10.0},{"not_picked":["Turbo","Scrape"],"picked":"Core Surge","floor":11.0},{"not_picked":["Leap","Rebound"],"picked":"Coolheaded","floor":13.0},{"not_picked":["Beam Cell","Ball Lightning"],"picked":"Cold Snap","floor":14.0}],"player_experience":802964,"relics_obtained":[{"floor":9.0,"key":"MawBank"},{"floor":11.0,"key":"PreservedInsect"},{"floor":13.0,"key":"DataDisk"}],"event_choices":[{"damage_healed":0.0,"max_hp_gain":0.0,"max_hp_loss":0.0,"gold_gain":0.0,"event_name":"Accursed Blacksmith","player_choice":"Rummage","floor":2.0,"gold_loss":0.0,"damage_taken":0.0,"relics_obtained":["WarpedTongs"],"cards_obtained":["Pain"]}],"is_beta":false,"boss_relics":[],"items_purged_floors":[],"is_endless":false,"potions_floor_spawned":[4,5,7,11,14],"killed_by":"The Guardian","ascension_level":20}