{"gold_per_floor":[360,371,88,103,103,103,136,158,158,171,171,183,28,58,58,156,156,168,183,183,193,193,193,220,220,271,271,298,298,372,382,382,482,482,498,516,616,144,163,163,175,195,195,214,114,114,128,139,139,139],"floor_reached":51,"playtime":2468,"items_purged":["Bouncing Flask","Deadly Poison"],"score":909,"play_id":"fe06cb26-64b2-495b-826d-95519c8bd47e","local_time":"20181010201547","is_ascension_mode":true,"campfire_choices":[{"floor":6,"key":"REST"},{"data":"Noxious Fumes","floor":11,"key":"SMITH"},{"data":"Noxious Fumes","floor":15,"key":"SMITH"},{"data":"Ghostly","floor":23,"key":"SMITH"},{"data":"Distraction","floor":25,"key":"SMITH"},{"data":"Ghostly","floor":27,"key":"SMITH"},{"data":"Ghostly","floor":29,"key":"SMITH"},{"data":"Burst","floor":32,"key":"SMITH"},{"floor":40,"key":"REST"},{"floor":49,"key":"REST"}],"neow_cost":"PERCENT_DAMAGE","seed_source_timestamp":195271320824967,"circlet_count":0,"master_deck":["Defend_G","Defend_G","Defend_G","Defend_G","Strike_G","Strike_G","Strike_G","Strike_G","Strike_G","Survivor","Neutralize","Distraction+1","Noxious Fumes+1","Bane","Sucker Punch","Poisoned Stab","Noxious Fumes+1","Burst+1","Bane","Catalyst+1","Poisoned Stab","Ghostly+1","Ghostly+1","Ghostly+1","Ghostly+1","Ghostly+1","Distraction+1","Burst","Caltrops","Envenom+1","Footwork+1","Crippling Poison","Skewer+1"],"relics":["Ring of the Snake","Bronze Scales","Meat on the Bone","Odd Mushroom","Bag of Preparation","Anchor","Question Card","Sozu","Sundial","Bag of Marbles","War Paint","Bottled Tornado","Fusion Hammer","Frozen Egg 2","Snake Skull"],"potions_floor_usage":[7,35],"damage_taken":[{"damage":4,"enemies":"Cultist","floor":1,"turns":5},{"damage":8,"enemies":"2 Louse","floor":2,"turns":2},{"damage":4,"enemies":"Jaw Worm","floor":4,"turns":3},{"damage":17,"enemies":"Lagavulin","floor":7,"turns":5},{"damage":19,"enemies":"The Mushroom Lair","floor":8,"turns":4},{"damage":7,"enemies":"2 Fungi Beasts","floor":10,"turns":3},{"damage":0,"enemies":"Looter","floor":12,"turns":3},{"damage":17,"enemies":"3 Sentries","floor":14,"turns":5},{"damage":4,"enemies":"The Guardian","floor":16,"turns":7},{"damage":28,"enemies":"Spheric Guardian","floor":18,"turns":4},{"damage":26,"enemies":"2 Thieves","floor":19,"turns":3},{"damage":40,"enemies":"3 Cultists","floor":21,"turns":5},{"damage":3,"enemies":"Gremlin Leader","floor":24,"turns":6},{"damage":3,"enemies":"Slavers","floor":28,"turns":5},{"damage":0,"enemies":"Snake Plant","floor":31,"turns":3},{"damage":1,"enemies":"Collector","floor":33,"turns":6},{"damage":2,"enemies":"3 Shapes","floor":35,"turns":4},{"damage":0,"enemies":"Orb Walker","floor":36,"turns":2},{"damage":3,"enemies":"Spire Growth","floor":39,"turns":5},{"damage":1,"enemies":"Maw","floor":41,"turns":5},{"damage":3,"enemies":"3 Darklings","floor":42,"turns":5},{"damage":1,"enemies":"Reptomancer","floor":44,"turns":4},{"damage":4,"enemies":"4 Shapes","floor":47,"turns":5},{"damage":1,"enemies":"Spire Growth","floor":48,"turns":5},{"damage":4,"enemies":"Donu and Deca","floor":50,"turns":7}],"seed_played":"1100539577650069084","potions_obtained":[{"floor":2,"key":"Energy Potion"},{"floor":4,"key":"PowerPotion"},{"floor":12,"key":"SpeedPotion"}],"is_trial":false,"path_per_floor":["M","M","$","M","?","R","E","?","T","M","R","M","$","E","R","B",null,"M","M","?","M","?","R","E","R","T","R","E","R","T","M","R","B",null,"M","M","?","$","M","R","M","M","T","M","$","?","M","M","R","B"],"character_chosen":"THE_SILENT","items_purchased":["Bronze Scales","Noxious Fumes","Bane","Anchor","Frozen Egg 2","Envenom+1"],"campfire_rested":3,"item_purchase_floors":[3,3,3,13,38,38],"current_hp_per_floor":[45,37,37,33,33,54,37,30,30,35,35,47,47,42,42,38,70,42,28,80,52,40,40,37,37,37,37,34,34,34,34,34,33,40,38,38,38,38,35,40,39,36,36,35,35,35,31,30,40,36],"gold":139,"neow_bonus":"TWO_FIFTY_GOLD","is_prod":false,"is_daily":false,"chose_seed":false,"campfire_upgraded":7,"win_rate":0,"timestamp":1539164747,"path_taken":["M","M","$","?","?","R","E","?","T","?","R","M","$","E","R","BOSS","M","M","?","M","?","R","E","R","T","R","E","R","?","M","R","BOSS","M","?","?","$","M","R","M","M","T","M","$","?","?","M","R","BOSS"],"build_version":"2018-10-04v2","purchased_purges":2,"victory":true,"max_hp_per_floor":[70,70,70,70,70,70,70,70,70,70,70,70,70,70,70,70,70,70,70,80,80,40,40,40,40,40,40,40,40,40,40,40,40,40,40,40,40,40,40,40,40,40,40,40,40,40,40,40,40,40],"card_choices":[{"not_picked":["Bane","Setup"],"picked":"Distraction","floor":1},{"not_picked":["Escape Plan","Dagger Throw"],"picked":"Deadly Poison","floor":2},{"not_picked":["Expertise","Blade Dance"],"picked":"Sucker Punch","floor":4},{"not_picked":["Blur","Calculated Gamble"],"picked":"Bouncing Flask","floor":7},{"not_picked":["Slice","Riddle With Holes"],"picked":"Poisoned Stab","floor":8},{"not_picked":["Dagger Throw","Flechettes"],"picked":"Noxious Fumes","floor":10},{"not_picked":["Skewer","Setup"],"picked":"Phantasmal Killer","floor":12},{"not_picked":["Endless Agony","Blade Dance","Dodge and Roll"],"picked":"SKIP","floor":14},{"not_picked":["Storm of Steel","Wraith Form v2","Venomology"],"picked":"Burst","floor":16},{"not_picked":["Outmaneuver","Backflip","Sucker Punch+1"],"picked":"Bane","floor":18},{"not_picked":["Quick Slash","Sucker Punch","Poisoned Stab"],"picked":"Catalyst+1","floor":19},{"not_picked":["Deadly Poison","Prepared","Bane"],"picked":"Poisoned Stab","floor":21},{"not_picked":["Blade Dance","Predator","Skewer"],"picked":"Distraction","floor":24},{"not_picked":["Underhanded Strike","Unload","Bouncing Flask","Eviscerate"],"picked":"SKIP","floor":28},{"not_picked":["Acrobatics","PiercingWail+1","Skewer+1","Choke+1"],"picked":"SKIP","floor":31},{"not_picked":["Storm of Steel","Grand Finale","Malaise"],"picked":"Burst","floor":33},{"not_picked":["Flechettes","Blade Dance","Accuracy+1"],"picked":"Caltrops","floor":35},{"not_picked":["Eviscerate+1","All Out Attack","Underhanded Strike","Deflect"],"picked":"SKIP","floor":36},{"not_picked":["PiercingWail","Quick Slash+1","Prepared+1","Riddle With Holes+1"],"picked":"SKIP","floor":39},{"not_picked":["Slice+1","Cloak And Dagger","Infinite Blades+1","Endless Agony"],"picked":"SKIP","floor":41},{"not_picked":["Prepared","Concentrate","Dagger Spray+1","Leg Sweep+1"],"picked":"SKIP","floor":42},{"not_picked":["Bullet Time","Backflip+1","PiercingWail","Calculated Gamble"],"picked":"SKIP","floor":44},{"not_picked":["Dash+1","Caltrops+1","Leg Sweep+1"],"picked":"Crippling Poison","floor":47},{"not_picked":["Dagger Throw+1","Bane+1","Flying Knee+1"],"picked":"Skewer+1","floor":48}],"player_experience":278654,"relics_obtained":[{"floor":7,"key":"Meat on the Bone"},{"floor":8,"key":"Odd Mushroom"},{"floor":9,"key":"Bag of Preparation"},{"floor":14,"key":"Question Card"},{"floor":24,"key":"Sundial"},{"floor":26,"key":"Bag of Marbles"},{"floor":28,"key":"War Paint"},{"floor":30,"key":"Bottled Tornado"},{"floor":43,"key":"Snake Skull"}],"event_choices":[{"event_name":"Living Wall","player_choice":"Grow","floor":5,"damage_taken":0},{"event_name":"Mushrooms","player_choice":"Fought Mushrooms","floor":8,"damage_taken":0},{"event_name":"Bonfire Elementals","player_choice":"RARE","floor":20,"damage_taken":0},{"event_name":"Ghosts","player_choice":"Became a Ghost","floor":22,"damage_taken":0},{"event_name":"Golden Shrine","player_choice":"Pray","floor":37,"damage_taken":0},{"event_name":"Transmorgrifier","player_choice":"Transform","floor":46,"damage_taken":0}],"is_beta":false,"boss_relics":[{"not_picked":["Ectoplasm","Black Star"],"picked":"Sozu"},{"not_picked":["Philosopher\u0027s Stone","HoveringKite"],"picked":"Fusion Hammer"}],"items_purged_floors":[38,45],"is_endless":false,"potions_floor_spawned":[2,4,12,21,24,31,33,35,36,39,41],"ascension_level":4}