{"gold_per_floor":[112,187,187,203,203,203,233,233,233,264,282,282,35,6,6,77,77,95,29,29,29,42,42,72,72,72,82,82,95,45,7,7,84,84,98,117,135,147,159,159,190,200,200,200,210,210,223,250,250,250],"floor_reached":50,"playtime":2444,"items_purged":["Defend_R"],"score":1071,"play_id":"ad113566-9cc8-4526-9380-7746d244efef","local_time":"20190127190715","is_ascension_mode":true,"campfire_choices":[{"data":"True Grit","floor":6.0,"key":"SMITH"},{"data":"Perfected Strike","floor":8.0,"key":"SMITH"},{"data":"Perfected Strike","floor":12.0,"key":"SMITH"},{"data":"Shockwave","floor":15.0,"key":"SMITH"},{"data":"Perfected Strike","floor":23.0,"key":"SMITH"},{"floor":25.0,"key":"REST"},{"data":"Uppercut","floor":28.0,"key":"SMITH"},{"floor":32.0,"key":"REST"},{"floor":40.0,"key":"REST"},{"floor":44.0,"key":"REST"},{"floor":46.0,"key":"DIG"},{"floor":49,"key":"REST"}],"neow_cost":"NONE","seed_source_timestamp":11072505685627,"circlet_count":0,"master_deck":["AscendersBane","Strike_R","Strike_R","Strike_R","Strike_R","Strike_R+1","Defend_R","Defend_R","Perfected Strike+1","True Grit+1","Shockwave+1","Ghostly Armor+1","Perfected Strike+1","True Grit+1","True Grit+1","Double Tap+1","Perfected Strike+1","Perfected Strike+1","Perfected Strike+1","Pommel Strike","Uppercut+1","Spot Weakness+1","Shrug It Off+1","Disarm+1","Perfected Strike","Impervious+1","Twin Strike","Twin Strike+1","Infernal Blade+1","Disarm+1","Twin Strike","Perfected Strike","Twin Strike","True Grit+1","Twin Strike","Shrug It Off+1"],"special_seed":0,"relics":["Burning Blood","NeowsBlessing","Dream Catcher","StoneCalendar","Toxic Egg 2","Membership Card","Runic Pyramid","Oddly Smooth Stone","Nunchaku","Runic Dome","Kunai","Shovel","Pocketwatch","Orichalcum"],"potions_floor_usage":[],"damage_taken":[{"damage":0.0,"enemies":"2 Louse","floor":1.0,"turns":1.0},{"damage":0.0,"enemies":"Cultist","floor":4.0,"turns":1.0},{"damage":0.0,"enemies":"Lagavulin","floor":7.0,"turns":2.0},{"damage":26.0,"enemies":"3 Sentries","floor":10.0,"turns":6.0},{"damage":7.0,"enemies":"Jaw Worm","floor":11.0,"turns":3.0},{"damage":26.0,"enemies":"Hexaghost","floor":16.0,"turns":8.0},{"damage":23.0,"enemies":"2 Thieves","floor":18.0,"turns":4.0},{"damage":13.0,"enemies":"Shell Parasite","floor":22.0,"turns":3.0},{"damage":23.0,"enemies":"Gremlin Leader","floor":24.0,"turns":3.0},{"damage":3.0,"enemies":"Snecko","floor":27.0,"turns":3.0},{"damage":20.0,"enemies":"3 Cultists","floor":29.0,"turns":4.0},{"damage":54.0,"enemies":"Collector","floor":33.0,"turns":8.0},{"damage":0.0,"enemies":"3 Shapes","floor":35.0,"turns":4.0},{"damage":13.0,"enemies":"3 Darklings","floor":36.0,"turns":5.0},{"damage":0.0,"enemies":"Sphere and 2 Shapes","floor":37.0,"turns":2.0},{"damage":13.0,"enemies":"4 Shapes","floor":38.0,"turns":4.0},{"damage":38.0,"enemies":"Jaw Worm Horde","floor":39.0,"turns":4.0},{"damage":19.0,"enemies":"Reptomancer","floor":41.0,"turns":5.0},{"damage":13.0,"enemies":"Maw","floor":42.0,"turns":3.0},{"damage":2.0,"enemies":"Transient","floor":45.0,"turns":6.0},{"damage":17.0,"enemies":"Jaw Worm Horde","floor":47.0,"turns":2.0},{"damage":72,"enemies":"Time Eater","floor":50,"turns":6}],"seed_played":"-1221271682469908699","potions_obtained":[{"floor":7.0,"key":"EssenceOfSteel"},{"floor":10.0,"key":"EssenceOfSteel"},{"floor":22.0,"key":"Fire Potion"},{"floor":29.0,"key":"GamblersBrew"},{"floor":36.0,"key":"Weak Potion"},{"floor":38.0,"key":"Fire Potion"},{"floor":39.0,"key":"AttackPotion"}],"is_trial":false,"path_per_floor":["M","?","?","M","?","R","E","R","T","E","M","R","$","$","R","B",null,"M","$","?","?","M","R","E","R","T","M","R","M","?","$","R","B",null,"M","M","M","M","M","R","E","M","T","R","M","R","M","T","R","B"],"character_chosen":"IRONCLAD","items_purchased":["Membership Card","True Grit+1","True Grit+1","Perfected Strike","Disarm+1"],"campfire_rested":5,"item_purchase_floors":[13,13,14,19,31],"current_hp_per_floor":[74,63,63,69,62,62,68,68,68,48,47,47,47,47,47,27,63,46,46,46,46,39,39,22,44,44,47,47,33,33,33,55,7,58,64,57,63,56,24,46,33,26,26,48,52,52,41,41,63,0],"gold":250,"neow_bonus":"THREE_ENEMY_KILL","is_prod":false,"is_daily":false,"chose_seed":false,"campfire_upgraded":6,"win_rate":0,"timestamp":1548608835,"path_taken":["M","?","?","?","?","R","E","R","T","E","M","R","?","$","R","BOSS","M","?","?","?","M","R","E","R","T","M","R","?","?","$","R","BOSS","M","?","M","M","M","R","E","M","T","R","M","R","M","?","R","BOSS"],"build_version":"2019-01-23","purchased_purges":1,"victory":false,"max_hp_per_floor":[75,75,75,75,75,75,75,75,75,75,75,75,75,75,75,75,75,75,75,75,75,75,75,75,75,75,75,75,75,75,75,75,75,75,75,75,75,75,75,75,75,75,75,75,75,75,75,75,75,75],"card_choices":[{"not_picked":["Shrug It Off","Clash"],"picked":"Perfected Strike","floor":1.0},{"not_picked":["Armaments","Iron Wave"],"picked":"True Grit","floor":4.0},{"not_picked":["Hemokinesis","Clash"],"picked":"Shockwave","floor":7.0},{"not_picked":["Carnage","Juggernaut"],"picked":"Ghostly Armor","floor":10.0},{"not_picked":["Second Wind+1","Reckless Charge"],"picked":"Perfected Strike","floor":11.0},{"not_picked":["Juggernaut","Berserk"],"picked":"Double Tap+1","floor":16.0},{"not_picked":["Headbutt","Blood for Blood"],"picked":"Perfected Strike","floor":18.0},{"not_picked":["Ghostly Armor+1","Fire Breathing"],"picked":"Pommel Strike","floor":22.0},{"not_picked":["Clothesline","Entrench+1"],"picked":"Uppercut","floor":24.0},{"not_picked":["Heavy Blade","True Grit+1"],"picked":"Spot Weakness+1","floor":27.0},{"not_picked":["Warcry+1","Iron Wave"],"picked":"Shrug It Off+1","floor":29.0},{"not_picked":["Whirlwind","Hemokinesis"],"picked":"Perfected Strike","floor":32.0},{"not_picked":["Juggernaut","Double Tap+1"],"picked":"Impervious+1","floor":33.0},{"not_picked":["Warcry+1","Power Through+1"],"picked":"Twin Strike","floor":35.0},{"not_picked":["Dual Wield+1","Feel No Pain+1"],"picked":"Twin Strike+1","floor":36.0},{"not_picked":["Thunderclap","Anger"],"picked":"Infernal Blade+1","floor":37.0},{"not_picked":["Cleave","Iron Wave"],"picked":"Disarm+1","floor":38.0},{"not_picked":["Dual Wield+1","Body Slam+1"],"picked":"Twin Strike","floor":39.0},{"not_picked":["Clash","Dropkick"],"picked":"Perfected Strike","floor":41.0},{"not_picked":["Anger+1","Flex+1"],"picked":"Twin Strike","floor":42.0},{"not_picked":["Heavy Blade","Barricade"],"picked":"True Grit+1","floor":44.0},{"not_picked":["Wild Strike","Searing Blow"],"picked":"Twin Strike","floor":45.0},{"not_picked":["Second Wind+1","Flex+1"],"picked":"Shrug It Off+1","floor":47.0}],"player_experience":908392,"relics_obtained":[{"floor":7.0,"key":"Dream Catcher"},{"floor":9.0,"key":"StoneCalendar"},{"floor":10.0,"key":"Toxic Egg 2"},{"floor":24.0,"key":"Oddly Smooth Stone"},{"floor":26.0,"key":"Nunchaku"},{"floor":41.0,"key":"Kunai"},{"floor":43.0,"key":"Shovel"},{"floor":46.0,"key":"Pocketwatch"},{"floor":48.0,"key":"Orichalcum"}],"event_choices":[{"damage_healed":0.0,"max_hp_gain":0.0,"max_hp_loss":0.0,"gold_gain":75.0,"event_name":"World of Goop","player_choice":"Gather Gold","floor":2.0,"gold_loss":0.0,"damage_taken":11.0},{"cards_removed":["Defend_R"],"damage_healed":0.0,"max_hp_gain":0.0,"max_hp_loss":0.0,"gold_gain":0.0,"event_name":"Bonfire Elementals","player_choice":"Offered Basic","floor":3.0,"gold_loss":0.0,"damage_taken":0.0},{"cards_removed":["Bash"],"damage_healed":0.0,"max_hp_gain":0.0,"max_hp_loss":0.0,"gold_gain":0.0,"event_name":"Golden Wing","player_choice":"Card Removal","floor":5.0,"gold_loss":0.0,"damage_taken":7.0},{"damage_healed":0.0,"max_hp_gain":0.0,"max_hp_loss":0.0,"gold_gain":0.0,"event_name":"Vampires","player_choice":"Ignored","floor":20.0,"gold_loss":0.0,"damage_taken":0.0},{"damage_healed":0.0,"max_hp_gain":0.0,"max_hp_loss":0.0,"gold_gain":0.0,"event_name":"Duplicator","player_choice":"Copied","floor":21.0,"gold_loss":0.0,"damage_taken":0.0,"cards_obtained":["Perfected Strike"]},{"damage_healed":0.0,"max_hp_gain":0.0,"max_hp_loss":0.0,"gold_gain":0.0,"event_name":"Designer","player_choice":"Upgraded Two","floor":30.0,"gold_loss":50.0,"damage_taken":0.0,"cards_upgraded":["Strike_R","Perfected Strike"]}],"is_beta":false,"boss_relics":[{"not_picked":["Calling Bell","Coffee Dripper"],"picked":"Runic Pyramid"},{"not_picked":["Pandora\u0027s Box","Tiny House"],"picked":"Runic Dome"}],"items_purged_floors":[19],"is_endless":false,"potions_floor_spawned":[7,10,16,18,22,29,36,38,39],"killed_by":"Time Eater","ascension_level":17}