{"gold_per_floor":[109,109,259,269,34,34,62,76,76,76,106,106,119,139,139,216,216,231,156,156,171,189,189,221,11,35,35,54,54],"floor_reached":29,"playtime":748,"items_purged":["Doubt"],"score":556,"play_id":"5938837a-b12f-4568-9b3a-00fe5b347cb5","local_time":"20181215201205","is_ascension_mode":true,"campfire_choices":[{"data":"Zap","floor":6.0,"key":"SMITH"},{"data":"Streamline","floor":10.0,"key":"SMITH"},{"data":"Dualcast","floor":15,"key":"SMITH"},{"data":"Defragment","floor":23,"key":"SMITH"},{"floor":27,"key":"REST"}],"neow_cost":"NONE","seed_source_timestamp":179796440275921,"circlet_count":0,"master_deck":["AscendersBane","Strike_B","Strike_B","Strike_B","Defend_B","Defend_B","Defend_B","Zap+1","Dualcast+1","Compile Driver","Streamline+1","Echo Form","Conserve Battery+1","Zap+1","Core Surge","Double Energy+1","Coolheaded+1","Coolheaded+1","Buffer","Force Field+1","Stack+1","Defragment+1","Biased Cognition","Storm+1"],"special_seed":0,"relics":["Cracked Core","NeowsBlessing","Anchor","Pantograph","Gremlin Horn","Toxic Egg 2","Runic Dome","Pear","Runic Capacitor"],"potions_floor_usage":[16,16,21,22,29],"damage_taken":[{"damage":0.0,"enemies":"2 Louse","floor":1.0,"turns":1.0},{"damage":0.0,"enemies":"Small Slimes","floor":4.0,"turns":1.0},{"damage":0.0,"enemies":"3 Sentries","floor":7.0,"turns":1.0},{"damage":6.0,"enemies":"Cultist","floor":8.0,"turns":3.0},{"damage":10.0,"enemies":"Lagavulin","floor":11.0,"turns":6.0},{"damage":0,"enemies":"Exordium Wildlife","floor":13,"turns":3},{"damage":0,"enemies":"2 Fungi Beasts","floor":14,"turns":2},{"damage":8,"enemies":"The Guardian","floor":16,"turns":8},{"damage":16,"enemies":"Shell Parasite","floor":18,"turns":4},{"damage":0,"enemies":"Chosen","floor":21,"turns":4},{"damage":1,"enemies":"Centurion and Healer","floor":22,"turns":7},{"damage":12,"enemies":"Slavers","floor":24,"turns":6},{"damage":42,"enemies":"Cultist and Chosen","floor":28,"turns":6},{"damage":12,"enemies":"Chosen and Byrds","floor":29,"turns":2}],"seed_played":"7922303449332761000","potions_obtained":[{"floor":7.0,"key":"SteroidPotion"},{"floor":8.0,"key":"Weak Potion"},{"floor":14,"key":"SteroidPotion"},{"floor":16,"key":"Weak Potion"},{"floor":21,"key":"Energy Potion"},{"floor":28,"key":"AttackPotion"}],"is_trial":false,"path_per_floor":["M","?","?","M","$","R","E","M","T","R","E","?","M","M","R","B",null,"M","?","?","M","M","R","E","$","T","R","M","M"],"character_chosen":"DEFECT","items_purchased":["Anchor","Runic Capacitor"],"campfire_rested":1,"item_purchase_floors":[5,25],"current_hp_per_floor":[64,57,57,57,57,57,57,51,51,51,41,41,41,41,41,58,68,52,52,32,32,31,31,29,29,29,54,12,0],"gold":54,"neow_bonus":"THREE_ENEMY_KILL","is_prod":false,"is_daily":false,"chose_seed":false,"campfire_upgraded":4,"win_rate":0,"timestamp":1544872325,"path_taken":["M","?","?","M","$","R","E","M","T","R","E","?","?","M","R","BOSS","M","?","?","M","M","R","E","?","T","R","M","?"],"build_version":"2018-12-13","purchased_purges":1,"victory":false,"max_hp_per_floor":[71,71,71,71,71,71,71,71,71,71,71,71,71,71,71,71,71,71,71,76,76,76,76,86,86,86,86,86,86],"card_choices":[{"not_picked":["Go for the Eyes","Rebound"],"picked":"Compile Driver","floor":1.0},{"not_picked":["Reprogram","Force Field"],"picked":"Streamline","floor":4.0},{"not_picked":["Storm","Self Repair"],"picked":"Echo Form","floor":7.0},{"not_picked":["Beam Cell","Tempest","Stack"],"picked":"SKIP","floor":8.0},{"not_picked":["Force Field","Beam Cell"],"picked":"Conserve Battery","floor":11.0},{"not_picked":["Go for the Eyes","Sweeping Beam"],"picked":"Coolheaded+1","floor":13},{"not_picked":["Lockon","Go for the Eyes"],"picked":"Coolheaded+1","floor":14},{"not_picked":["Hyperbeam","Creative AI"],"picked":"Buffer","floor":16},{"not_picked":["Go for the Eyes","Lockon"],"picked":"Force Field+1","floor":18},{"not_picked":["Compile Driver","Turbo+1"],"picked":"Stack+1","floor":21},{"not_picked":["Gash","Sweeping Beam"],"picked":"Defragment","floor":22},{"not_picked":["Streamline","Beam Cell"],"picked":"Biased Cognition","floor":24},{"not_picked":["Gash","Hologram+1"],"picked":"Storm+1","floor":28}],"player_experience":796897,"relics_obtained":[{"floor":7.0,"key":"Pantograph"},{"floor":9.0,"key":"Gremlin Horn"},{"floor":11.0,"key":"Toxic Egg 2"},{"floor":24,"key":"Pear"}],"event_choices":[{"cards_removed":["Defend_B"],"damage_healed":0.0,"max_hp_gain":0.0,"max_hp_loss":0.0,"gold_gain":0.0,"event_name":"Golden Wing","player_choice":"Card Removal","floor":2.0,"gold_loss":0.0,"damage_taken":7.0},{"damage_healed":0.0,"max_hp_gain":0.0,"max_hp_loss":0.0,"gold_gain":150.0,"event_name":"Liars Game","player_choice":"AGREE","floor":3.0,"gold_loss":0.0,"damage_taken":0.0,"cards_obtained":["Doubt"]},{"damage_healed":0,"gold_gain":0,"player_choice":"3 cards matched","damage_taken":0,"max_hp_gain":0,"max_hp_loss":0,"event_name":"Match and Keep!","floor":12,"gold_loss":0,"cards_obtained":["Zap","Core Surge","Double Energy"]},{"damage_healed":0,"gold_gain":0,"player_choice":"3 cards matched","damage_taken":0,"max_hp_gain":0,"max_hp_loss":0,"event_name":"Match and Keep!","floor":12,"gold_loss":0,"cards_obtained":["Zap","Core Surge","Double Energy"]},{"cards_removed":["Strike_B"],"damage_healed":0,"gold_gain":0,"player_choice":"Gave Gold","damage_taken":0,"max_hp_gain":0,"max_hp_loss":0,"event_name":"Beggar","floor":19,"gold_loss":75},{"damage_healed":0,"gold_gain":0,"player_choice":"Shed Blood","damage_taken":25,"max_hp_gain":5,"max_hp_loss":0,"event_name":"Forgotten Altar","floor":20,"gold_loss":0}],"is_beta":false,"boss_relics":[{"not_picked":["Runic Pyramid","Snecko Eye"],"picked":"Runic Dome"}],"items_purged_floors":[5],"is_endless":false,"potions_floor_spawned":[7,8,14,16,21,28],"killed_by":"Chosen and Byrds","ascension_level":20}