{"gold_per_floor":[119,132,132,207,16,51,51,61,88,101,111,111,146,163,163,264,264,284,295,19,38,54,54,83,96,96,196,196,196,196,44,44,141,141,159,159,159,36,47,73,73,104,104,104,104,104,131,184,184,184],"floor_reached":51,"playtime":1955,"items_purged":["Strike_B+1","Strike_B+1"],"score":887,"play_id":"6531d98d-276a-468e-bdd4-a7c54c62aa38","local_time":"20190216185511","is_ascension_mode":true,"campfire_choices":[{"data":"Streamline","floor":7.0,"key":"SMITH"},{"data":"Zap","floor":15.0,"key":"SMITH"},{"data":"Genetic Algorithm","floor":23.0,"key":"SMITH"},{"data":"Self Repair","floor":28.0,"key":"SMITH"},{"data":"Creative AI","floor":30.0,"key":"SMITH"},{"floor":32.0,"key":"REST"},{"data":"Consume","floor":44,"key":"SMITH"},{"data":"Biased Cognition","floor":46,"key":"SMITH"},{"data":"Electrodynamics","floor":49,"key":"SMITH"}],"neow_cost":"NONE","seed_source_timestamp":14734074498200,"circlet_count":0,"master_deck":["Strike_B+1","Defend_B+1","Defend_B+1","Defend_B+1","Defend_B+1","Zap+1","Dualcast+1","Streamline+1","Self Repair+1","Ball Lightning","Genetic Algorithm+1","Chill+1","Electrodynamics+1","Ball Lightning+1","Hologram+1","Creative AI+1","Consume+1","Biased Cognition+1","Dark Shackles","Defragment+1","Defragment+1"],"special_seed":0,"relics":["Cracked Core","NeowsBlessing","Symbiotic Virus","Bronze Scales","Dead Branch","Orichalcum","Bag of Marbles","Philosopher\u0027s Stone","Membership Card","War Paint","Happy Flower","Pocketwatch","Du-Vu Doll","Mummified Hand","Pen Nib","Cursed Key","Oddly Smooth Stone","Strawberry","Frozen Egg 2","Vajra","Emotion Chip"],"potions_floor_usage":[50],"damage_taken":[{"damage":0.0,"enemies":"Cultist","floor":1.0,"turns":1.0},{"damage":0.0,"enemies":"Small Slimes","floor":2.0,"turns":1.0},{"damage":0.0,"enemies":"3 Sentries","floor":6.0,"turns":1.0},{"damage":7.0,"enemies":"Jaw Worm","floor":8.0,"turns":3.0},{"damage":5.0,"enemies":"Looter","floor":10.0,"turns":2.0},{"damage":7.0,"enemies":"Large Slime","floor":11.0,"turns":5.0},{"damage":20.0,"enemies":"Lagavulin","floor":13.0,"turns":6.0},{"damage":0.0,"enemies":"2 Fungi Beasts","floor":14.0,"turns":2.0},{"damage":14.0,"enemies":"The Guardian","floor":16.0,"turns":8.0},{"damage":14.0,"enemies":"2 Thieves","floor":18.0,"turns":2.0},{"damage":8.0,"enemies":"3 Byrds","floor":19.0,"turns":3.0},{"damage":4.0,"enemies":"Snecko","floor":21.0,"turns":3.0},{"damage":12.0,"enemies":"Chosen and Byrds","floor":22.0,"turns":4.0},{"damage":10.0,"enemies":"Slavers","floor":24.0,"turns":3.0},{"damage":14.0,"enemies":"Snake Plant","floor":25.0,"turns":3.0},{"damage":11.0,"enemies":"Colosseum Slavers","floor":27.0,"turns":4.0},{"damage":31.0,"enemies":"Colosseum Nobs","floor":27.0,"turns":4.0},{"damage":1.0,"enemies":"Automaton","floor":33.0,"turns":8.0},{"damage":1.0,"enemies":"3 Darklings","floor":35.0,"turns":3.0},{"damage":4.0,"enemies":"Orb Walker","floor":39.0,"turns":3.0},{"damage":7.0,"enemies":"Giant Head","floor":40.0,"turns":7.0},{"damage":24.0,"enemies":"Nemesis","floor":42.0,"turns":5.0},{"damage":0,"enemies":"Reptomancer","floor":47,"turns":4},{"damage":0,"enemies":"2 Orb Walkers","floor":48,"turns":2},{"damage":53,"enemies":"Time Eater","floor":50,"turns":8}],"seed_played":"8952945089946097778","potions_obtained":[{"floor":2.0,"key":"Dexterity Potion"},{"floor":8.0,"key":"FairyPotion"},{"floor":11.0,"key":"Strength Potion"},{"floor":18.0,"key":"Explosive Potion"},{"floor":21.0,"key":"Dexterity Potion"},{"floor":33.0,"key":"GamblersBrew"},{"floor":35.0,"key":"EssenceOfSteel"},{"floor":48,"key":"SpeedPotion"}],"is_trial":false,"path_per_floor":["M","M","T","?","$","E","R","M","T","M","M","?","E","M","R","B",null,"M","M","$","M","M","R","E","M","T","?","R","?","R","$","R","B",null,"M","?","?","$","M","E","?","E","T","R","?","R","E","?","R","B",null],"character_chosen":"DEFECT","items_purchased":["Self Repair","Bronze Scales","Membership Card","War Paint","Consume","Pen Nib","Oddly Smooth Stone"],"campfire_rested":1,"item_purchase_floors":[5,5,20,20,31,31,38],"current_hp_per_floor":[75,75,75,64,64,64,64,64,64,59,59,59,46,46,46,39,75,61,60,60,63,58,58,55,48,48,13,13,13,13,13,35,44,75,74,74,74,74,70,80,80,66,66,66,66,66,76,76,76,33],"gold":184,"neow_bonus":"THREE_ENEMY_KILL","is_prod":false,"is_daily":false,"chose_seed":false,"campfire_upgraded":8,"win_rate":0,"timestamp":1550336111,"path_taken":["M","M","?","?","$","E","R","M","T","M","M","?","E","M","R","BOSS","M","?","$","M","M","R","E","M","T","?","R","?","R","$","R","BOSS","M","?","?","$","M","E","?","E","T","R","?","R","E","?","R","BOSS"],"build_version":"2019-01-23","purchased_purges":2,"victory":true,"max_hp_per_floor":[75,75,75,75,75,75,75,75,75,75,75,75,75,75,75,75,75,75,75,75,75,75,75,75,75,75,75,75,75,75,75,75,75,75,75,75,75,75,75,82,82,82,82,82,78,78,78,78,78,78],"card_choices":[{"not_picked":["Steam","Skim","Compile Driver"],"picked":"SKIP","floor":1.0},{"not_picked":["Sweeping Beam","Coolheaded"],"picked":"Streamline","floor":2.0},{"not_picked":["Skim","Amplify"],"picked":"Ball Lightning","floor":6.0},{"not_picked":["Reprogram","Gash","Blizzard"],"picked":"SKIP","floor":8.0},{"not_picked":["White Noise","Go for the Eyes"],"picked":"Genetic Algorithm","floor":10.0},{"not_picked":["Steam","Lockon","Coolheaded"],"picked":"SKIP","floor":11.0},{"not_picked":["Rebound","Sweeping Beam","Gash"],"picked":"SKIP","floor":13.0},{"not_picked":["Hologram","Sweeping Beam","Ball Lightning"],"picked":"SKIP","floor":14.0},{"not_picked":["Rainbow","Reboot"],"picked":"Electrodynamics","floor":16.0},{"not_picked":["Cold Snap","Rip and Tear","Stack"],"picked":"SKIP","floor":18.0},{"not_picked":["Steam Power","Barrage"],"picked":"Ball Lightning+1","floor":19.0},{"not_picked":["Turbo","Leap+1"],"picked":"Hologram+1","floor":21.0},{"not_picked":["Beam Cell","Force Field","Redo"],"picked":"SKIP","floor":22.0},{"not_picked":["Sweeping Beam","Compile Driver+1"],"picked":"Creative AI","floor":24.0},{"not_picked":["Steam","Sweeping Beam+1","Aggregate"],"picked":"SKIP","floor":25.0},{"not_picked":["Compile Driver","Glacier"],"picked":"Beam Cell+1","floor":27.0},{"not_picked":["Creative AI","Rainbow"],"picked":"Biased Cognition","floor":33.0},{"not_picked":["Hologram","Barrage+1","Lockon+1"],"picked":"SKIP","floor":35.0},{"not_picked":["HandOfGreed","PanicButton"],"picked":"Dark Shackles","floor":37.0},{"not_picked":["Sweeping Beam","Cold Snap+1","Gash+1"],"picked":"SKIP","floor":39.0},{"not_picked":["Darkness","Beam Cell+1","Chill+1"],"picked":"SKIP","floor":40.0},{"not_picked":["Cold Snap","Barrage","Compile Driver+1"],"picked":"SKIP","floor":42.0},{"not_picked":["Cold Snap","Barrage","Compile Driver+1"],"picked":"SKIP","floor":42.0},{"not_picked":["Sunder+1","Ball Lightning"],"picked":"Defragment+1","floor":47},{"not_picked":["Stack","Undo"],"picked":"Defragment+1","floor":48}],"player_experience":771373,"relics_obtained":[{"floor":3.0,"key":"Symbiotic Virus"},{"floor":6.0,"key":"Dead Branch"},{"floor":9.0,"key":"Orichalcum"},{"floor":13.0,"key":"Bag of Marbles"},{"floor":24.0,"key":"Happy Flower"},{"floor":26.0,"key":"Pocketwatch"},{"floor":27.0,"key":"Du-Vu Doll"},{"floor":27.0,"key":"Mummified Hand"},{"floor":40.0,"key":"Strawberry"},{"floor":42.0,"key":"Frozen Egg 2"},{"floor":47,"key":"Vajra"},{"floor":48,"key":"Emotion Chip"}],"event_choices":[{"damage_healed":0.0,"max_hp_gain":0.0,"max_hp_loss":0.0,"gold_gain":75.0,"event_name":"World of Goop","player_choice":"Gather Gold","floor":4.0,"gold_loss":0.0,"damage_taken":11.0},{"damage_healed":0.0,"max_hp_gain":0.0,"max_hp_loss":0.0,"gold_gain":0.0,"cards_transformed":["Strike_B"],"event_name":"Transmorgrifier","player_choice":"Transformed","floor":12.0,"gold_loss":0.0,"damage_taken":0.0,"cards_obtained":["Chill"]},{"damage_healed":0.0,"max_hp_gain":0.0,"max_hp_loss":0.0,"gold_gain":0.0,"event_name":"Colosseum","player_choice":"Fight","floor":27.0,"gold_loss":0.0,"damage_taken":0.0},{"damage_healed":0.0,"max_hp_gain":0.0,"max_hp_loss":0.0,"gold_gain":0.0,"event_name":"Colosseum","player_choice":"Fought Nobs","floor":27.0,"gold_loss":0.0,"damage_taken":0.0},{"damage_healed":0.0,"max_hp_gain":0.0,"max_hp_loss":0.0,"gold_gain":0.0,"event_name":"Back to Basics","player_choice":"Simplicity","floor":29.0,"gold_loss":0.0,"damage_taken":0.0,"cards_upgraded":["Strike_B","Strike_B","Strike_B","Defend_B","Defend_B","Defend_B","Defend_B"]},{"damage_healed":0.0,"max_hp_gain":0.0,"max_hp_loss":0.0,"gold_gain":0.0,"event_name":"Tomb of Lord Red Mask","player_choice":"Ignored","floor":36.0,"gold_loss":0.0,"damage_taken":0.0},{"damage_healed":0.0,"max_hp_gain":0.0,"max_hp_loss":0.0,"gold_gain":0.0,"event_name":"SensoryStone","player_choice":"Memory 1","floor":37.0,"gold_loss":0.0,"damage_taken":0.0},{"cards_removed":["Beam Cell"],"damage_healed":0.0,"max_hp_gain":0.0,"max_hp_loss":0.0,"gold_gain":0.0,"event_name":"Falling","player_choice":"Removed Attack","floor":41.0,"gold_loss":0.0,"damage_taken":0.0},{"damage_healed":0,"gold_gain":0,"player_choice":"Max HP","damage_taken":0,"max_hp_gain":0,"max_hp_loss":4,"event_name":"Winding Halls","floor":45,"gold_loss":0},{"damage_healed":0,"gold_gain":0,"player_choice":"Fight","damage_taken":0,"max_hp_gain":0,"max_hp_loss":0,"event_name":"Mysterious Sphere","floor":48,"gold_loss":0}],"is_beta":false,"boss_relics":[{"not_picked":["Coffee Dripper","Fusion Hammer"],"picked":"Philosopher\u0027s Stone"},{"not_picked":["Tiny House","Runic Pyramid"],"picked":"Cursed Key"}],"items_purged_floors":[31,38],"is_endless":false,"potions_floor_spawned":[2,8,11,13,16,18,19,21,33,35,39,40,48],"ascension_level":2}