{"gold_per_floor":[109,109,109,184,184,184,197,28,53,68,103,122,122,160,160,279,279,304,304,319,185,110,110,110,145,145,181,56,181,196,240,240,371,371,390,413,263,263,54,89,89,120,120,158,172,172,197,222,222,222],"floor_reached":51,"playtime":3325,"items_purged":["Strike_B","Defend_B","Strike_B","Defend_B","Strike_B"],"score":901,"play_id":"a8555f9f-0c8d-4520-b025-c8d4e235a797","local_time":"20180908202705","is_ascension_mode":true,"campfire_choices":[{"floor":6,"key":"REST"},{"data":"Discovery","floor":15,"key":"SMITH"},{"data":"Meteor Strike","floor":23,"key":"SMITH"},{"data":"Electrodynamics","floor":32,"key":"SMITH"},{"data":"Capacitor","floor":41,"key":"SMITH"},{"data":"Echo Form","floor":49,"key":"SMITH"}],"neow_cost":"NONE","seed_source_timestamp":994443316095626,"circlet_count":0,"master_deck":["Strike_B+1","Defend_B","Zap","Dualcast","White Noise+1","Ball Lightning+1","Discovery+1","Leap","Force Field","Electrodynamics+1","Meteor Strike+1","Loop","White Noise","Echo Form+1","Capacitor+1","Capacitor+1"],"special_seed":0,"relics":["Snecko Eye","Golden Idol","Gambling Chip","Bag of Preparation","Meat on the Bone","Turnip","Bottled Lightning","Sozu","GremlinMask","Du-Vu Doll","Toxic Egg 2","Bottled Tornado","Thread and Needle","Mummified Hand","Art of War","Lizard Tail","Whetstone","Pear","Dead Branch","Bird Faced Urn"],"potions_floor_usage":[16,27,29,44],"damage_taken":[{"damage":4,"enemies":"Small Slimes","floor":1,"turns":4},{"damage":1,"enemies":"Cultist","floor":7,"turns":3},{"damage":0,"enemies":"2 Louse","floor":10,"turns":2},{"damage":25,"enemies":"Gremlin Nob","floor":11,"turns":4},{"damage":0,"enemies":"Exordium Wildlife","floor":12,"turns":3},{"damage":13,"enemies":"3 Sentries","floor":14,"turns":7},{"damage":18,"enemies":"Slime Boss","floor":16,"turns":7},{"damage":0,"enemies":"Spheric Guardian","floor":18,"turns":3},{"damage":0,"enemies":"Shell Parasite","floor":20,"turns":3},{"damage":3,"enemies":"Book of Stabbing","floor":25,"turns":4},{"damage":54,"enemies":"Slavers","floor":27,"turns":2},{"damage":1,"enemies":"Colosseum Slavers","floor":29,"turns":2},{"damage":10,"enemies":"Colosseum Nobs","floor":29,"turns":3},{"damage":0,"enemies":"Centurion and Healer","floor":30,"turns":2},{"damage":0,"enemies":"Gremlin Leader","floor":31,"turns":4},{"damage":13,"enemies":"Champ","floor":33,"turns":7},{"damage":0,"enemies":"3 Darklings","floor":35,"turns":2},{"damage":0,"enemies":"3 Shapes","floor":36,"turns":2},{"damage":9,"enemies":"Giant Head","floor":40,"turns":6},{"damage":19,"enemies":"2 Orb Walkers","floor":42,"turns":3},{"damage":46,"enemies":"Nemesis","floor":44,"turns":6},{"damage":12,"enemies":"3 Darklings","floor":45,"turns":2},{"damage":1,"enemies":"4 Shapes","floor":47,"turns":2},{"damage":3,"enemies":"Reptomancer","floor":48,"turns":3},{"damage":96,"enemies":"Awakened One","floor":50,"turns":8}],"seed_played":"-8496034232958791412","potions_obtained":[{"floor":11,"key":"GamblersBrew"},{"floor":12,"key":"FocusPotion"},{"floor":14,"key":"Ancient Potion"},{"floor":16,"key":"Regen Potion"}],"is_trial":false,"path_per_floor":["M","?","?","?","?","R","M","$","T","M","E","M","T","E","R","B",null,"M","?","M","$","?","R","?","E","T","E","$","?","M","E","R","B",null,"M","M","$","?","$","E","R","E","T","E","M","?","M","M","R","B"],"character_chosen":"DEFECT","items_purchased":["Discovery","White Noise","Capacitor"],"campfire_rested":1,"item_purchase_floors":[8,21,39],"current_hp_per_floor":[71,69,55,44,41,61,60,60,60,60,35,35,35,34,34,28,69,69,69,69,69,69,69,69,66,66,31,31,44,44,51,51,38,69,69,69,69,69,69,60,60,58,58,24,38,38,51,66,66,42],"gold":222,"neow_bonus":"BOSS_RELIC","is_prod":false,"is_daily":false,"chose_seed":false,"campfire_upgraded":5,"win_rate":0,"timestamp":1536404225,"path_taken":["M","?","?","?","?","R","M","$","T","M","E","?","?","E","R","BOSS","M","?","M","$","?","R","?","E","T","E","$","?","M","E","R","BOSS","M","M","?","?","?","E","R","E","T","E","?","?","M","M","R","BOSS"],"build_version":"2018-09-06","purchased_purges":5,"victory":true,"max_hp_per_floor":[75,69,69,69,69,69,69,69,69,69,69,69,69,69,69,69,69,69,69,69,69,69,69,69,69,69,69,69,69,69,69,69,69,69,69,69,69,69,69,69,69,79,79,79,79,75,75,75,75,75],"card_choices":[{"not_picked":["Coolheaded","Reprogram"],"picked":"White Noise","floor":1},{"not_picked":["Hologram","Sweeping Beam"],"picked":"Ball Lightning","floor":7},{"not_picked":["Recycle","Steam","Cold Snap"],"picked":"SKIP","floor":10},{"not_picked":["Barrage","Cold Snap"],"picked":"Leap","floor":11},{"not_picked":["Sweeping Beam","Heatsinks"],"picked":"Force Field","floor":12},{"not_picked":["Ball Lightning","Gash"],"picked":"Electrodynamics","floor":14},{"not_picked":["Seek","Fission"],"picked":"Meteor Strike","floor":16},{"not_picked":["Conserve Battery+1","Beam Cell","Scrape"],"picked":"SKIP","floor":18},{"not_picked":["Barrage","Compile Driver"],"picked":"Loop","floor":20},{"not_picked":["Lockon","Chaos","Cold Snap"],"picked":"SKIP","floor":25},{"not_picked":["Cold Snap","Chill+1","Beam Cell"],"picked":"SKIP","floor":27},{"not_picked":["Cold Snap","Genetic Algorithm+1","Reinforced Body+1"],"picked":"SKIP","floor":30},{"not_picked":["Ball Lightning","Multi-Cast+1","Stack+1"],"picked":"SKIP","floor":31},{"not_picked":["Thunder Strike","All For One"],"picked":"Echo Form","floor":33},{"not_picked":["Heatsinks","Go for the Eyes+1","Compile Driver+1"],"picked":"SKIP","floor":35},{"not_picked":["Stack+1","Hologram+1","Sweeping Beam"],"picked":"SKIP","floor":36},{"not_picked":["Beam Cell+1","Steam+1","Blizzard"],"picked":"SKIP","floor":40},{"not_picked":["Leap+1","Recycle+1"],"picked":"Capacitor+1","floor":42},{"not_picked":["Sweeping Beam","Cold Snap+1","Chaos+1"],"picked":"SKIP","floor":44},{"not_picked":["Auto Shields+1","Conserve Battery+1","Sweeping Beam+1"],"picked":"SKIP","floor":45},{"not_picked":["Stack+1","Sweeping Beam+1","Cold Snap"],"picked":"SKIP","floor":47},{"not_picked":["Recycle+1","Sweeping Beam+1","Turbo+1"],"picked":"SKIP","floor":48}],"player_experience":156860,"relics_obtained":[{"floor":9,"key":"Bag of Preparation"},{"floor":11,"key":"Meat on the Bone"},{"floor":13,"key":"Turnip"},{"floor":14,"key":"Bottled Lightning"},{"floor":25,"key":"Du-Vu Doll"},{"floor":26,"key":"Toxic Egg 2"},{"floor":27,"key":"Bottled Tornado"},{"floor":29,"key":"Thread and Needle"},{"floor":29,"key":"Mummified Hand"},{"floor":31,"key":"Art of War"},{"floor":40,"key":"Whetstone"},{"floor":42,"key":"Pear"},{"floor":43,"key":"Dead Branch"},{"floor":44,"key":"Bird Faced Urn"}],"event_choices":[{"event_name":"Golden Idol","player_choice":"Lose Max HP","floor":2,"damage_taken":0},{"event_name":"Shining Light","player_choice":"Entered Light","floor":3,"damage_taken":0},{"event_name":"World of Goop","player_choice":"Gather Gold","floor":4,"damage_taken":0},{"event_name":"Scrap Ooze","player_choice":"success","floor":5,"damage_taken":3},{"event_name":"The Woman in Blue","player_choice":"Bought 0 Potions","floor":19,"damage_taken":0},{"event_name":"Beggar","player_choice":"Gave Gold","floor":22,"damage_taken":0},{"event_name":"FaceTrader","player_choice":"Trade","floor":24,"damage_taken":0},{"event_name":"Colosseum","player_choice":"Fight","floor":29,"damage_taken":0},{"event_name":"Colosseum","player_choice":"Fought Nobs","floor":29,"damage_taken":0},{"event_name":"SensoryStone","player_choice":"Memory 1","floor":38,"damage_taken":0},{"event_name":"Winding Halls","player_choice":"Max HP","floor":46,"damage_taken":0}],"is_beta":false,"boss_relics":[{"not_picked":["Philosopher\u0027s Stone","Orrery"],"picked":"Sozu"},{"not_picked":["Fusion Hammer","Busted Crown"],"picked":"Lizard Tail"}],"items_purged_floors":[8,21,28,37,39],"is_endless":false,"potions_floor_spawned":[11,12,14,16,18,29,31,36,40,45],"ascension_level":2}