{"gold_per_floor":[116,41,56,70,88,88,107,107,133,33,33,43,43,53,53,53],"floor_reached":16,"playtime":355,"items_purged":["Strike_G","Strike_G"],"score":183,"play_id":"78bf5ce2-d94b-4fc8-8d03-cff83551c486","local_time":"20190107043057","is_ascension_mode":true,"campfire_choices":[{"data":"Cloak And Dagger","floor":6,"key":"SMITH"},{"data":"Sucker Punch","floor":8,"key":"SMITH"},{"data":"Noxious Fumes","floor":13,"key":"SMITH"},{"data":"Flying Knee","floor":15,"key":"SMITH"}],"neow_cost":"NONE","seed_source_timestamp":1258371889486648,"circlet_count":0,"master_deck":["AscendersBane","Defend_G","Defend_G","Defend_G","Defend_G","Defend_G","Strike_G","Strike_G","Strike_G","Survivor","Neutralize+1","Infinite Blades","Cloak And Dagger+1","Calculated Gamble","Infinite Blades","Sucker Punch+1","Noxious Fumes+1","Flying Knee+1"],"relics":["Ring of the Snake","NeowsBlessing","Pen Nib"],"potions_floor_usage":[16],"damage_taken":[{"damage":0,"enemies":"Cultist","floor":1,"turns":1},{"damage":0,"enemies":"Small Slimes","floor":3,"turns":1},{"damage":0,"enemies":"2 Louse","floor":4,"turns":1},{"damage":28,"enemies":"Exordium Thugs","floor":5,"turns":7},{"damage":5,"enemies":"3 Louse","floor":7,"turns":4},{"damage":8,"enemies":"2 Fungi Beasts","floor":12,"turns":4},{"damage":1,"enemies":"Large Slime","floor":14,"turns":6},{"damage":18,"enemies":"Slime Boss","floor":16,"turns":5}],"seed_played":"1688115113215280278","potions_obtained":[{"floor":3,"key":"Dexterity Potion"},{"floor":12,"key":"PowerPotion"},{"floor":14,"key":"Regen Potion"}],"is_trial":false,"path_per_floor":["M","$","M","M","M","R","M","R","T","$","?","M","R","M","R","B"],"character_chosen":"THE_SILENT","items_purchased":[],"campfire_rested":0,"item_purchase_floors":[],"current_hp_per_floor":[59,59,59,59,31,31,26,26,26,26,26,18,18,17,17,0],"gold":53,"neow_bonus":"THREE_ENEMY_KILL","is_prod":false,"is_daily":false,"chose_seed":false,"campfire_upgraded":4,"win_rate":0,"timestamp":1546803057,"path_taken":["M","$","M","?","M","R","?","R","T","?","?","?","R","M","R","BOSS"],"build_version":"2019-01-03v4","purchased_purges":2,"victory":false,"max_hp_per_floor":[66,66,66,66,66,66,66,66,66,66,66,66,66,66,66,66],"card_choices":[{"not_picked":["Outmaneuver","Prepared"],"picked":"Infinite Blades","floor":1},{"not_picked":["Acrobatics","Well Laid Plans"],"picked":"Cloak And Dagger","floor":3},{"not_picked":["Flying Knee","Poisoned Stab"],"picked":"Calculated Gamble","floor":4},{"not_picked":["Quick Slash","Dodge and Roll"],"picked":"Infinite Blades","floor":5},{"not_picked":["Masterful Stab","Slice"],"picked":"Sucker Punch","floor":7},{"not_picked":["Bane","Flying Knee"],"picked":"Noxious Fumes","floor":12},{"not_picked":["Corpse Explosion","Underhanded Strike"],"picked":"Flying Knee","floor":14}],"player_experience":840693,"relics_obtained":[{"floor":9,"key":"Pen Nib"}],"event_choices":[{"damage_healed":0,"gold_gain":0,"player_choice":"Forge","damage_taken":0,"max_hp_gain":0,"max_hp_loss":0,"event_name":"Accursed Blacksmith","floor":11,"gold_loss":0,"cards_upgraded":["Neutralize"]}],"is_beta":false,"boss_relics":[],"items_purged_floors":[2,10],"is_endless":false,"potions_floor_spawned":[3,12,14],"killed_by":"Slime Boss","ascension_level":19}