{"gold_per_floor":[111,111,111,129,142,167,197,197,267,267,45,80,5,22,22,97,97,107,122,172,191,205,205,218,218,245,260,260,260,271,271],"floor_reached":31,"playtime":1205,"items_purged":[],"score":494,"play_id":"d869ecbe-8093-4ab9-9f2a-44b028815adb","local_time":"20190211180140","is_ascension_mode":true,"campfire_choices":[{"data":"Bludgeon","floor":8,"key":"SMITH"},{"data":"Immolate","floor":10,"key":"SMITH"},{"data":"Armaments","floor":15,"key":"SMITH"},{"data":"Disarm","floor":23,"key":"SMITH"},{"data":"True Grit","floor":25,"key":"SMITH"}],"neow_cost":"NONE","seed_source_timestamp":840404707777252,"circlet_count":0,"master_deck":["AscendersBane","Strike_R","Strike_R","Strike_R","Strike_R","Strike_R","Defend_R","Defend_R","Defend_R","Defend_R","Bash","Bludgeon+1","Inflame","Immolate+1","Whirlwind","Disarm+1","Burning Pact","Power Through","Thunderclap","Armaments+1","Juggernaut","Infernal Blade+1","Shrug It Off","Fire Breathing+1","True Grit+1","Clothesline","Uppercut"],"special_seed":0,"relics":["Burning Blood","Omamori","Dream Catcher","Odd Mushroom","Blue Candle","Lantern","Singing Bowl","Mark of Pain","Bag of Marbles","Enchiridion","CultistMask"],"potions_floor_usage":[16,16,19,22,30,31],"damage_taken":[{"damage":0.0,"enemies":"Cultist","floor":1.0,"turns":2.0},{"damage":4,"enemies":"2 Louse","floor":4,"turns":2},{"damage":8,"enemies":"Small Slimes","floor":5,"turns":2},{"damage":35,"enemies":"Lagavulin","floor":6,"turns":6},{"damage":1,"enemies":"The Mushroom Lair","floor":7,"turns":2},{"damage":8,"enemies":"Gremlin Nob","floor":12,"turns":3},{"damage":0,"enemies":"3 Louse","floor":14,"turns":1},{"damage":11,"enemies":"Slime Boss","floor":16,"turns":7},{"damage":14,"enemies":"Shell Parasite","floor":18,"turns":4},{"damage":4,"enemies":"3 Byrds","floor":19,"turns":5},{"damage":8,"enemies":"3 Cultists","floor":21,"turns":3},{"damage":18,"enemies":"Snake Plant","floor":22,"turns":3},{"damage":7,"enemies":"Centurion and Healer","floor":24,"turns":5},{"damage":8,"enemies":"Cultist and Chosen","floor":27,"turns":4},{"damage":33,"enemies":"Shelled Parasite and Fungi","floor":30,"turns":4},{"damage":16,"enemies":"Snecko","floor":31,"turns":3}],"seed_played":"1968509320585033890","potions_obtained":[{"floor":1.0,"key":"Explosive Potion"},{"floor":6,"key":"Block Potion"},{"floor":12,"key":"Energy Potion"},{"floor":16,"key":"BloodPotion"},{"floor":18,"key":"PowerPotion"},{"floor":24,"key":"FearPotion"},{"floor":27,"key":"SkillPotion"}],"is_trial":false,"path_per_floor":["M","?","?","M","M","E","?","R","T","R","$","E","?","M","R","B",null,"M","M","?","M","M","R","M","R","T","M","?","?","M","M"],"character_chosen":"IRONCLAD","items_purchased":["Lantern","Armaments"],"campfire_rested":0,"item_purchase_floors":[11,11],"current_hp_per_floor":[74,74,74,75,73,44,49,49,49,49,49,49,49,57,57,52,72,64,73,73,71,61,61,60,60,60,58,37,37,10,0],"gold":271,"neow_bonus":"ONE_RANDOM_RARE_CARD","is_prod":false,"is_daily":false,"chose_seed":false,"campfire_upgraded":5,"win_rate":0,"timestamp":1549908100,"path_taken":["M","?","?","M","?","E","?","R","T","R","$","E","?","M","R","BOSS","M","M","?","?","M","R","M","R","T","M","?","?","M","?"],"build_version":"2019-01-23","purchased_purges":0,"victory":false,"max_hp_per_floor":[75,75,75,75,75,75,75,75,75,75,75,77,77,79,79,79,79,79,79,79,79,81,81,81,81,81,81,81,81,81,81],"card_choices":[{"not_picked":["Perfected Strike","Heavy Blade"],"picked":"Inflame","floor":1.0},{"not_picked":["Iron Wave","Clash"],"picked":"Disarm","floor":4},{"not_picked":["Pommel Strike","Intimidate"],"picked":"Burning Pact","floor":5},{"not_picked":["Cleave","Juggernaut"],"picked":"Power Through","floor":6},{"not_picked":["Heavy Blade","Sentinel"],"picked":"Thunderclap","floor":7},{"not_picked":["Body Slam","Twin Strike","Second Wind"],"picked":"Singing Bowl","floor":12},{"not_picked":["Warcry","Thunderclap","Blood for Blood"],"picked":"Singing Bowl","floor":14},{"not_picked":["Bludgeon","Brutality"],"picked":"Juggernaut","floor":16},{"not_picked":["Thunderclap","Inflame"],"picked":"Infernal Blade+1","floor":18},{"not_picked":["Perfected Strike","Headbutt"],"picked":"Shrug It Off","floor":19},{"not_picked":["Intimidate","Headbutt"],"picked":"Fire Breathing+1","floor":21},{"not_picked":["Perfected Strike","Armaments","Sword Boomerang"],"picked":"Singing Bowl","floor":22},{"not_picked":["Perfected Strike+1","Headbutt"],"picked":"True Grit","floor":24},{"not_picked":["Entrench","Rupture"],"picked":"Clothesline","floor":27},{"not_picked":["Dark Embrace","Wild Strike"],"picked":"Uppercut","floor":30}],"player_experience":1294860,"relics_obtained":[{"floor":6,"key":"Dream Catcher"},{"floor":7,"key":"Odd Mushroom"},{"floor":9,"key":"Blue Candle"},{"floor":12,"key":"Singing Bowl"},{"floor":26,"key":"Bag of Marbles"},{"floor":28,"key":"Enchiridion"}],"event_choices":[{"damage_healed":0.0,"max_hp_gain":0.0,"max_hp_loss":0.0,"gold_gain":0.0,"event_name":"Big Fish","player_choice":"Box","floor":2.0,"gold_loss":0.0,"damage_taken":0.0,"relics_obtained":["Omamori"],"cards_obtained":["Regret"]},{"damage_healed":0,"gold_gain":0,"player_choice":"2 cards matched","damage_taken":0,"max_hp_gain":0,"max_hp_loss":0,"event_name":"Match and Keep!","floor":3,"gold_loss":0,"cards_obtained":["Immolate","Whirlwind"]},{"damage_healed":0,"gold_gain":0,"player_choice":"Fought Mushrooms","damage_taken":0,"max_hp_gain":0,"max_hp_loss":0,"event_name":"Mushrooms","floor":7,"gold_loss":0},{"cards_removed":["Regret"],"damage_healed":0,"gold_gain":0,"player_choice":"Card Removal","damage_taken":0,"max_hp_gain":0,"max_hp_loss":0,"event_name":"The Cleric","floor":13,"gold_loss":75},{"damage_healed":0,"gold_gain":100,"player_choice":"Bet on Murderer","damage_taken":0,"max_hp_gain":0,"max_hp_loss":0,"event_name":"The Joust","floor":20,"gold_loss":50},{"damage_healed":0,"gold_gain":0,"player_choice":"Obtained Book","damage_taken":21,"max_hp_gain":0,"max_hp_loss":0,"event_name":"Cursed Tome","floor":28,"gold_loss":0},{"damage_healed":0,"gold_gain":0,"player_choice":"Trade","damage_taken":0,"relics_obtained":["CultistMask"],"max_hp_gain":0,"max_hp_loss":0,"event_name":"FaceTrader","floor":29,"gold_loss":0}],"is_beta":false,"boss_relics":[{"not_picked":["White Beast Statue","Orrery"],"picked":"Mark of Pain"}],"items_purged_floors":[],"is_endless":false,"potions_floor_spawned":[1,6,12,16,18,24,27],"killed_by":"Snecko","ascension_level":20}