{"gold_per_floor":[110,110,35,35,35,35,52,81,81,81,81,99,130,130,130,226,226,237,247,247,147,22,52,52,52],"floor_reached":25,"playtime":1204,"items_purged":["Strike_G","Strike_G","Strike_G"],"score":236,"play_id":"3001a78d-d5a8-4181-9afc-1a80eaf9ba46","local_time":"20180830195016","is_ascension_mode":true,"campfire_choices":[{"data":"Neutralize","floor":6,"key":"SMITH"},{"data":"All Out Attack","floor":10,"key":"SMITH"},{"data":"Acrobatics","floor":15,"key":"SMITH"},{"data":"All Out Attack","floor":24,"key":"SMITH"}],"neow_cost":"NONE","seed_source_timestamp":216636534553999,"circlet_count":0,"master_deck":["Defend_G","Defend_G","Defend_G","Defend_G","Strike_G","Strike_G","Survivor","Neutralize+1","All Out Attack+1","All Out Attack+1","Acrobatics+1","Decay","Unload","All Out Attack+1","Dagger Throw"],"relics":["Ring of the Snake","Ninja Scroll","Tingsha","Pen Nib","Black Star","Incense Burner","Ice Cream"],"potions_floor_usage":[16,23,23,25],"damage_taken":[{"damage":2,"enemies":"Small Slimes","floor":1,"turns":5},{"damage":0,"enemies":"2 Louse","floor":7,"turns":2},{"damage":10,"enemies":"Gremlin Nob","floor":8,"turns":4},{"damage":0,"enemies":"Jaw Worm","floor":12,"turns":1},{"damage":1,"enemies":"3 Sentries","floor":13,"turns":4},{"damage":31,"enemies":"Hexaghost","floor":16,"turns":9},{"damage":17,"enemies":"2 Thieves","floor":18,"turns":4},{"damage":0,"enemies":"Spheric Guardian","floor":19,"turns":3},{"damage":24,"enemies":"Book of Stabbing","floor":23,"turns":5},{"damage":38,"enemies":"Slavers","floor":25,"turns":3}],"seed_played":"5307781477746551699","potions_obtained":[{"floor":8,"key":"Energy Potion"},{"floor":16,"key":"Fire Potion"},{"floor":19,"key":"SkillPotion"},{"floor":23,"key":"SkillPotion"}],"is_trial":false,"path_per_floor":["M","?","$","?","$","R","M","E","T","R","$","M","E","?","R","B",null,"M","M","?","$","$","E","R"],"character_chosen":"THE_SILENT","items_purchased":[],"campfire_rested":0,"item_purchase_floors":[],"current_hp_per_floor":[75,68,68,68,68,68,68,58,58,58,58,58,57,57,57,26,77,60,60,60,60,60,36,36,0],"gold":52,"neow_bonus":"TEN_PERCENT_HP_BONUS","is_prod":false,"is_daily":false,"chose_seed":false,"campfire_upgraded":4,"win_rate":0,"timestamp":1535624416,"path_taken":["M","?","$","?","?","R","M","E","T","R","$","M","E","?","R","BOSS","M","?","?","?","$","E","R","E"],"build_version":"2018-08-23v2","purchased_purges":3,"victory":false,"max_hp_per_floor":[77,77,77,77,77,77,77,77,77,77,77,77,77,77,77,77,77,77,77,77,77,77,77,77,77],"card_choices":[{"not_picked":["Prepared","Flying Knee"],"picked":"All Out Attack","floor":1},{"not_picked":["Underhanded Strike","Backflip"],"picked":"All Out Attack","floor":7},{"not_picked":["Dagger Spray","Cloak And Dagger","Blur"],"picked":"SKIP","floor":8},{"not_picked":["Sucker Punch","Choke","Caltrops"],"picked":"SKIP","floor":12},{"not_picked":["Predator","Catalyst"],"picked":"Acrobatics","floor":13},{"not_picked":["Adrenaline","Storm of Steel"],"picked":"Unload","floor":16},{"not_picked":["Skewer","Well Laid Plans+1","Sucker Punch"],"picked":"SKIP","floor":18},{"not_picked":["Dagger Throw","Well Laid Plans"],"picked":"All Out Attack","floor":19},{"not_picked":["Backflip","Deflect"],"picked":"Dagger Throw","floor":23}],"player_experience":78590,"relics_obtained":[{"floor":8,"key":"Ninja Scroll"},{"floor":9,"key":"Tingsha"},{"floor":13,"key":"Pen Nib"},{"floor":23,"key":"Incense Burner"},{"floor":23,"key":"Ice Cream"}],"event_choices":[{"event_name":"Golden Wing","player_choice":"Card Removal","floor":2,"damage_taken":0},{"event_name":"Accursed Blacksmith","player_choice":"Forge","floor":4,"damage_taken":0},{"event_name":"Wheel of Change","player_choice":"Curse","floor":14,"damage_taken":0},{"event_name":"Ghosts","player_choice":"Ignored","floor":20,"damage_taken":0}],"is_beta":false,"boss_relics":[{"not_picked":["Coffee Dripper","Ectoplasm"],"picked":"Black Star"}],"items_purged_floors":[3,21,22],"is_endless":false,"potions_floor_spawned":[8,16,19,23],"killed_by":"Slavers","ascension_level":1}