{"gold_per_floor":[11,86,86,98,113,145,145,158,158,183,200,214,214,227,227,303,303,314,296,309,309,319,319],"floor_reached":23,"playtime":1538,"items_purged":[],"score":377,"play_id":"0f4708d1-d29e-4159-9265-f31149ed007b","local_time":"20190216095600","is_ascension_mode":true,"campfire_choices":[{"floor":7,"key":"REST"},{"floor":13,"key":"REST"},{"data":"Anger","floor":15,"key":"SMITH"}],"neow_cost":"NO_GOLD","seed_source_timestamp":119765486500152,"circlet_count":0,"master_deck":["AscendersBane","Strike_R","Strike_R","Strike_R","Defend_R","Defend_R","Defend_R","Defend_R","Bash","Feed","Immolate","Shrug It Off","Combust","Sentinel","Burning Pact","Rage","Anger+1","Power Through","Metallicize","Feed","True Grit","Sentinel","Whirlwind+1","Flex"],"relics":["Black Blood","Anchor","Gremlin Horn","Regal Pillow","PreservedInsect","Blue Candle"],"potions_floor_usage":[12,16,22],"damage_taken":[{"damage":9,"enemies":"Jaw Worm","floor":1,"turns":4},{"damage":0,"enemies":"Small Slimes","floor":4,"turns":3},{"damage":2,"enemies":"Cultist","floor":5,"turns":3},{"damage":52,"enemies":"3 Sentries","floor":6,"turns":9},{"damage":0,"enemies":"Gremlin Gang","floor":8,"turns":1},{"damage":55,"enemies":"Lagavulin","floor":10,"turns":7},{"damage":2,"enemies":"Lots of Slimes","floor":11,"turns":3},{"damage":6,"enemies":"Exordium Thugs","floor":12,"turns":5},{"damage":0,"enemies":"Gremlin Gang","floor":14,"turns":3},{"damage":64,"enemies":"The Guardian","floor":16,"turns":13},{"damage":24,"enemies":"Chosen","floor":18,"turns":7},{"damage":9,"enemies":"2 Thieves","floor":19,"turns":5},{"damage":33,"enemies":"Centurion and Healer","floor":20,"turns":9},{"damage":44,"enemies":"Cultist and Chosen","floor":22,"turns":7},{"damage":17,"enemies":"Gremlin Leader","floor":23,"turns":4}],"seed_played":"-1733983769936557005","potions_obtained":[{"floor":1,"key":"EssenceOfSteel"},{"floor":6,"key":"Fire Potion"},{"floor":11,"key":"Ancient Potion"},{"floor":20,"key":"SkillPotion"}],"is_trial":false,"path_per_floor":["M","?","?","M","M","E","R","M","T","E","M","M","R","M","R","B",null,"M","M","M","T","M","E"],"character_chosen":"IRONCLAD","items_purchased":[],"campfire_rested":2,"item_purchase_floors":[],"current_hp_per_floor":[68,57,57,66,73,30,56,65,65,16,23,23,65,74,74,16,76,65,66,46,46,12,0],"gold":319,"neow_bonus":"TRANSFORM_TWO_CARDS","is_prod":false,"is_daily":false,"chose_seed":false,"campfire_upgraded":1,"win_rate":0,"timestamp":1550332560,"path_taken":["M","?","?","?","M","E","R","M","T","E","?","M","R","M","R","BOSS","M","?","?","?","?","E"],"build_version":"2019-01-23","purchased_purges":0,"victory":false,"max_hp_per_floor":[78,78,78,81,84,87,87,90,90,90,93,93,93,96,96,96,96,99,99,102,102,102,102],"card_choices":[{"not_picked":["Combust","Pommel Strike"],"picked":"Shrug It Off","floor":1},{"not_picked":["Wild Strike","Twin Strike"],"picked":"Combust","floor":4},{"not_picked":["Carnage","Twin Strike"],"picked":"Sentinel","floor":5},{"not_picked":["Berserk","Sword Boomerang"],"picked":"Burning Pact","floor":6},{"not_picked":["Clash","Sword Boomerang"],"picked":"Rage","floor":8},{"not_picked":["Bludgeon","Twin Strike"],"picked":"Anger","floor":10},{"not_picked":["Iron Wave","Cleave"],"picked":"Power Through","floor":11},{"not_picked":["Hemokinesis","Pommel Strike"],"picked":"Metallicize","floor":12},{"not_picked":["True Grit","Havoc","Iron Wave"],"picked":"SKIP","floor":14},{"not_picked":["Immolate","Barricade"],"picked":"Feed","floor":16},{"not_picked":["Hemokinesis","Anger"],"picked":"True Grit","floor":18},{"not_picked":["Warcry","Twin Strike"],"picked":"Sentinel","floor":19},{"not_picked":["Uppercut","Burning Pact"],"picked":"Whirlwind+1","floor":20},{"not_picked":["Bloodletting","Hemokinesis"],"picked":"Flex","floor":22}],"player_experience":567081,"relics_obtained":[{"floor":6,"key":"Gremlin Horn"},{"floor":9,"key":"Regal Pillow"},{"floor":10,"key":"PreservedInsect"},{"floor":21,"key":"Blue Candle"}],"event_choices":[{"damage_healed":0,"gold_gain":75,"player_choice":"Gather Gold","damage_taken":11,"max_hp_gain":0,"max_hp_loss":0,"event_name":"World of Goop","floor":2,"gold_loss":0},{"damage_healed":0,"gold_gain":0,"player_choice":"Gave Potion","damage_taken":0,"relics_obtained":["Anchor"],"max_hp_gain":0,"max_hp_loss":0,"event_name":"WeMeetAgain","floor":3,"gold_loss":0}],"is_beta":false,"boss_relics":[{"not_picked":["Calling Bell","Empty Cage"],"picked":"Black Blood"}],"items_purged_floors":[],"is_endless":false,"potions_floor_spawned":[1,6,11,20],"killed_by":"Gremlin Leader","ascension_level":14}