{"gold_per_floor":[114,114,128,203,223,248,248,273,298,298,314,314,346,43,43,117,117,134,59,59,70,70,70,81,141,141,157,157,177,177,196,196,196],"floor_reached":33,"playtime":1047,"items_purged":["Strike_G"],"score":524,"play_id":"e6f53a22-b1ec-43a0-9a84-38822b80bb7a","local_time":"20180901075051","is_ascension_mode":true,"campfire_choices":[{"floor":7,"key":"REST"},{"floor":10,"key":"REST"},{"data":"Poisoned Stab","floor":15,"key":"SMITH"},{"data":"Neutralize","floor":23,"key":"SMITH"},{"data":"Caltrops","floor":28,"key":"SMITH"},{"floor":32,"key":"REST"}],"neow_cost":"NONE","seed_source_timestamp":44022894541555,"circlet_count":0,"master_deck":["Defend_G","Defend_G","Defend_G","Defend_G","Strike_G","Strike_G+1","Survivor","Neutralize+1","AscendersBane","Flying Knee","Backstab","Dagger Spray+1","Crippling Poison","Calculated Gamble","Caltrops+1","Flying Knee","Poisoned Stab+1","All Out Attack","Poisoned Stab","Die Die Die","Slice","Acrobatics","Shame","Bouncing Flask","Flying Knee","Flying Knee","Writhe","Crippling Poison","Footwork"],"relics":["Ring of the Serpent","Dream Catcher","Regal Pillow","Bronze Scales","Bottled Flame","Anchor","Ornamental Fan","Whetstone","Thread and Needle","Tiny Chest","Meat on the Bone","Omamori"],"potions_floor_usage":[6,16,16,27,27,29],"damage_taken":[{"damage":0,"enemies":"Jaw Worm","floor":1,"turns":4},{"damage":2,"enemies":"Small Slimes","floor":3,"turns":4},{"damage":0,"enemies":"2 Louse","floor":5,"turns":2},{"damage":17,"enemies":"3 Sentries","floor":6,"turns":7},{"damage":42,"enemies":"Gremlin Nob","floor":8,"turns":5},{"damage":0,"enemies":"Exordium Thugs","floor":11,"turns":4},{"damage":15,"enemies":"Lagavulin","floor":13,"turns":8},{"damage":14,"enemies":"Slime Boss","floor":16,"turns":8},{"damage":0,"enemies":"2 Thieves","floor":18,"turns":3},{"damage":0,"enemies":"3 Byrds","floor":21,"turns":2},{"damage":8,"enemies":"Centurion and Healer","floor":24,"turns":6},{"damage":30,"enemies":"Book of Stabbing","floor":25,"turns":6},{"damage":0,"enemies":"Snake Plant","floor":27,"turns":3},{"damage":2,"enemies":"3 Cultists","floor":29,"turns":4},{"damage":0,"enemies":"Centurion and Healer","floor":31,"turns":5},{"damage":67,"enemies":"Automaton","floor":33,"turns":8}],"seed_played":"8234786209324950990","potions_obtained":[{"floor":3,"key":"LiquidBronze"},{"floor":13,"key":"Poison Potion"},{"floor":16,"key":"FearPotion"},{"floor":24,"key":"GhostInAJar"},{"floor":27,"key":"Swift Potion"}],"is_trial":false,"path_per_floor":["M","?","M","?","M","E","R","E","T","R","M","?","E","$","R","B",null,"M","?","?","M","?","R","M","E","T","M","R","M","?","M","R"],"character_chosen":"THE_SILENT","items_purchased":["Poisoned Stab","Whetstone","Poison Potion"],"campfire_rested":3,"item_purchase_floors":[14,14,14],"current_hp_per_floor":[59,41,39,28,28,11,45,3,3,37,37,30,15,15,15,1,50,50,50,50,50,50,50,42,12,12,24,24,34,34,34,66,0],"gold":196,"neow_bonus":"RANDOM_COMMON_RELIC","is_prod":false,"is_daily":false,"chose_seed":false,"campfire_upgraded":3,"win_rate":0,"timestamp":1535755851,"path_taken":["M","?","M","?","M","E","R","E","T","R","?","?","E","$","R","BOSS","M","?","?","M","?","R","M","E","T","M","R","?","?","?","R","BOSS"],"build_version":"2018-08-30","purchased_purges":1,"victory":false,"max_hp_per_floor":[66,66,66,66,66,66,66,66,66,66,66,66,66,66,66,66,66,66,66,66,66,66,66,66,66,66,66,66,66,66,66,66,66],"card_choices":[{"not_picked":["Dodge and Roll","Cloak And Dagger"],"picked":"Flying Knee","floor":1},{"not_picked":["Quick Slash","Escape Plan"],"picked":"Backstab","floor":3},{"not_picked":["Sucker Punch","Acrobatics"],"picked":"Dagger Spray","floor":5},{"not_picked":["Skewer","Dagger Throw"],"picked":"Crippling Poison","floor":6},{"not_picked":["Deflect","Masterful Stab"],"picked":"Calculated Gamble","floor":7},{"not_picked":["Quick Slash","Outmaneuver"],"picked":"Caltrops","floor":8},{"not_picked":["Sucker Punch","Heel Hook"],"picked":"Flying Knee","floor":10},{"not_picked":["Slice","Tactician"],"picked":"Poisoned Stab","floor":11},{"not_picked":["Sucker Punch","Flying Knee"],"picked":"All Out Attack","floor":13},{"not_picked":["Envenom","Unload"],"picked":"Die Die Die","floor":16},{"not_picked":["Deflect","Flechettes","Dodge and Roll"],"picked":"SKIP","floor":18},{"not_picked":["Deflect","Dagger Spray"],"picked":"Acrobatics","floor":21},{"not_picked":["Deadly Poison","Underhanded Strike"],"picked":"Bouncing Flask","floor":24},{"not_picked":["Acrobatics","Heel Hook","Quick Slash"],"picked":"SKIP","floor":25},{"not_picked":["Predator","PiercingWail"],"picked":"Flying Knee","floor":27},{"not_picked":["Slice","Reflex"],"picked":"Flying Knee","floor":29},{"not_picked":["Tactician","Outmaneuver+1"],"picked":"Crippling Poison","floor":31},{"not_picked":["Concentrate","Skewer"],"picked":"Footwork","floor":32}],"player_experience":545060,"relics_obtained":[{"floor":6,"key":"Bronze Scales"},{"floor":8,"key":"Bottled Flame"},{"floor":9,"key":"Anchor"},{"floor":13,"key":"Ornamental Fan"},{"floor":25,"key":"Tiny Chest"},{"floor":26,"key":"Meat on the Bone"}],"event_choices":[{"event_name":"Scrap Ooze","player_choice":"success","floor":2,"damage_taken":18},{"event_name":"World of Goop","player_choice":"Gather Gold","floor":4,"damage_taken":0},{"event_name":"Golden Wing","player_choice":"Card Removal","floor":12,"damage_taken":0},{"event_name":"Beggar","player_choice":"Gave Gold","floor":19,"damage_taken":0},{"event_name":"Transmorgrifier","player_choice":"Transform","floor":20,"damage_taken":0},{"event_name":"Addict","player_choice":"Stole Relic","floor":22,"damage_taken":0},{"event_name":"The Mausoleum","player_choice":"Yes","floor":30,"damage_taken":0}],"is_beta":false,"boss_relics":[{"not_picked":["Philosopher\u0027s Stone","HoveringKite"],"picked":"Ring of the Serpent"}],"items_purged_floors":[14],"is_endless":false,"potions_floor_spawned":[3,13,16,24,25,27],"killed_by":"Automaton","ascension_level":15}