{"gold_per_floor":[116,116,116,131,178,203,203,231,231,241,241,32,32,44,44,121,121,140,140,168,168,188,188,207,207,207,237,237,249,249,249,249,322,322,340,353,353,367,467,467,467,164,190,190,190,208,430,12,12,12],"floor_reached":51,"playtime":1814,"items_purged":["Choke"],"score":1324,"play_id":"1f4f9267-03ae-4bec-bcb1-b28f92e36b2d","local_time":"20190101021354","is_ascension_mode":true,"campfire_choices":[{"data":"Neutralize","floor":7,"key":"SMITH"},{"data":"Terror","floor":11,"key":"SMITH"},{"data":"Footwork","floor":15,"key":"SMITH"},{"data":"Malaise","floor":23,"key":"SMITH"},{"data":"RitualDagger","floor":28,"key":"SMITH"},{"data":"Dagger Spray","floor":30,"key":"SMITH"},{"data":"J.A.X.","floor":32,"key":"SMITH"},{"data":"Blur","floor":40,"key":"SMITH"},{"data":"Leg Sweep","floor":41,"key":"SMITH"},{"data":"PiercingWail","floor":45,"key":"SMITH"},{"floor":49,"key":"REST"}],"neow_cost":"NONE","seed_source_timestamp":730259413154420,"circlet_count":0,"master_deck":["AscendersBane","Defend_G+1","Defend_G+1","Defend_G+1","Defend_G+1","Defend_G+1","Strike_G+1","Strike_G+1","Strike_G+1","Strike_G+1","Survivor","Neutralize+1","Dash+1","Dagger Spray+1","PiercingWail+1","Unload","Terror+1","Footwork+1","Malaise+1","Blade Dance+1","Leg Sweep+1","RitualDagger+1","J.A.X.+1","Quick Slash","Blur+1","Die Die Die","Flechettes","Die Die Die"],"relics":["Runic Pyramid","StoneCalendar","Dream Catcher","Orichalcum","Tough Bandages","Calipers","Lee\u0027s Waffle","Mango","Velvet Choker","Red Mask","Happy Flower","Singing Bowl","Sozu","WingedGreaves","OrangePellets","Omamori","Incense Burner"],"potions_floor_usage":[6,20,27,50],"damage_taken":[{"damage":6,"enemies":"Cultist","floor":1,"turns":5},{"damage":3,"enemies":"2 Louse","floor":4,"turns":3},{"damage":12,"enemies":"3 Sentries","floor":6,"turns":7},{"damage":9,"enemies":"Lagavulin","floor":8,"turns":9},{"damage":4,"enemies":"Jaw Worm","floor":10,"turns":3},{"damage":11,"enemies":"Exordium Thugs","floor":14,"turns":5},{"damage":25,"enemies":"Hexaghost","floor":16,"turns":10},{"damage":4,"enemies":"Spheric Guardian","floor":18,"turns":7},{"damage":7,"enemies":"Masked Bandits","floor":20,"turns":4},{"damage":0,"enemies":"Chosen","floor":22,"turns":6},{"damage":2,"enemies":"Snake Plant","floor":24,"turns":5},{"damage":0,"enemies":"Book of Stabbing","floor":27,"turns":5},{"damage":15,"enemies":"3 Cultists","floor":29,"turns":6},{"damage":34,"enemies":"Champ","floor":33,"turns":15},{"damage":13,"enemies":"3 Shapes","floor":35,"turns":7},{"damage":19,"enemies":"3 Darklings","floor":36,"turns":6},{"damage":1,"enemies":"Sphere and 2 Shapes","floor":38,"turns":6},{"damage":3,"enemies":"Mind Bloom Boss Battle","floor":39,"turns":7},{"damage":8,"enemies":"Writhing Mass","floor":46,"turns":7},{"damage":16,"enemies":"Awakened One","floor":50,"turns":14}],"seed_played":"-912906260310225666","potions_obtained":[{"floor":4,"key":"FearPotion"},{"floor":6,"key":"GhostInAJar"},{"floor":14,"key":"Ancient Potion"},{"floor":18,"key":"Swift Potion"},{"floor":20,"key":"EssenceOfSteel"}],"is_trial":false,"path_per_floor":["M","?","?","M","T","E","R","E","T","M","R","$","?","M","R","B",null,"M","?","?","?","M","R","M","?","T","E","R","M","R","?","R","B",null,"M","M","?","M","?","R","R","$","T","?","R","M","?","$","R","B",null],"character_chosen":"THE_SILENT","items_purchased":["Lee\u0027s Waffle","OrangePellets","Incense Burner","Die Die Die"],"campfire_rested":1,"item_purchase_floors":[12,42,48,48],"current_hp_per_floor":[53,42,42,39,39,27,27,18,18,14,14,73,87,76,76,51,78,74,74,67,67,67,67,65,59,59,61,61,48,48,48,48,16,74,63,46,46,45,42,42,42,42,42,42,42,34,34,34,65,49],"gold":12,"neow_bonus":"BOSS_RELIC","is_prod":false,"is_daily":false,"chose_seed":false,"campfire_upgraded":10,"win_rate":0,"timestamp":1546276434,"path_taken":["M","?","?","?","?","E","R","E","T","M","R","?","?","?","R","BOSS","M","?","?","?","M","R","?","?","T","E","R","M","R","?","R","BOSS","M","M","?","?","?","R","R","$","T","?","R","M","?","$","R","BOSS"],"build_version":"2018-12-20","purchased_purges":1,"victory":true,"max_hp_per_floor":[66,66,66,66,66,66,66,66,66,66,66,73,87,87,87,87,87,87,87,87,87,87,87,87,87,87,89,89,91,91,91,91,93,93,95,97,97,97,97,97,97,97,97,97,97,97,97,97,99,99],"card_choices":[{"not_picked":["Prepared","Flying Knee"],"picked":"Dash","floor":1},{"not_picked":["Cloak And Dagger","Leg Sweep"],"picked":"Dagger Spray","floor":4},{"not_picked":["Poisoned Stab","Finisher"],"picked":"PiercingWail","floor":6},{"not_picked":["Deadly Poison","Underhanded Strike"],"picked":"Unload","floor":8},{"not_picked":["Cloak And Dagger","Acrobatics"],"picked":"Terror","floor":10},{"not_picked":["Catalyst","Calculated Gamble"],"picked":"Footwork","floor":14},{"not_picked":["Grand Finale","Envenom"],"picked":"Malaise","floor":16},{"not_picked":["Deflect","Reflex"],"picked":"Blade Dance+1","floor":18},{"not_picked":["Slice","Deadly Poison"],"picked":"Acrobatics","floor":20},{"not_picked":["Infinite Blades","Acrobatics"],"picked":"Leg Sweep","floor":22},{"not_picked":["Phantasmal Killer","Terror"],"picked":"Choke","floor":24},{"not_picked":["Heel Hook","Tactician","Terror"],"picked":"Singing Bowl","floor":27},{"not_picked":["Dash","Blade Dance","Poisoned Stab"],"picked":"Singing Bowl","floor":29},{"not_picked":["Doppelganger","Wraith Form v2","Storm of Steel"],"picked":"Singing Bowl","floor":33},{"not_picked":["Deadly Poison","Backflip","Acrobatics"],"picked":"Singing Bowl","floor":35},{"not_picked":["Poisoned Stab+1","Riddle With Holes","Flying Knee"],"picked":"Singing Bowl","floor":36},{"not_picked":["Flying Knee","Dodge and Roll"],"picked":"Blur","floor":38},{"not_picked":["Deflect","Deadly Poison+1"],"picked":"Die Die Die","floor":39},{"not_picked":["Deflect","Dagger Spray"],"picked":"Flechettes","floor":46},{"not_picked":["Predator","Cloak And Dagger","Deflect+1"],"picked":"Singing Bowl","floor":49}],"player_experience":834601,"relics_obtained":[{"floor":5,"key":"Dream Catcher"},{"floor":6,"key":"Orichalcum"},{"floor":8,"key":"Tough Bandages"},{"floor":9,"key":"Calipers"},{"floor":20,"key":"Red Mask"},{"floor":26,"key":"Happy Flower"},{"floor":27,"key":"Singing Bowl"},{"floor":39,"key":"WingedGreaves"},{"floor":43,"key":"Omamori"}],"event_choices":[{"damage_healed":0,"gold_gain":0,"player_choice":"Success","damage_taken":11,"relics_obtained":["StoneCalendar"],"max_hp_gain":0,"max_hp_loss":0,"event_name":"Scrap Ooze","floor":2,"gold_loss":0},{"damage_healed":0,"gold_gain":0,"player_choice":"Upgraded","damage_taken":0,"max_hp_gain":0,"max_hp_loss":0,"event_name":"Upgrade Shrine","floor":3,"gold_loss":0,"cards_upgraded":["Dash"]},{"damage_healed":0,"gold_gain":0,"player_choice":"Gave Potion","damage_taken":0,"relics_obtained":["Mango"],"max_hp_gain":0,"max_hp_loss":0,"event_name":"WeMeetAgain","floor":13,"gold_loss":0},{"damage_healed":0,"gold_gain":0,"player_choice":"Simplicity","damage_taken":0,"max_hp_gain":0,"max_hp_loss":0,"event_name":"Back to Basics","floor":19,"gold_loss":0,"cards_upgraded":["Defend_G","Defend_G","Defend_G","Defend_G","Defend_G","Strike_G","Strike_G","Strike_G","Strike_G","Strike_G"]},{"damage_healed":0,"gold_gain":0,"player_choice":"Fought Bandits","damage_taken":0,"max_hp_gain":0,"max_hp_loss":0,"event_name":"Masked Bandits","floor":20,"gold_loss":0},{"damage_healed":0,"gold_gain":0,"player_choice":"Ignored","damage_taken":0,"max_hp_gain":0,"max_hp_loss":0,"event_name":"The Mausoleum","floor":21,"gold_loss":0},{"damage_healed":0,"gold_gain":0,"player_choice":"Joined the Cult","damage_taken":6,"max_hp_gain":0,"max_hp_loss":0,"event_name":"Nest","floor":25,"gold_loss":0,"cards_obtained":["RitualDagger"]},{"damage_healed":0,"gold_gain":0,"player_choice":"Obtain J.A.X.","damage_taken":0,"max_hp_gain":0,"max_hp_loss":0,"event_name":"Drug Dealer","floor":31,"gold_loss":0,"cards_obtained":["J.A.X."]},{"damage_healed":0,"gold_gain":0,"cards_transformed":["Acrobatics"],"player_choice":"Transformed","damage_taken":0,"max_hp_gain":0,"max_hp_loss":0,"event_name":"Transmorgrifier","floor":37,"gold_loss":0,"cards_obtained":["Quick Slash"]},{"damage_healed":0,"gold_gain":0,"player_choice":"Fight","damage_taken":0,"max_hp_gain":0,"max_hp_loss":0,"event_name":"MindBloom","floor":39,"gold_loss":0},{"cards_removed":["Strike_G"],"damage_healed":0,"gold_gain":0,"player_choice":"Removed Attack","damage_taken":0,"max_hp_gain":0,"max_hp_loss":0,"event_name":"Falling","floor":44,"gold_loss":0},{"damage_healed":0,"gold_gain":222,"player_choice":"Wore Mask","damage_taken":0,"max_hp_gain":0,"max_hp_loss":0,"event_name":"Tomb of Lord Red Mask","floor":47,"gold_loss":0}],"is_beta":false,"boss_relics":[{"not_picked":["Snecko Eye","White Beast Statue"],"picked":"Velvet Choker"},{"not_picked":["HoveringKite","WristBlade"],"picked":"Sozu"}],"items_purged_floors":[42],"is_endless":false,"potions_floor_spawned":[4,6,14,18,20,22,35,36,46],"ascension_level":18}