{"gold_per_floor":[113,38,52,127,151,180,0,0,76,76,76,108,140,178,190,280,292,318,330,357,369,381,393,405],"floor_reached":24,"playtime":506,"items_purged":["Strike_R"],"score":470,"play_id":"f90b69f0-d8bb-4744-9b7a-1ef14a1a50b5","local_time":"20190106200622","is_ascension_mode":true,"campfire_choices":[{"data":"Whirlwind","floor":8,"key":"SMITH"},{"data":"Bash","floor":11,"key":"SMITH"},{"data":"Inflame","floor":15,"key":"SMITH"},{"floor":23,"key":"REST"}],"neow_cost":"NONE","seed_source_timestamp":1227945265455030,"circlet_count":0,"master_deck":["AscendersBane","Strike_R","Strike_R","Strike_R","Strike_R","Defend_R","Defend_R","Bash+1","Whirlwind+1","Clash","Shockwave+1","Purity+1","Seeing Red+1","Pommel Strike","Inflame+1","Double Tap+1","True Grit+1","Dual Wield+1","RitualDagger"],"relics":["Black Blood","NeowsBlessing","PreservedInsect","Toxic Egg 2","Matryoshka","Ginger","MawBank","Strawberry"],"potions_floor_usage":[14,18,24,24],"damage_taken":[{"damage":0,"enemies":"Cultist","floor":1,"turns":1},{"damage":0,"enemies":"Jaw Worm","floor":3,"turns":1},{"damage":0,"enemies":"Lagavulin","floor":6,"turns":1},{"damage":11,"enemies":"Gremlin Nob","floor":12,"turns":3},{"damage":5,"enemies":"2 Louse","floor":13,"turns":2},{"damage":5,"enemies":"Lagavulin","floor":14,"turns":6},{"damage":15,"enemies":"Slime Boss","floor":16,"turns":7},{"damage":28,"enemies":"3 Byrds","floor":18,"turns":3},{"damage":38,"enemies":"2 Thieves","floor":20,"turns":4},{"damage":61,"enemies":"Slavers","floor":24,"turns":3}],"seed_played":"-3698087886813806590","potions_obtained":[{"floor":3,"key":"Dexterity Potion"},{"floor":12,"key":"SkillPotion"},{"floor":16,"key":"PowerPotion"},{"floor":20,"key":"SpeedPotion"}],"is_trial":false,"path_per_floor":["M","?","M","?","T","E","$","R","T","?","R","E","M","E","R","B",null,"M","?","M","?","?","R","E"],"character_chosen":"IRONCLAD","items_purchased":["Purity+1"],"campfire_rested":1,"item_purchase_floors":[7],"current_hp_per_floor":[74,74,75,64,64,70,70,70,70,52,52,47,48,56,56,47,73,55,55,27,43,37,61,0],"gold":405,"neow_bonus":"THREE_ENEMY_KILL","is_prod":false,"is_daily":false,"chose_seed":false,"campfire_upgraded":3,"win_rate":0,"timestamp":1546772782,"path_taken":["M","?","M","?","?","E","$","R","T","?","R","E","M","E","R","BOSS","M","?","M","?","?","R","E"],"build_version":"2019-01-03v4","purchased_purges":1,"victory":false,"max_hp_per_floor":[75,75,75,75,75,75,75,75,75,75,75,75,75,82,82,82,82,82,82,82,82,82,82,82],"card_choices":[{"not_picked":["Iron Wave","Disarm"],"picked":"Whirlwind","floor":1},{"not_picked":["Sever Soul","Intimidate"],"picked":"Clash","floor":3},{"not_picked":["Armaments","Intimidate"],"picked":"Shockwave","floor":6},{"not_picked":["Havoc+1","Blood for Blood"],"picked":"Seeing Red+1","floor":12},{"not_picked":["Thunderclap","Twin Strike"],"picked":"Pommel Strike","floor":13},{"not_picked":["Thunderclap","Blood for Blood"],"picked":"Inflame","floor":14},{"not_picked":["Juggernaut","Brutality"],"picked":"Double Tap+1","floor":16},{"not_picked":["Sword Boomerang","Inflame"],"picked":"True Grit+1","floor":18},{"not_picked":["Fire Breathing","Warcry+1"],"picked":"Dual Wield+1","floor":20}],"player_experience":838231,"relics_obtained":[{"floor":5,"key":"PreservedInsect"},{"floor":6,"key":"Toxic Egg 2"},{"floor":9,"key":"Matryoshka"},{"floor":12,"key":"MawBank"},{"floor":14,"key":"Strawberry"}],"event_choices":[{"cards_removed":["Defend_R"],"damage_healed":0,"gold_gain":0,"player_choice":"Card Removal","damage_taken":0,"max_hp_gain":0,"max_hp_loss":0,"event_name":"The Cleric","floor":2,"gold_loss":75},{"damage_healed":0,"gold_gain":75,"player_choice":"Gather Gold","damage_taken":11,"max_hp_gain":0,"max_hp_loss":0,"event_name":"World of Goop","floor":4,"gold_loss":0},{"damage_healed":0,"gold_gain":0,"player_choice":"Success","damage_taken":18,"relics_obtained":["Ginger"],"max_hp_gain":0,"max_hp_loss":0,"event_name":"Scrap Ooze","floor":10,"gold_loss":0},{"cards_removed":["Defend_R"],"damage_healed":0,"gold_gain":0,"player_choice":"Elegance","damage_taken":0,"max_hp_gain":0,"max_hp_loss":0,"event_name":"Back to Basics","floor":19,"gold_loss":0},{"damage_healed":16,"gold_gain":0,"player_choice":"Heal","damage_taken":0,"max_hp_gain":0,"max_hp_loss":0,"event_name":"The Library","floor":21,"gold_loss":0},{"damage_healed":0,"gold_gain":0,"player_choice":"Joined the Cult","damage_taken":6,"max_hp_gain":0,"max_hp_loss":0,"event_name":"Nest","floor":22,"gold_loss":0,"cards_obtained":["RitualDagger"]}],"is_beta":false,"boss_relics":[{"not_picked":["Ectoplasm","White Beast Statue"],"picked":"Black Blood"}],"items_purged_floors":[7],"is_endless":false,"potions_floor_spawned":[3,12,16,20],"killed_by":"Slavers","ascension_level":20}