{"gold_per_floor":[113,38,38,49,49,78,78,90,116,116,41,41,82,102,102,201,201,175,0,19,69,69,69,69],"floor_reached":24,"playtime":923,"items_purged":["Injury","Second Wind"],"score":404,"play_id":"47fa2d09-0f4d-457f-8172-a096b339f924","local_time":"20190213173705","is_ascension_mode":true,"campfire_choices":[{"floor":7.0,"key":"REST"},{"floor":15.0,"key":"REST"},{"floor":23.0,"key":"REST"}],"neow_cost":"TEN_PERCENT_HP_LOSS","seed_source_timestamp":795720462066403,"circlet_count":0,"master_deck":["AscendersBane","Bash","Inflame","Juggernaut","Shockwave+1","Shrug It Off","Pummel","Barricade","Flame Barrier","Demon Form","Bludgeon","Burning Pact","Pummel","Rage","Rage","Whirlwind","Metallicize","Disarm"],"special_seed":0,"relics":["Burning Blood","Magic Flower","Pen Nib","Vajra","Golden Idol","Matryoshka","Oddly Smooth Stone","Pandora\u0027s Box"],"potions_floor_usage":[],"damage_taken":[{"damage":9.0,"enemies":"2 Louse","floor":1.0,"turns":4.0},{"damage":10.0,"enemies":"Small Slimes","floor":4.0,"turns":3.0},{"damage":59.0,"enemies":"Gremlin Nob","floor":6.0,"turns":5.0},{"damage":4.0,"enemies":"Cultist","floor":8.0,"turns":3.0},{"damage":37.0,"enemies":"3 Sentries","floor":13.0,"turns":8.0},{"damage":11.0,"enemies":"Blue Slaver","floor":14.0,"turns":4.0},{"damage":27.0,"enemies":"The Guardian","floor":16.0,"turns":17.0},{"damage":16.0,"enemies":"2 Thieves","floor":18.0,"turns":4.0},{"damage":25.0,"enemies":"Shell Parasite","floor":20.0,"turns":7.0},{"damage":38,"enemies":"Gremlin Leader","floor":24,"turns":4}],"seed_played":"1441751526409075301","potions_obtained":[{"floor":1.0,"key":"FearPotion"},{"floor":6.0,"key":"Block Potion"},{"floor":18.0,"key":"Fire Potion"}],"is_trial":false,"path_per_floor":["M","?","?","M","?","E","R","M","T","?","$","T","E","M","R","B",null,"M","$","M","?","$","R","E"],"character_chosen":"IRONCLAD","items_purchased":["Metallicize"],"campfire_rested":3,"item_purchase_floors":[19],"current_hp_per_floor":[68,68,68,67,67,17,37,42,42,42,42,42,14,12,32,14,55,48,48,32,32,32,52,14],"gold":69,"neow_bonus":"ONE_RARE_RELIC","is_prod":false,"is_daily":false,"chose_seed":false,"campfire_upgraded":0,"win_rate":0,"timestamp":1550104625,"path_taken":["M","?","?","?","?","E","R","M","T","?","$","?","E","M","R","BOSS","M","$","M","?","$","R","E"],"build_version":"2019-01-23","purchased_purges":2,"victory":false,"max_hp_per_floor":[68,68,68,68,68,68,68,68,68,68,68,68,68,68,68,68,68,68,68,68,68,68,68,68],"card_choices":[{"not_picked":["Armaments","Body Slam"],"picked":"Inflame","floor":1.0},{"not_picked":["Iron Wave","Clash"],"picked":"Shockwave","floor":4.0},{"not_picked":["Inflame","Pommel Strike"],"picked":"Shrug It Off","floor":6.0},{"not_picked":["Warcry","Headbutt"],"picked":"Pummel","floor":8.0},{"not_picked":["Sever Soul","Armaments"],"picked":"Barricade","floor":13.0},{"not_picked":["Thunderclap","Shockwave"],"picked":"Flame Barrier","floor":14.0},{"not_picked":["Double Tap","Berserk"],"picked":"Demon Form","floor":16.0},{"not_picked":["Combust","Heavy Blade","Sentinel"],"picked":"SKIP","floor":18.0},{"not_picked":["Thunderclap","Blood for Blood"],"picked":"Disarm","floor":20.0}],"player_experience":817281,"relics_obtained":[{"floor":6.0,"key":"Pen Nib"},{"floor":9.0,"key":"Vajra"},{"floor":12.0,"key":"Matryoshka"},{"floor":13.0,"key":"Oddly Smooth Stone"}],"event_choices":[{"cards_removed":["Defend_R"],"damage_healed":0.0,"max_hp_gain":0.0,"max_hp_loss":0.0,"gold_gain":0.0,"event_name":"The Cleric","player_choice":"Card Removal","floor":2.0,"gold_loss":75.0,"damage_taken":0.0},{"damage_healed":0.0,"max_hp_gain":0.0,"max_hp_loss":0.0,"gold_gain":0.0,"cards_transformed":["Strike_R"],"event_name":"Transmorgrifier","player_choice":"Transformed","floor":3.0,"gold_loss":0.0,"damage_taken":0.0,"cards_obtained":["Juggernaut"]},{"damage_healed":0.0,"max_hp_gain":0.0,"max_hp_loss":0.0,"gold_gain":0.0,"event_name":"Living Wall","player_choice":"Grow","floor":5.0,"gold_loss":0.0,"damage_taken":0.0,"cards_upgraded":["Shockwave"]},{"damage_healed":0.0,"max_hp_gain":0.0,"max_hp_loss":0.0,"gold_gain":0.0,"event_name":"Golden Idol","player_choice":"Take Wound","floor":10.0,"gold_loss":0.0,"damage_taken":0.0,"relics_obtained":["Golden Idol"],"cards_obtained":["Injury"]},{"damage_healed":0.0,"max_hp_gain":0.0,"max_hp_loss":0.0,"gold_gain":50.0,"event_name":"Nest","player_choice":"Stole From Cult","floor":21.0,"gold_loss":0.0,"damage_taken":0.0}],"is_beta":false,"boss_relics":[{"not_picked":["Snecko Eye","Busted Crown"],"picked":"Pandora\u0027s Box"}],"items_purged_floors":[11,19],"is_endless":false,"potions_floor_spawned":[1,6,18],"killed_by":"Gremlin Leader","ascension_level":20}