{"gold_per_floor":[114,114,114,189,200,256,256,268],"floor_reached":8,"playtime":254,"items_purged":[],"score":150,"play_id":"e9984fa1-1b9d-434c-9e4c-0eaf0e7f9b26","local_time":"20190127194946","is_ascension_mode":true,"campfire_choices":[{"data":"True Grit","floor":7,"key":"SMITH"}],"neow_cost":"NONE","seed_source_timestamp":14719052827056,"circlet_count":0,"master_deck":["AscendersBane","Strike_R","Strike_R","Strike_R","Strike_R","Strike_R+1","Defend_R","Defend_R","Defend_R","Defend_R","Bash","Twin Strike+1","Perfected Strike","True Grit+1"],"special_seed":0,"relics":["Burning Blood","NeowsBlessing","Tiny Chest"],"potions_floor_usage":[],"damage_taken":[{"damage":0.0,"enemies":"Jaw Worm","floor":1.0,"turns":1.0},{"damage":0,"enemies":"2 Louse","floor":5,"turns":1},{"damage":0,"enemies":"Gremlin Nob","floor":6,"turns":1},{"damage":1,"enemies":"Small Slimes","floor":8,"turns":3}],"seed_played":"4318946886859774291","potions_obtained":[{"floor":5,"key":"LiquidBronze"},{"floor":6,"key":"GamblersBrew"}],"is_trial":false,"path_per_floor":["M","?","?","?","M","E","R","M"],"character_chosen":"IRONCLAD","items_purchased":[],"campfire_rested":0,"item_purchase_floors":[],"current_hp_per_floor":[74,79,55,44,50,56,56,61],"gold":268,"neow_bonus":"THREE_ENEMY_KILL","is_prod":false,"is_daily":false,"chose_seed":false,"campfire_upgraded":1,"win_rate":0,"timestamp":1548611386,"path_taken":["M","?","?","?","M","E","R","M"],"build_version":"2019-01-23","purchased_purges":0,"victory":false,"max_hp_per_floor":[75,80,80,80,80,80,80,80],"card_choices":[{"not_picked":["True Grit","Blood for Blood"],"picked":"Twin Strike","floor":1.0},{"not_picked":["Body Slam","Impervious"],"picked":"Perfected Strike","floor":5},{"not_picked":["Corruption","Iron Wave"],"picked":"True Grit","floor":6}],"player_experience":911649,"relics_obtained":[{"floor":6,"key":"Tiny Chest"}],"event_choices":[{"damage_healed":0,"gold_gain":0,"player_choice":"Donut","damage_taken":0,"max_hp_gain":5,"max_hp_loss":0,"event_name":"Big Fish","floor":2,"gold_loss":0},{"damage_healed":0,"gold_gain":0,"player_choice":"Entered Light","damage_taken":24,"max_hp_gain":0,"max_hp_loss":0,"event_name":"Shining Light","floor":3,"gold_loss":0,"cards_upgraded":["Strike_R","Twin Strike"]},{"damage_healed":0,"gold_gain":75,"player_choice":"Gather Gold","damage_taken":11,"max_hp_gain":0,"max_hp_loss":0,"event_name":"World of Goop","floor":4,"gold_loss":0}],"is_beta":false,"boss_relics":[],"items_purged_floors":[],"is_endless":false,"potions_floor_spawned":[5,6],"killed_by":"Small Slimes","ascension_level":17}