{"gold_per_floor":[18,34,34,50,61,94,94,115,115,115,159,174,174,188,188,314,314,328,351,370,370,144,144,191,231,258,258,258,276,294,309,309,435,435,460,460,316,337,337,373,373,387,387,387,336,354,354,687,687,687],"floor_reached":51,"playtime":5748,"items_purged":["Defend_B"],"score":1329,"play_id":"2b7dfbae-41a9-4e80-91ce-4ffa23f84dd2","local_time":"20181108021825","is_ascension_mode":true,"campfire_choices":[{"floor":10.0,"key":"REST"},{"floor":15.0,"key":"REST"},{"floor":23.0,"key":"REST"},{"floor":28.0,"key":"REST"},{"floor":32,"key":"REST"},{"data":"Multi-Cast","floor":41,"key":"SMITH"},{"data":"Loop","floor":49,"key":"SMITH"}],"neow_cost":"NO_GOLD","seed_source_timestamp":0,"circlet_count":0,"master_deck":["AscendersBane","Strike_B+1","Strike_B+1","Strike_B+1","Defend_B+1","Defend_B+1","Defend_B+1","Zap","Dualcast","Genetic Algorithm","Steam","Loop+1","Ball Lightning+1","Conserve Battery","Machine Learning","Beam Cell","Cold Snap","Multi-Cast+1","Lockon+1","Conserve Battery","Genetic Algorithm","Ghostly","Ghostly","Ghostly","Ghostly","Ghostly","Ball Lightning","Hologram+1","Glacier","Core Surge","Seek","Double Energy+1","Madness","Madness","Blind","Barrage","Stack+1","Redo+1","Consume","Genetic Algorithm","Leap","Compile Driver+1"],"special_seed":0,"relics":["Cracked Core","Symbiotic Virus","Cables","Oddly Smooth Stone","Inserter","Strawberry","Lantern","Incense Burner","Whetstone","Eternal Feather","Matryoshka","Omamori","Dodecahedron","Orichalcum","Unceasing Top"],"potions_floor_usage":[33,33,50],"damage_taken":[{"damage":8.0,"enemies":"2 Louse","floor":1.0,"turns":3.0},{"damage":10.0,"enemies":"Jaw Worm","floor":2.0,"turns":4.0},{"damage":5.0,"enemies":"Small Slimes","floor":4.0,"turns":3.0},{"damage":6.0,"enemies":"Exordium Thugs","floor":5.0,"turns":5.0},{"damage":22.0,"enemies":"3 Sentries","floor":6.0,"turns":8.0},{"damage":5.0,"enemies":"Blue Slaver","floor":8.0,"turns":4.0},{"damage":27.0,"enemies":"Gremlin Nob","floor":11.0,"turns":4.0},{"damage":0.0,"enemies":"Exordium Wildlife","floor":12.0,"turns":3.0},{"damage":12.0,"enemies":"Large Slime","floor":14.0,"turns":3.0},{"damage":6.0,"enemies":"The Guardian","floor":16.0,"turns":7.0},{"damage":16.0,"enemies":"Shell Parasite","floor":18.0,"turns":4.0},{"damage":10.0,"enemies":"Chosen","floor":19.0,"turns":5.0},{"damage":21.0,"enemies":"Snake Plant","floor":20.0,"turns":4.0},{"damage":43.0,"enemies":"Slavers","floor":25.0,"turns":9.0},{"damage":16.0,"enemies":"Cultist and Chosen","floor":29.0,"turns":8.0},{"damage":0.0,"enemies":"Centurion and Healer","floor":30.0,"turns":6.0},{"damage":3,"enemies":"Shelled Parasite and Fungi","floor":31,"turns":5},{"damage":0,"enemies":"Automaton","floor":33,"turns":10},{"damage":0,"enemies":"Orb Walker","floor":35,"turns":5},{"damage":3,"enemies":"3 Darklings","floor":38,"turns":8},{"damage":0,"enemies":"Reptomancer","floor":40,"turns":5},{"damage":0,"enemies":"Writhing Mass","floor":42,"turns":5},{"damage":0,"enemies":"Transient","floor":46,"turns":5},{"damage":0,"enemies":"Time Eater","floor":50,"turns":8}],"seed_played":"4994469956000965047","potions_obtained":[{"floor":1.0,"key":"Fire Potion"},{"floor":6.0,"key":"Regen Potion"},{"floor":12.0,"key":"Weak Potion"},{"floor":16.0,"key":"SpeedPotion"},{"floor":29.0,"key":"GamblersBrew"},{"floor":33,"key":"SpeedPotion"},{"floor":40,"key":"EssenceOfSteel"},{"floor":42,"key":"LiquidBronze"}],"is_trial":false,"path_per_floor":["M","M","?","M","M","E","E","?","M","T","R","E","M","?","M","R","B",null,"M","M","M","?","$","R","T","E","T","?","R","M","M","M","M","R","B",null,"M","?","$","M","?","E","R","M","T","?","$","M","T","?","R","B",null],"character_chosen":"DEFECT","items_purchased":["Strawberry","Blind","Barrage","Leap"],"campfire_rested":5,"item_purchase_floors":[22,37,37,45],"current_hp_per_floor":[74,64,64,59,53,31,31,38,38,64,37,37,37,25,51,45,78,62,52,31,31,38,51,51,8,8,8,23,7,7,4,19,19,43,43,37,37,34,34,34,51,51,51,51,51,51,51,51,51,51],"gold":687,"neow_bonus":"TWENTY_PERCENT_HP_BONUS","is_prod":false,"is_daily":false,"chose_seed":false,"campfire_upgraded":2,"win_rate":0,"timestamp":1541672305,"path_taken":["M","M","?","M","M","E","?","M","T","R","E","M","?","M","R","BOSS","M","M","M","?","$","R","?","E","T","?","R","M","M","M","R","BOSS","M","?","$","M","?","E","R","M","T","?","$","?","?","?","R","BOSS"],"build_version":"2018-11-01","purchased_purges":1,"victory":true,"max_hp_per_floor":[89,89,89,89,89,89,89,89,89,89,89,89,89,89,89,89,89,89,89,89,44,51,51,51,51,51,51,51,51,51,51,51,51,51,51,51,51,51,51,51,51,51,51,51,51,51,51,51,51,51],"card_choices":[{"not_picked":["Barrage","Coolheaded"],"picked":"Genetic Algorithm","floor":1.0},{"not_picked":["Glacier","Turbo"],"picked":"Steam","floor":2.0},{"not_picked":["Steam Power","Redo"],"picked":"Loop","floor":4.0},{"not_picked":["Fusion","Leap"],"picked":"Ball Lightning","floor":5.0},{"not_picked":["Blizzard","Rebound","Stack"],"picked":"SKIP","floor":6.0},{"not_picked":["Steam","Lockon"],"picked":"Conserve Battery","floor":8.0},{"not_picked":["Skim","Heatsinks"],"picked":"Machine Learning","floor":11.0},{"not_picked":["Hello World","Steam Power"],"picked":"Beam Cell","floor":12.0},{"not_picked":["Steam Power","Redo"],"picked":"Cold Snap","floor":14.0},{"not_picked":["Meteor Strike","Fission"],"picked":"Multi-Cast","floor":16.0},{"not_picked":["Compile Driver","White Noise+1"],"picked":"Lockon+1","floor":18.0},{"not_picked":["Rip and Tear+1","Capacitor"],"picked":"Conserve Battery","floor":19.0},{"not_picked":["Turbo","Beam Cell"],"picked":"Genetic Algorithm","floor":20.0},{"not_picked":["Recycle","Steam Power"],"picked":"Ball Lightning","floor":25.0},{"not_picked":["Conserve Battery+1","Coolheaded+1"],"picked":"Hologram+1","floor":29.0},{"not_picked":["Melter","Ball Lightning"],"picked":"Glacier","floor":30.0},{"not_picked":["Coolheaded+1","Compile Driver"],"picked":"Core Surge","floor":31},{"not_picked":["Amplify","Multi-Cast"],"picked":"Seek","floor":33},{"not_picked":["Sweeping Beam","Hologram+1"],"picked":"Double Energy+1","floor":35},{"not_picked":["Fusion","Cold Snap"],"picked":"Stack+1","floor":38},{"not_picked":["Force Field","Hologram"],"picked":"Redo+1","floor":40},{"not_picked":["Recycle","Coolheaded"],"picked":"Consume","floor":42},{"not_picked":["Turbo","Genetic Algorithm"],"picked":"Compile Driver+1","floor":46}],"player_experience":602289,"relics_obtained":[{"floor":6.0,"key":"Symbiotic Virus"},{"floor":9.0,"key":"Cables"},{"floor":11.0,"key":"Oddly Smooth Stone"},{"floor":24.0,"key":"Lantern"},{"floor":25.0,"key":"Incense Burner"},{"floor":26.0,"key":"Whetstone"},{"floor":40,"key":"Matryoshka"},{"floor":43,"key":"Omamori"},{"floor":43,"key":"Dodecahedron"},{"floor":47,"key":"Orichalcum"},{"floor":47,"key":"Unceasing Top"}],"event_choices":[{"damage_healed":0.0,"max_hp_gain":0.0,"max_hp_loss":0.0,"gold_gain":0.0,"event_name":"Liars Game","player_choice":"Ignored","floor":3.0,"gold_loss":0.0,"damage_taken":0.0},{"damage_healed":0.0,"max_hp_gain":0.0,"max_hp_loss":0.0,"gold_gain":0.0,"event_name":"Golden Idol","player_choice":"Take Wound","floor":7.0,"gold_loss":0.0,"damage_taken":0.0,"relics_obtained":["Golden Idol"],"cards_obtained":["Injury"]},{"cards_removed":["Injury"],"damage_healed":0.0,"max_hp_gain":0.0,"max_hp_loss":0.0,"gold_gain":0.0,"event_name":"Living Wall","player_choice":"Forget","floor":13.0,"gold_loss":0.0,"damage_taken":0.0},{"damage_healed":0.0,"max_hp_gain":0.0,"max_hp_loss":45.0,"gold_gain":0.0,"event_name":"Ghosts","player_choice":"Became a Ghost","floor":21.0,"gold_loss":0.0,"damage_taken":0.0,"cards_obtained":["Ghostly","Ghostly","Ghostly","Ghostly","Ghostly"]},{"damage_healed":0.0,"max_hp_gain":0.0,"max_hp_loss":0.0,"gold_gain":0.0,"event_name":"Back to Basics","player_choice":"Simplicity","floor":27.0,"gold_loss":0.0,"damage_taken":0.0,"cards_upgraded":["Strike_B","Strike_B","Strike_B","Defend_B","Defend_B","Defend_B"]},{"damage_healed":0,"gold_gain":0,"player_choice":"Embrace Madness","damage_taken":6,"max_hp_gain":0,"max_hp_loss":0,"event_name":"Winding Halls","floor":36,"gold_loss":0,"cards_obtained":["Madness","Madness"]},{"cards_removed":["Strike_B"],"damage_healed":0,"gold_gain":0,"player_choice":"Removed Attack","damage_taken":0,"max_hp_gain":0,"max_hp_loss":0,"event_name":"Falling","floor":39,"gold_loss":0},{"damage_healed":0,"gold_gain":0,"player_choice":"Copied","damage_taken":0,"max_hp_gain":0,"max_hp_loss":0,"event_name":"Duplicator","floor":44,"gold_loss":0,"cards_obtained":["Genetic Algorithm"]},{"damage_healed":0,"gold_gain":333,"player_choice":"Gave Idol","damage_taken":0,"max_hp_gain":0,"max_hp_loss":0,"event_name":"The Moai Head","floor":48,"relics_lost":["Golden Idol"],"gold_loss":0}],"is_beta":false,"boss_relics":[{"not_picked":["FrozenCore","Lizard Tail"],"picked":"Inserter"},{"not_picked":["White Beast Statue","Astrolabe"],"picked":"Eternal Feather"}],"items_purged_floors":[22],"is_endless":false,"potions_floor_spawned":[1,6,12,16,19,20,29,33,40,42],"ascension_level":11}