{"gold_per_floor":[117,117,117,67,82,82,99,24,48,58,58,58,76,95,95,200,200,216,216,39,58,38,38,51,78,78,78,88,88,88,102,102,206,206,221,221,36,56,56,56,76,76,100,100,100,100,119,139,139,139],"floor_reached":50,"playtime":2100,"items_purged":["Bash","Strike_R"],"score":595,"play_id":"00e5b588-71e6-40cc-be6b-d5cef46733c4","local_time":"20180927132642","is_ascension_mode":true,"campfire_choices":[{"data":"Uppercut","floor":6,"key":"SMITH"},{"data":"Cleave","floor":15,"key":"SMITH"},{"data":"Bludgeon","floor":23,"key":"SMITH"},{"data":"Blood for Blood","floor":29,"key":"SMITH"},{"floor":32,"key":"REST"},{"data":"Purity","floor":40,"key":"SMITH"},{"data":"Feed","floor":42,"key":"SMITH"},{"floor":49,"key":"REST"}],"neow_cost":"TEN_PERCENT_HP_LOSS","seed_source_timestamp":1192244540395105,"circlet_count":0,"master_deck":["Strike_R","Strike_R","Strike_R","Defend_R+1","Defend_R+1","Defend_R","Feed+1","Iron Wave","Uppercut+1","Cleave+1","Bludgeon+1","Inflame+1","Blood for Blood+1","Rupture+1","Shame","Seeing Red+1","Feed+1","Purity+1","Mayhem+1","Metallicize+1","Bloodletting+1","Hemokinesis+1","Metallicize+1"],"relics":["Black Blood","Frozen Egg 2","Vajra","Sozu","Tiny Chest","Centennial Puzzle","Dream Catcher","PreservedInsect","Anchor","War Paint","Prayer Wheel"],"potions_floor_usage":[16,16,18],"damage_taken":[{"damage":0,"enemies":"Small Slimes","floor":1,"turns":3},{"damage":1,"enemies":"2 Louse","floor":5,"turns":2},{"damage":5,"enemies":"Jaw Worm","floor":7,"turns":5},{"damage":18,"enemies":"Large Slime","floor":10,"turns":7},{"damage":11,"enemies":"Exordium Thugs","floor":13,"turns":3},{"damage":15,"enemies":"Lots of Slimes","floor":14,"turns":4},{"damage":7,"enemies":"Slime Boss","floor":16,"turns":6},{"damage":4,"enemies":"3 Byrds","floor":18,"turns":3},{"damage":20,"enemies":"2 Thieves","floor":21,"turns":3},{"damage":23,"enemies":"Centurion and Healer","floor":24,"turns":4},{"damage":33,"enemies":"Book of Stabbing","floor":25,"turns":4},{"damage":12,"enemies":"Snake Plant","floor":28,"turns":3},{"damage":13,"enemies":"3 Cultists","floor":31,"turns":4},{"damage":73,"enemies":"Champ","floor":33,"turns":9},{"damage":28,"enemies":"3 Darklings","floor":35,"turns":5},{"damage":1,"enemies":"Orb Walker","floor":38,"turns":2},{"damage":63,"enemies":"Reptomancer","floor":41,"turns":4},{"damage":28,"enemies":"4 Shapes","floor":47,"turns":4},{"damage":13,"enemies":"Spire Growth","floor":48,"turns":4},{"damage":103,"enemies":"Time Eater","floor":50,"turns":9}],"seed_played":"-8174569673037882081","potions_obtained":[{"floor":7,"key":"Explosive Potion"},{"floor":10,"key":"SteroidPotion"},{"floor":13,"key":"AttackPotion"}],"is_trial":false,"path_per_floor":["M","?","T","?","M","R","M","$","T","M","?","?","M","M","R","B",null,"M","?","$","M","?","R","M","E","T","?","M","R","?","M","R","B",null,"M","?","$","M","$","R","M","R","T","?","T","$","M","M","R"],"character_chosen":"IRONCLAD","items_purchased":["Inflame+1","Mayhem+1"],"campfire_rested":2,"item_purchase_floors":[20,37],"current_hp_per_floor":[75,75,75,75,79,79,83,83,83,75,75,75,74,69,69,72,99,103,103,103,93,93,93,80,57,57,57,55,55,55,52,88,21,123,105,105,105,118,118,118,69,69,69,69,69,69,55,52,92,0],"gold":139,"neow_bonus":"THREE_RARE_CARDS","is_prod":false,"is_daily":false,"chose_seed":false,"campfire_upgraded":6,"win_rate":0,"timestamp":1538020602,"path_taken":["M","?","?","?","?","R","M","$","T","M","?","?","?","M","R","BOSS","M","?","$","M","?","R","M","E","T","?","?","R","?","M","R","BOSS","M","?","$","?","$","R","M","R","T","?","?","$","M","M","R","BOSS"],"build_version":"2018-09-20","purchased_purges":2,"victory":false,"max_hp_per_floor":[75,75,75,75,79,79,83,83,83,87,87,87,91,95,95,99,99,103,103,103,107,107,107,111,115,115,115,119,119,119,123,123,123,123,123,123,123,127,127,127,131,131,131,131,131,131,135,135,135,135],"card_choices":[{"not_picked":["Fiend Fire","Impervious"],"picked":"Feed","floor":0},{"not_picked":["Heavy Blade","Feel No Pain"],"picked":"Iron Wave","floor":1},{"not_picked":["Hemokinesis","Ghostly Armor"],"picked":"Uppercut","floor":5},{"not_picked":["Armaments","Fire Breathing+1"],"picked":"Cleave","floor":7},{"not_picked":["Evolve+1","Corruption+1"],"picked":"Flex","floor":10},{"not_picked":["Heavy Blade","Armaments","Body Slam"],"picked":"SKIP","floor":13},{"not_picked":["Perfected Strike","Thunderclap","Warcry"],"picked":"SKIP","floor":14},{"not_picked":["Exhume","Immolate"],"picked":"Bludgeon","floor":16},{"not_picked":["Anger","Wild Strike","Sentinel"],"picked":"SKIP","floor":18},{"not_picked":["Havoc","Pummel+1","Wild Strike"],"picked":"SKIP","floor":21},{"not_picked":["Battle Trance","Reckless Charge+1"],"picked":"Blood for Blood","floor":24},{"not_picked":["Immolate","Disarm"],"picked":"Rupture+1","floor":25},{"not_picked":["Thunderclap+1","Whirlwind+1"],"picked":"Seeing Red+1","floor":28},{"not_picked":["Sever Soul","Sword Boomerang","Twin Strike"],"picked":"SKIP","floor":31},{"not_picked":["Dark Embrace+1","Brutality+1"],"picked":"Feed","floor":33},{"not_picked":["Havoc+1","Pommel Strike","Sword Boomerang"],"picked":"SKIP","floor":35},{"not_picked":["Panacea","Metamorphosis"],"picked":"Purity","floor":36},{"not_picked":["Heavy Blade","Warcry","Ghostly Armor+1"],"picked":"SKIP","floor":38},{"not_picked":["Sword Boomerang+1","Entrench"],"picked":"Metallicize+1","floor":41},{"not_picked":["Ghostly Armor","Battle Trance+1","Combust+1"],"picked":"SKIP","floor":47},{"not_picked":["Iron Wave","Twin Strike+1","Exhume"],"picked":"SKIP","floor":47},{"not_picked":["Sword Boomerang+1","Clothesline"],"picked":"Bloodletting+1","floor":48},{"not_picked":["Iron Wave","Shockwave+1"],"picked":"Hemokinesis+1","floor":48},{"not_picked":["Clash+1","True Grit"],"picked":"Metallicize+1","floor":49}],"player_experience":219619,"relics_obtained":[{"floor":3,"key":"Frozen Egg 2"},{"floor":9,"key":"Vajra"},{"floor":25,"key":"Centennial Puzzle"},{"floor":26,"key":"Dream Catcher"},{"floor":43,"key":"War Paint"},{"floor":45,"key":"Prayer Wheel"}],"event_choices":[{"event_name":"Living Wall","player_choice":"Grow","floor":2,"damage_taken":0},{"event_name":"The Cleric","player_choice":"Card Removal","floor":4,"damage_taken":0},{"event_name":"Accursed Blacksmith","player_choice":"Forge","floor":11,"damage_taken":0},{"event_name":"Liars Game","player_choice":"disagreed","floor":12,"damage_taken":0},{"event_name":"Back to Basics","player_choice":"Elegance","floor":19,"damage_taken":0},{"event_name":"WeMeetAgain","player_choice":"Gold","floor":22,"damage_taken":0},{"event_name":"Addict","player_choice":"Stole Relic","floor":27,"damage_taken":0},{"event_name":"The Mausoleum","player_choice":"Yes","floor":30,"damage_taken":0},{"event_name":"SensoryStone","player_choice":"Memory 1","floor":36,"damage_taken":0},{"event_name":"Falling","player_choice":"Removed Skill","floor":44,"damage_taken":0}],"is_beta":false,"boss_relics":[{"not_picked":["Fusion Hammer","White Beast Statue"],"picked":"Sozu"},{"not_picked":["Pandora\u0027s Box","Tiny House"],"picked":"Black Blood"}],"items_purged_floors":[8,20],"is_endless":false,"potions_floor_spawned":[7,10,13,21,24,25,33,38,41],"killed_by":"Time Eater","ascension_level":3}