{"gold_per_floor":[363,381,15,32,32,32,57,22,22,22,94,144,23,38,38,38],"floor_reached":16,"playtime":294,"items_purged":["Defend_R"],"score":196,"play_id":"7fc5b1e9-c74a-42d4-b22d-44b6160ec13d","local_time":"20190111025405","is_ascension_mode":true,"campfire_choices":[{"data":"Inflame","floor":6.0,"key":"SMITH"},{"data":"Heavy Blade","floor":10.0,"key":"SMITH"},{"data":"Iron Wave","floor":15,"key":"SMITH"}],"neow_cost":"PERCENT_DAMAGE","seed_source_timestamp":38832521194571,"circlet_count":0,"master_deck":["AscendersBane","Strike_R","Strike_R","Strike_R","Strike_R","Strike_R","Defend_R+1","Defend_R+1","Bash","Shrug It Off","Shrug It Off","Inflame+1","Iron Wave+1","Heavy Blade+1","Reaper","Pommel Strike"],"special_seed":0,"relics":["Burning Blood","Matryoshka","The Courier","War Paint","Bag of Preparation","Ancient Tea Set","Paper Frog"],"potions_floor_usage":[],"damage_taken":[{"damage":7.0,"enemies":"Cultist","floor":1.0,"turns":4.0},{"damage":2.0,"enemies":"2 Louse","floor":2.0,"turns":3.0},{"damage":4.0,"enemies":"Jaw Worm","floor":4.0,"turns":6.0},{"damage":51.0,"enemies":"Gremlin Nob","floor":7.0,"turns":5.0},{"damage":0,"enemies":"Blue Slaver","floor":14,"turns":6},{"damage":42,"enemies":"The Guardian","floor":16,"turns":7}],"seed_played":"-1180344791038554195","potions_obtained":[],"is_trial":false,"path_per_floor":["M","M","$","M","?","R","E","?","T","R","T","?","$","M","R","B"],"character_chosen":"IRONCLAD","items_purchased":["Inflame","Matryoshka","Reaper"],"campfire_rested":0,"item_purchase_floors":[3,3,13],"current_hp_per_floor":[49,53,53,55,55,55,10,28,28,28,28,21,21,30,30,0],"gold":38,"neow_bonus":"TWO_FIFTY_GOLD","is_prod":false,"is_daily":false,"chose_seed":false,"campfire_upgraded":3,"win_rate":0,"timestamp":1547142845,"path_taken":["M","?","$","M","?","R","E","?","T","R","?","?","$","?","R","BOSS"],"build_version":"2019-01-03v4","purchased_purges":1,"victory":false,"max_hp_per_floor":[75,75,75,75,75,75,75,75,75,75,75,75,75,75,75,75],"card_choices":[{"not_picked":["Iron Wave","Pummel"],"picked":"Shrug It Off","floor":1.0},{"not_picked":["Clothesline","Pummel"],"picked":"Shrug It Off","floor":2.0},{"not_picked":["Headbutt","Sever Soul"],"picked":"Iron Wave","floor":4.0},{"not_picked":["Cleave","Evolve"],"picked":"Heavy Blade","floor":7.0},{"not_picked":["Body Slam","Reckless Charge"],"picked":"Pommel Strike","floor":14}],"player_experience":846817,"relics_obtained":[{"floor":7.0,"key":"The Courier"},{"floor":9.0,"key":"War Paint"},{"floor":9.0,"key":"Bag of Preparation"},{"floor":11.0,"key":"Ancient Tea Set"},{"floor":11.0,"key":"Paper Frog"}],"event_choices":[{"cards_removed":["Defend_R"],"damage_healed":0.0,"max_hp_gain":0.0,"max_hp_loss":0.0,"gold_gain":0.0,"event_name":"Living Wall","player_choice":"Forget","floor":5.0,"gold_loss":0.0,"damage_taken":0.0},{"damage_healed":18.0,"max_hp_gain":0.0,"max_hp_loss":0.0,"gold_gain":0.0,"event_name":"The Cleric","player_choice":"Healed","floor":8.0,"gold_loss":35.0,"damage_taken":0.0},{"damage_healed":0,"gold_gain":50,"player_choice":"Touch","damage_taken":7,"max_hp_gain":0,"max_hp_loss":0,"event_name":"FaceTrader","floor":12,"gold_loss":0}],"is_beta":false,"boss_relics":[],"items_purged_floors":[13],"is_endless":false,"potions_floor_spawned":[],"killed_by":"The Guardian","ascension_level":20}