{"gold_per_floor":[10,85,104,29,48,48,75,90,137,151,151,164,64,64,64,141,141,153,181,96,109,126,126,126,143,167,167,184,203,228,239,239,310,310,321,321,334,351,351,351,115,134,134,150,164,164,189,203,203,203],"floor_reached":50,"playtime":1594,"items_purged":["Strike_R","Defend_R"],"score":1125,"play_id":"4151ed0f-7e0a-435a-9bab-d421fa000e6d","local_time":"20180830111922","is_ascension_mode":true,"campfire_choices":[{"data":"Carnage","floor":6,"key":"SMITH"},{"floor":11,"key":"REST"},{"data":"Flex","floor":15,"key":"SMITH"},{"data":"Bash","floor":23,"key":"SMITH"},{"data":"RitualDagger","floor":27,"key":"SMITH"},{"floor":32,"key":"REST"},{"floor":40,"key":"REST"},{"floor":49,"key":"REST"}],"neow_cost":"NO_GOLD","seed_source_timestamp":41824431007013,"circlet_count":0,"master_deck":["Strike_R","Strike_R","Strike_R","Strike_R","Defend_R","Bash+1","AscendersBane","Carnage+1","Clothesline","Flex+1","Clash","Twin Strike","Impervious","Clash","Battle Trance","Offering","Battle Trance","Shrug It Off","Twin Strike","RitualDagger+1","Clumsy","Shockwave","Spot Weakness","Feed","Twin Strike","Pommel Strike+1","Sword Boomerang+1","Flex+1","Uppercut+1","Twin Strike+1","Doubt","Clash","Heavy Blade+1","Inflame","Shockwave+1","Clash+1","Twin Strike"],"relics":["Burning Blood","Pear","Ancient Tea Set","Cursed Key","Red Mask","Lantern","Bag of Preparation","Darkstone Periapt","Orrery","Prayer Wheel","GremlinMask","ClockworkSouvenir","Bottled Flame","Du-Vu Doll"],"potions_floor_usage":[8,19,21,22,25,33,33,37,37,44,44,45,47,48],"damage_taken":[{"damage":4,"enemies":"Jaw Worm","floor":1,"turns":3},{"damage":8,"enemies":"2 Louse","floor":3,"turns":2},{"damage":10,"enemies":"Small Slimes","floor":5,"turns":2},{"damage":45,"enemies":"3 Sentries","floor":7,"turns":10},{"damage":15,"enemies":"Gremlin Gang","floor":8,"turns":4},{"damage":12,"enemies":"Exordium Thugs","floor":10,"turns":3},{"damage":0,"enemies":"Large Slime","floor":12,"turns":3},{"damage":18,"enemies":"Slime Boss","floor":16,"turns":6},{"damage":6,"enemies":"Chosen","floor":18,"turns":3},{"damage":6,"enemies":"Masked Bandits","floor":19,"turns":3},{"damage":16,"enemies":"Shell Parasite","floor":21,"turns":3},{"damage":0,"enemies":"Shelled Parasite and Fungi","floor":22,"turns":3},{"damage":11,"enemies":"Centurion and Healer","floor":25,"turns":4},{"damage":0,"enemies":"Snake Plant","floor":28,"turns":3},{"damage":6,"enemies":"Cultist and Chosen","floor":29,"turns":4},{"damage":26,"enemies":"Book of Stabbing","floor":30,"turns":4},{"damage":6,"enemies":"Centurion and Healer","floor":31,"turns":4},{"damage":71,"enemies":"Automaton","floor":33,"turns":7},{"damage":26,"enemies":"3 Darklings","floor":35,"turns":5},{"damage":0,"enemies":"Mind Bloom Boss Battle","floor":36,"turns":4},{"damage":6,"enemies":"Flame Bruiser 1 Orb","floor":37,"turns":1},{"damage":47,"enemies":"3 Darklings","floor":38,"turns":4},{"damage":12,"enemies":"Transient","floor":42,"turns":6},{"damage":39,"enemies":"Spire Growth","floor":44,"turns":3},{"damage":12,"enemies":"3 Darklings","floor":45,"turns":5},{"damage":10,"enemies":"Giant Head","floor":47,"turns":5},{"damage":13,"enemies":"Transient","floor":48,"turns":6},{"damage":45,"enemies":"Donu and Deca","floor":50,"turns":3}],"seed_played":"-9121032131037212005","potions_obtained":[{"floor":7,"key":"Poison Potion"},{"floor":10,"key":"Swift Potion"},{"floor":16,"key":"Block Potion"},{"floor":19,"key":"SkillPotion"},{"floor":22,"key":"Fruit Juice"},{"floor":29,"key":"Explosive Potion"},{"floor":31,"key":"Swift Potion"},{"floor":36,"key":"EntropicBrew"},{"floor":38,"key":"Swift Potion"},{"floor":44,"key":"AttackPotion"},{"floor":46,"key":"Swift Potion"},{"floor":46,"key":"SteroidPotion"}],"is_trial":false,"path_per_floor":["M","?","M","$","M","R","E","M","T","M","R","M","$","?","R","B",null,"M","?","?","M","M","R","?","M","T","R","M","M","E","M","R","B",null,"M","?","M","M","?","R","$","M","T","M","M","?","E","M","R"],"character_chosen":"IRONCLAD","items_purchased":["ClockworkSouvenir"],"campfire_rested":4,"item_purchase_floors":[41],"current_hp_per_floor":[70,59,57,57,53,53,24,15,15,9,34,40,40,45,45,33,76,76,76,76,66,77,77,71,66,66,66,72,72,52,52,80,15,75,55,61,61,20,20,48,48,42,48,18,15,15,14,7,40,0],"gold":203,"neow_bonus":"TRANSFORM_TWO_CARDS","is_prod":false,"is_daily":false,"chose_seed":false,"campfire_upgraded":4,"win_rate":0,"timestamp":1535595562,"path_taken":["M","?","?","$","M","R","E","M","T","M","R","M","?","?","R","BOSS","M","?","?","M","M","R","?","M","T","R","M","M","E","?","R","BOSS","M","?","M","M","?","R","$","?","T","M","M","?","E","M","R","BOSS"],"build_version":"2018-08-23v2","purchased_purges":2,"victory":false,"max_hp_per_floor":[75,75,75,75,75,75,85,85,85,85,85,85,85,90,90,90,90,90,90,90,90,95,95,95,95,95,95,95,95,95,95,95,95,95,95,95,95,95,95,95,95,95,101,104,107,107,110,110,110,110],"card_choices":[{"not_picked":["Warcry","Iron Wave"],"picked":"Flex","floor":1},{"not_picked":["Thunderclap","Warcry"],"picked":"Clash","floor":3},{"not_picked":["Dual Wield","Burning Pact"],"picked":"Twin Strike","floor":5},{"not_picked":["Power Through","Twin Strike"],"picked":"Impervious","floor":7},{"not_picked":["Burning Pact","Body Slam","Evolve"],"picked":"SKIP","floor":8},{"not_picked":["Rupture","Wild Strike"],"picked":"Clash","floor":10},{"not_picked":["Dropkick","Warcry"],"picked":"Battle Trance","floor":12},{"not_picked":["Barricade","Brutality"],"picked":"Offering","floor":16},{"not_picked":["Second Wind","Iron Wave"],"picked":"Battle Trance","floor":18},{"not_picked":["Warcry","Searing Blow+1"],"picked":"Shrug It Off","floor":19},{"not_picked":["Warcry","Rage","Hemokinesis"],"picked":"SKIP","floor":21},{"not_picked":["Rupture","Searing Blow"],"picked":"Twin Strike","floor":22},{"not_picked":["Sentinel","Infernal Blade","Intimidate"],"picked":"SKIP","floor":25},{"not_picked":["Thunderclap","Combust","Flame Barrier"],"picked":"SKIP","floor":28},{"not_picked":["True Grit","Thunderclap","Combust"],"picked":"SKIP","floor":29},{"not_picked":["Havoc","Reckless Charge"],"picked":"Shockwave","floor":30},{"not_picked":["Ghostly Armor","Anger"],"picked":"Spot Weakness","floor":31},{"not_picked":["Offering","Barricade"],"picked":"Feed","floor":33},{"not_picked":["Warcry","Metallicize"],"picked":"Twin Strike","floor":34},{"not_picked":["Whirlwind","Sword Boomerang+1"],"picked":"Pommel Strike+1","floor":34},{"not_picked":["Combust","Bludgeon"],"picked":"Sword Boomerang+1","floor":34},{"not_picked":["Armaments","Flex","Iron Wave"],"picked":"SKIP","floor":35},{"not_picked":["Pommel Strike+1","Dropkick"],"picked":"Flex+1","floor":37},{"not_picked":["Rampage","Thunderclap","Dropkick"],"picked":"SKIP","floor":37},{"not_picked":["Sentinel","Barricade"],"picked":"Uppercut+1","floor":38},{"not_picked":["True Grit","Havoc","Armaments"],"picked":"SKIP","floor":38},{"not_picked":["Havoc","Iron Wave"],"picked":"Twin Strike+1","floor":42},{"not_picked":["Wild Strike","Sword Boomerang","Body Slam"],"picked":"SKIP","floor":42},{"not_picked":["Heavy Blade","Bloodletting+1"],"picked":"Clash","floor":44},{"not_picked":["Flex","Second Wind","Thunderclap"],"picked":"SKIP","floor":44},{"not_picked":["Hemokinesis","Flex"],"picked":"Heavy Blade+1","floor":45},{"not_picked":["Heavy Blade","Exhume"],"picked":"Inflame","floor":45},{"not_picked":["Perfected Strike","Armaments"],"picked":"Shockwave+1","floor":47},{"not_picked":["Flex","Feel No Pain"],"picked":"Clash+1","floor":48},{"not_picked":["Havoc","Thunderclap"],"picked":"Twin Strike","floor":48}],"player_experience":540125,"relics_obtained":[{"floor":7,"key":"Pear"},{"floor":9,"key":"Ancient Tea Set"},{"floor":19,"key":"Red Mask"},{"floor":26,"key":"Bag of Preparation"},{"floor":30,"key":"Darkstone Periapt"},{"floor":36,"key":"Prayer Wheel"},{"floor":43,"key":"Bottled Flame"},{"floor":47,"key":"Du-Vu Doll"}],"event_choices":[{"event_name":"World of Goop","player_choice":"Gather Gold","floor":2,"damage_taken":0},{"event_name":"Big Fish","player_choice":"Donut","floor":14,"damage_taken":0},{"event_name":"Masked Bandits","player_choice":"Fought Bandits","floor":19,"damage_taken":0},{"event_name":"Addict","player_choice":"Obtained Relic","floor":20,"damage_taken":0},{"event_name":"Nest","player_choice":"Joined the Cult","floor":24,"damage_taken":0},{"event_name":"MindBloom","player_choice":"Fight","floor":36,"damage_taken":0},{"event_name":"FaceTrader","player_choice":"Trade","floor":39,"damage_taken":0},{"event_name":"The Lab","player_choice":"Got Potions","floor":46,"damage_taken":0}],"is_beta":false,"boss_relics":[{"not_picked":["Ectoplasm","Runic Cube"],"picked":"Cursed Key"},{"not_picked":["Runic Pyramid","Coffee Dripper"],"picked":"Orrery"}],"items_purged_floors":[4,13],"is_endless":false,"potions_floor_spawned":[7,10,16,18,19,22,29,31,36,38,44],"killed_by":"Donu and Deca","ascension_level":20}