{"gold_per_floor":[115,6,81,81,81,81,31,31,31,48,68,68,95,37,37,132,132,147,174,184,184],"floor_reached":21,"playtime":1309,"items_purged":["Doubt"],"score":210,"play_id":"8fd63d9b-f800-4166-862f-a61461f298a6","local_time":"20181010193208","is_ascension_mode":true,"campfire_choices":[{"data":"Footwork","floor":6.0,"key":"SMITH"},{"data":"Crippling Poison","floor":12.0,"key":"SMITH"},{"data":"Infinite Blades","floor":15.0,"key":"SMITH"}],"neow_cost":"CURSE","seed_source_timestamp":0,"circlet_count":0,"master_deck":["Defend_G","Defend_G","Defend_G","Defend_G","Defend_G","Strike_G","Strike_G","Strike_G","Strike_G","Strike_G","Survivor","Neutralize","Backflip","Footwork+1","PiercingWail","Crippling Poison+1","Infinite Blades+1","Noxious Fumes","Malaise","Bane","Blade Dance"],"special_seed":0,"relics":["Ring of the Snake","WarpedTongs","Anchor","The Courier","Sozu","Red Mask"],"potions_floor_usage":[19],"damage_taken":[{"damage":16.0,"enemies":"Jaw Worm","floor":1.0,"turns":9.0},{"damage":0.0,"enemies":"2 Louse","floor":10.0,"turns":4.0},{"damage":0.0,"enemies":"Cultist","floor":11.0,"turns":4.0},{"damage":20.0,"enemies":"3 Sentries","floor":13.0,"turns":7.0},{"damage":18.0,"enemies":"The Guardian","floor":16.0,"turns":9.0},{"damage":5,"enemies":"3 Byrds","floor":18,"turns":5},{"damage":12,"enemies":"Masked Bandits","floor":19,"turns":4},{"damage":6,"enemies":"Shell Parasite","floor":20,"turns":7},{"damage":19,"enemies":"Colosseum Slavers","floor":21,"turns":6},{"damage":47,"enemies":"Colosseum Nobs","floor":21,"turns":3}],"seed_played":"2307527827850907606","potions_obtained":[{"floor":1.0,"key":"Poison Potion"},{"floor":11.0,"key":"GhostInAJar"},{"floor":13.0,"key":"AttackPotion"}],"is_trial":false,"path_per_floor":["M","$","?","?","?","R","?","$","T","M","M","R","E","$","R","B",null,"M","?","M"],"character_chosen":"THE_SILENT","items_purchased":["Footwork","Noxious Fumes"],"campfire_rested":0,"item_purchase_floors":[2,14],"current_hp_per_floor":[68,68,57,57,84,84,84,84,84,84,84,84,64,64,64,46,84,79,67,61,0],"gold":184,"neow_bonus":"TWENTY_PERCENT_HP_BONUS","is_prod":false,"is_daily":false,"chose_seed":false,"campfire_upgraded":3,"win_rate":0,"timestamp":1539162128,"path_taken":["M","$","?","?","?","R","?","$","T","?","M","R","E","?","R","BOSS","M","?","M","?"],"build_version":"2018-10-04v2","purchased_purges":1,"victory":false,"max_hp_per_floor":[84,84,84,84,84,84,84,84,84,84,84,84,84,84,84,84,84,84,84,84,84],"card_choices":[{"not_picked":["Poisoned Stab","Bane"],"picked":"Backflip","floor":1.0},{"not_picked":["Setup","Reflex"],"picked":"PiercingWail","floor":10.0},{"not_picked":["All Out Attack","Backflip"],"picked":"Crippling Poison","floor":11.0},{"not_picked":["Cloak And Dagger","Outmaneuver"],"picked":"Infinite Blades","floor":13.0},{"not_picked":["Wraith Form v2","Unload"],"picked":"Malaise","floor":16.0},{"not_picked":["Dodge and Roll","Slice","Prepared"],"picked":"SKIP","floor":18},{"not_picked":["Quick Slash","Cloak And Dagger"],"picked":"Bane","floor":19},{"not_picked":["Quick Slash","Setup"],"picked":"Blade Dance","floor":20}],"player_experience":277345,"relics_obtained":[{"floor":9.0,"key":"Anchor"},{"floor":13.0,"key":"The Courier"},{"floor":19,"key":"Red Mask"}],"event_choices":[{"event_name":"World of Goop","player_choice":"Gather Gold","floor":3.0,"damage_taken":0.0},{"event_name":"Accursed Blacksmith","player_choice":"Rummage","floor":4.0,"damage_taken":0.0},{"event_name":"Big Fish","player_choice":"Banana","floor":5.0,"damage_taken":0.0},{"event_name":"The Cleric","player_choice":"Card Removal","floor":7.0,"damage_taken":0.0},{"event_name":"Masked Bandits","player_choice":"Fought Bandits","floor":19,"damage_taken":0},{"event_name":"Colosseum","player_choice":"Fight","floor":21,"damage_taken":0},{"event_name":"Colosseum","player_choice":"Fought Nobs","floor":21,"damage_taken":0}],"is_beta":false,"boss_relics":[{"not_picked":["Eternal Feather","Lizard Tail"],"picked":"Sozu"}],"items_purged_floors":[2],"is_endless":false,"potions_floor_spawned":[1,11,13,18,19],"killed_by":"Colosseum Nobs","ascension_level":4}