{"gold_per_floor":[109,121,138,148,148,148,178,51,51,51,83,33,52,79,79,174,174,191,191,210,230,245,245,256,256,256,266,277,277,30,41,41,136,136,146,56,4,22,34,34,34,34,34,52,52,0,14,34,34,34],"floor_reached":50,"playtime":4279,"items_purged":["Strike_B"],"score":750,"play_id":"0e0da240-c2aa-4abb-b278-98fe2881232e","local_time":"20181006130434","is_ascension_mode":true,"campfire_choices":[{"data":"Zap","floor":6,"key":"SMITH"},{"floor":10,"key":"REST"},{"floor":15,"key":"REST"},{"floor":23,"key":"REST"},{"floor":32,"key":"REST"},{"floor":40,"key":"REST"},{"floor":45,"key":"REST"},{"data":"Hologram","floor":49,"key":"SMITH"}],"neow_cost":"NONE","seed_source_timestamp":1603208024372300,"circlet_count":0,"master_deck":["Zap+1","Dualcast","AscendersBane","Ball Lightning","Sweeping Beam","Leap","Ball Lightning","Go for the Eyes","Streamline","Leap","BootSequence","Beam Cell+1","Buffer","Stack","Go for the Eyes","Barrage","Sweeping Beam","Hologram+1","Leap","Skim","Hello World","Chaos","Go for the Eyes+1","FTL+1","Core Surge","Reinforced Body+1","Conserve Battery+1","Core Surge","Compile Driver","Necronomicurse","Electrodynamics","Melter+1","Doom and Gloom","Conserve Battery+1","Stack+1","Barrage"],"relics":["Cracked Core","Unceasing Top","Prayer Wheel","Torii","Blue Candle","Pandora\u0027s Box","Symbiotic Virus","Necronomicon","Runic Capacitor","Busted Crown","Pantograph","Mummified Hand"],"potions_floor_usage":[7,14,14,22,22,28,33,33,39,47,50,50],"damage_taken":[{"damage":7,"enemies":"Jaw Worm","floor":1,"turns":3},{"damage":1,"enemies":"Cultist","floor":2,"turns":3},{"damage":12,"enemies":"Small Slimes","floor":3,"turns":3},{"damage":3,"enemies":"Blue Slaver","floor":4,"turns":4},{"damage":16,"enemies":"Gremlin Nob","floor":7,"turns":3},{"damage":11,"enemies":"3 Sentries","floor":11,"turns":4},{"damage":12,"enemies":"Exordium Thugs","floor":13,"turns":3},{"damage":1,"enemies":"Gremlin Nob","floor":14,"turns":3},{"damage":38,"enemies":"The Guardian","floor":16,"turns":9},{"damage":1,"enemies":"3 Byrds","floor":18,"turns":4},{"damage":11,"enemies":"Shell Parasite","floor":20,"turns":7},{"damage":2,"enemies":"Cultist and Chosen","floor":21,"turns":6},{"damage":13,"enemies":"3 Cultists","floor":22,"turns":4},{"damage":1,"enemies":"Centurion and Healer","floor":24,"turns":8},{"damage":0,"enemies":"Snake Plant","floor":27,"turns":3},{"damage":10,"enemies":"3 Cultists","floor":28,"turns":5},{"damage":3,"enemies":"Cultist and Chosen","floor":31,"turns":6},{"damage":26,"enemies":"Collector","floor":33,"turns":8},{"damage":26,"enemies":"3 Darklings","floor":35,"turns":3},{"damage":2,"enemies":"Orb Walker","floor":38,"turns":3},{"damage":10,"enemies":"Maw","floor":39,"turns":7},{"damage":18,"enemies":"Transient","floor":44,"turns":5},{"damage":0,"enemies":"Spire Growth","floor":47,"turns":3},{"damage":10,"enemies":"Sphere and 2 Shapes","floor":48,"turns":5},{"damage":79,"enemies":"Time Eater","floor":50,"turns":8}],"seed_played":"-6892506061606570230","potions_obtained":[{"floor":4,"key":"SkillPotion"},{"floor":5,"key":"Fire Potion"},{"floor":13,"key":"Block Potion"},{"floor":16,"key":"GamblersBrew"},{"floor":20,"key":"EntropicBrew"},{"floor":21,"key":"LiquidBronze"},{"floor":33,"key":"Swift Potion"},{"floor":35,"key":"Poison Potion"},{"floor":48,"key":"Ancient Potion"}],"is_trial":false,"path_per_floor":["M","M","M","M","?","R","E","$","T","R","E","?","M","E","R","B",null,"M","?","M","M","M","R","M","?","T","M","M","?","$","M","R","B",null,"M","?","$","M","M","R","?","T","T","M","R","$","M","M","R"],"character_chosen":"DEFECT","items_purchased":["Weak Potion","Runic Capacitor","PowerPotion","PowerPotion","Swift Potion"],"campfire_rested":6,"item_purchase_floors":[8,30,30,37,46],"current_hp_per_floor":[68,67,55,52,52,52,36,36,36,60,49,49,37,36,60,22,67,66,66,55,53,40,64,63,63,63,63,53,37,37,34,58,32,70,44,44,44,42,32,56,56,56,56,38,62,62,62,52,52,0],"gold":34,"neow_bonus":"TEN_PERCENT_HP_BONUS","is_prod":false,"is_daily":false,"chose_seed":false,"campfire_upgraded":2,"win_rate":0,"timestamp":1538856274,"path_taken":["M","M","M","M","?","R","E","$","T","R","E","?","?","E","R","BOSS","M","?","M","M","M","R","M","?","T","M","M","?","$","M","R","BOSS","M","?","?","M","?","R","?","?","T","?","R","$","M","M","R","BOSS"],"build_version":"2018-10-04v2","purchased_purges":1,"victory":false,"max_hp_per_floor":[82,82,82,82,82,82,82,82,82,82,82,82,82,82,82,82,82,82,82,82,82,82,82,82,82,82,82,82,82,82,82,82,82,82,82,82,82,82,82,82,82,82,82,82,82,82,82,82,82,82],"card_choices":[{"not_picked":["Compile Driver","Coolheaded"],"picked":"Ball Lightning","floor":1},{"not_picked":["Gash","Leap"],"picked":"Sweeping Beam","floor":2},{"not_picked":["Turbo","Sweeping Beam"],"picked":"Leap","floor":3},{"not_picked":["Steam","Static Discharge"],"picked":"Ball Lightning","floor":4},{"not_picked":["Beam Cell","Storm"],"picked":"Go for the Eyes","floor":7},{"not_picked":["Heatsinks","Fission"],"picked":"Streamline","floor":11},{"not_picked":["Rip and Tear","Storm"],"picked":"Leap","floor":13},{"not_picked":["Beam Cell","Sweeping Beam"],"picked":"BootSequence","floor":13},{"not_picked":["Coolheaded","Barrage"],"picked":"Beam Cell","floor":14},{"not_picked":["Machine Learning","Multi-Cast"],"picked":"Buffer","floor":16},{"not_picked":["BootSequence","Coolheaded"],"picked":"Hologram","floor":18},{"not_picked":["Redo+1","Barrage+1"],"picked":"Leap","floor":18},{"not_picked":["Sweeping Beam","Blizzard"],"picked":"Chaos","floor":20},{"not_picked":["Fusion+1","Compile Driver"],"picked":"Go for the Eyes+1","floor":20},{"not_picked":["Sweeping Beam+1","Ball Lightning+1"],"picked":"FTL+1","floor":21},{"not_picked":["Aggregate","Amplify","Static Discharge"],"picked":"SKIP","floor":21},{"not_picked":["Barrage","Force Field"],"picked":"Core Surge","floor":22},{"not_picked":["Redo","Stack"],"picked":"Reinforced Body+1","floor":22},{"not_picked":["Hello World+1","Rebound"],"picked":"Conserve Battery+1","floor":24},{"not_picked":["Doom and Gloom","Melter","Gash"],"picked":"SKIP","floor":24},{"not_picked":["Beam Cell","Go for the Eyes"],"picked":"Core Surge","floor":27},{"not_picked":["Steam","Gash+1","Coolheaded"],"picked":"SKIP","floor":27},{"not_picked":["Beam Cell","Blizzard"],"picked":"Compile Driver","floor":28},{"not_picked":["Rebound+1","Blizzard","Scrape+1"],"picked":"SKIP","floor":28},{"not_picked":["Beam Cell","Leap","Ball Lightning+1"],"picked":"SKIP","floor":31},{"not_picked":["Beam Cell+1","Hologram","Steam Power+1"],"picked":"SKIP","floor":31},{"not_picked":["Core Surge","All For One"],"picked":"Electrodynamics","floor":33},{"not_picked":["Go for the Eyes"],"picked":"SKIP","floor":35},{"not_picked":["Go for the Eyes"],"picked":"SKIP","floor":35},{"not_picked":[],"picked":"Melter+1","floor":38},{"not_picked":["Hologram"],"picked":"SKIP","floor":38},{"not_picked":[],"picked":"Doom and Gloom","floor":39},{"not_picked":["Rebound+1"],"picked":"SKIP","floor":39},{"not_picked":["Auto Shields"],"picked":"SKIP","floor":44},{"not_picked":["Redo"],"picked":"SKIP","floor":44},{"not_picked":[],"picked":"Stack+1","floor":47},{"not_picked":["Self Repair+1"],"picked":"SKIP","floor":47},{"not_picked":[],"picked":"Barrage","floor":48},{"not_picked":["Stack+1"],"picked":"SKIP","floor":48}],"player_experience":504115,"relics_obtained":[{"floor":7,"key":"Unceasing Top"},{"floor":9,"key":"Prayer Wheel"},{"floor":11,"key":"Torii"},{"floor":14,"key":"Blue Candle"},{"floor":26,"key":"Symbiotic Virus"},{"floor":29,"key":"Necronomicon"},{"floor":42,"key":"Pantograph"},{"floor":43,"key":"Mummified Hand"}],"event_choices":[{"event_name":"The Lab","player_choice":"Got Potions","floor":5,"damage_taken":0},{"event_name":"The Cleric","player_choice":"Card Removal","floor":12,"damage_taken":0},{"event_name":"Drug Dealer","player_choice":"Became Test Subject","floor":19,"damage_taken":0},{"event_name":"Forgotten Altar","player_choice":"Smashed Altar","floor":25,"damage_taken":0},{"event_name":"Cursed Tome","player_choice":"Obtained Book","floor":29,"damage_taken":0},{"event_name":"Designer","player_choice":"Full Service","floor":36,"damage_taken":0},{"event_name":"Duplicator","player_choice":"One dupe","floor":41,"damage_taken":0}],"is_beta":false,"boss_relics":[{"not_picked":["FrozenCore","Black Star"],"picked":"Pandora\u0027s Box"},{"not_picked":["Cursed Key","Runic Pyramid"],"picked":"Busted Crown"}],"items_purged_floors":[8],"is_endless":false,"potions_floor_spawned":[4,13,16,20,21,27,33,35,38,48],"killed_by":"Time Eater","ascension_level":11}