{"gold_per_floor":[118,118,130,130,146,146,180,196,264,264,17,17,17,33,33,132,132,150,160,160,170,188,188,208,208,231,246,275,275,287,318,318,422,422,432,334,348,348,348,348,382,382,382,67,67,82,102,34,34,34],"floor_reached":51,"playtime":7538,"items_purged":[],"score":717,"play_id":"76800a80-5ce8-4a0e-8ec3-86491b3611e1","local_time":"20180706205826","is_ascension_mode":false,"campfire_choices":[{"data":"Armaments","floor":6,"key":"SMITH"},{"data":"Fire Breathing","floor":10,"key":"SMITH"},{"data":"Flash of Steel","floor":15,"key":"SMITH"},{"floor":23,"key":"REST"},{"floor":25,"key":"REST"},{"floor":29,"key":"REST"},{"floor":32,"key":"REST"},{"data":"Madness","floor":40,"key":"SMITH"},{"data":"Madness","floor":45,"key":"SMITH"},{"data":"Fire Breathing","floor":49,"key":"SMITH"}],"neow_cost":"NONE","seed_source_timestamp":1799982541335000,"circlet_count":0,"master_deck":["Strike_R+1","Strike_R","Strike_R","Strike_R","Strike_R","Defend_R","Defend_R","Defend_R","Headbutt+1","Shrug It Off","Armaments+1","Perfected Strike","Fire Breathing+1","Shrug It Off","Inflame","Perfected Strike","Flash of Steel+1","Spot Weakness","Disarm","Impervious","Pommel Strike","Rage+1","Shrug It Off","Infernal Blade+1","Thunderclap","Disarm","Seeing Red+1","Uppercut","Twin Strike","Demon Form","Pommel Strike+1","Flash of Steel","Heavy Blade+1","Madness+1","Madness+1","Anger","Trip+1","Fire Breathing+1","Fire Breathing+1","Iron Wave+1","Infernal Blade+1"],"relics":["Burning Blood","Bag of Preparation","Ice Cream","Orichalcum","Pantograph","Oddly Smooth Stone","Runic Cube","Whetstone","Incense Burner","Calipers","Sozu","Toxic Egg 2","Regal Pillow","Bronze Scales"],"potions_floor_usage":[5,22,50,50,50],"damage_taken":[{"damage":11,"enemies":"Jaw Worm","floor":1,"turns":4},{"damage":12,"enemies":"Small Slimes","floor":3,"turns":4},{"damage":1,"enemies":"Cultist","floor":5,"turns":4},{"damage":17,"enemies":"Gremlin Nob","floor":7,"turns":5},{"damage":3,"enemies":"Red Slaver","floor":8,"turns":4},{"damage":3,"enemies":"Exordium Wildlife","floor":14,"turns":3},{"damage":35,"enemies":"The Guardian","floor":16,"turns":9},{"damage":6,"enemies":"Shell Parasite","floor":18,"turns":5},{"damage":30,"enemies":"3 Byrds","floor":19,"turns":6},{"damage":33,"enemies":"Snecko","floor":21,"turns":7},{"damage":14,"enemies":"3 Cultists","floor":22,"turns":7},{"damage":8,"enemies":"Centurion and Healer","floor":24,"turns":6},{"damage":5,"enemies":"Chosen and Byrds","floor":27,"turns":5},{"damage":48,"enemies":"Gremlin Leader","floor":28,"turns":11},{"damage":3,"enemies":"Snake Plant","floor":30,"turns":4},{"damage":21,"enemies":"Book of Stabbing","floor":31,"turns":7},{"damage":61,"enemies":"Champ","floor":33,"turns":12},{"damage":4,"enemies":"Orb Walker","floor":35,"turns":3},{"damage":1,"enemies":"3 Shapes","floor":37,"turns":4},{"damage":1,"enemies":"Giant Head","floor":41,"turns":7},{"damage":6,"enemies":"Sphere and 2 Shapes","floor":46,"turns":4},{"damage":17,"enemies":"3 Darklings","floor":47,"turns":3},{"damage":67,"enemies":"Time Eater","floor":50,"turns":11}],"seed_played":"-5646652753391518799","potions_obtained":[{"floor":1,"key":"PowerPotion"},{"floor":3,"key":"Fruit Juice"},{"floor":21,"key":"GamblersBrew"},{"floor":28,"key":"SteroidPotion"},{"floor":30,"key":"EssenceOfSteel"},{"floor":31,"key":"EssenceOfSteel"}],"is_trial":false,"path_per_floor":["M","?","M","?","M","R","E","M","T","R","$","?","?","M","R","B",null,"M","M","?","M","M","R","M","R","T","M","E","R","M","E","R","B",null,"M","$","M","?","?","R","E","?","T","$","R","M","M","$","R","B"],"character_chosen":"IRONCLAD","items_purchased":["Shrug It Off","Inflame","Perfected Strike","Flash of Steel","Flash of Steel","Bronze Scales","Trip+1","Fire Breathing","Infernal Blade+1"],"campfire_rested":4,"item_purchase_floors":[11,11,11,11,36,44,44,44,48],"current_hp_per_floor":[75,75,69,62,72,72,61,64,64,64,64,61,61,64,64,56,85,85,61,45,18,10,37,35,62,62,63,21,48,51,36,63,33,90,90,90,90,90,79,79,84,84,84,84,84,84,73,73,73,29],"gold":34,"neow_bonus":"RANDOM_COMMON_RELIC","is_prod":false,"is_daily":false,"chose_seed":false,"campfire_upgraded":6,"win_rate":0.0,"timestamp":1530935906,"path_taken":["M","?","?","?","M","R","E","M","T","R","$","?","?","M","R","BOSS","M","M","?","M","M","R","M","R","T","M","E","R","?","E","R","BOSS","M","$","?","?","?","R","E","?","T","$","R","M","M","$","R","BOSS"],"build_version":"2018-07-05","purchased_purges":0,"victory":true,"max_hp_per_floor":[80,80,80,80,85,85,85,85,85,85,85,85,85,85,85,85,85,85,85,90,90,90,90,90,90,90,90,90,90,90,90,90,90,90,90,90,90,90,90,90,90,90,90,90,90,90,90,90,90,90],"card_choices":[{"not_picked":["Heavy Blade","Shockwave"],"picked":"Headbutt","floor":1},{"not_picked":["Battle Trance","Clothesline"],"picked":"Shrug It Off","floor":3},{"not_picked":["Anger","Combust"],"picked":"Armaments","floor":5},{"not_picked":["Corruption","Burning Pact"],"picked":"Perfected Strike","floor":7},{"not_picked":["Flex","Rage"],"picked":"Fire Breathing","floor":8},{"not_picked":["Intimidate","Pummel"],"picked":"Disarm","floor":14},{"not_picked":["Reaper","Bludgeon"],"picked":"Impervious","floor":16},{"not_picked":["True Grit+1","Anger"],"picked":"Pommel Strike","floor":18},{"not_picked":["Body Slam+1","Pommel Strike+1"],"picked":"Rage+1","floor":19},{"not_picked":["Feel No Pain","Burning Pact+1"],"picked":"Shrug It Off","floor":21},{"not_picked":["Rage","True Grit"],"picked":"Infernal Blade+1","floor":22},{"not_picked":["Anger","Clothesline"],"picked":"Thunderclap","floor":24},{"not_picked":["Dropkick+1","Feel No Pain"],"picked":"Disarm","floor":27},{"not_picked":["Entrench+1","Combust+1"],"picked":"Seeing Red+1","floor":28},{"not_picked":["Body Slam","Shrug It Off"],"picked":"Uppercut","floor":30},{"not_picked":["Inflame","Pommel Strike"],"picked":"Twin Strike","floor":31},{"not_picked":["Bludgeon","Double Tap"],"picked":"Demon Form","floor":33},{"not_picked":["Headbutt","True Grit+1"],"picked":"Pommel Strike+1","floor":35},{"not_picked":["Perfected Strike","Clothesline+1"],"picked":"Heavy Blade+1","floor":37},{"not_picked":["Pummel+1","Ghostly Armor+1"],"picked":"Anger","floor":41},{"not_picked":["Twin Strike","Headbutt"],"picked":"Fire Breathing+1","floor":46},{"not_picked":["Ghostly Armor+1","Dropkick"],"picked":"Iron Wave+1","floor":47}],"player_experience":26799,"relics_obtained":[{"floor":7,"key":"Orichalcum"},{"floor":9,"key":"Pantograph"},{"floor":26,"key":"Whetstone"},{"floor":28,"key":"Incense Burner"},{"floor":31,"key":"Calipers"},{"floor":41,"key":"Toxic Egg 2"},{"floor":43,"key":"Regal Pillow"}],"event_choices":[{"event_name":"Big Fish","player_choice":"Box","floor":2,"damage_taken":0},{"event_name":"Golden Wing","player_choice":"Card Removal","floor":4,"damage_taken":0},{"event_name":"Scrap Ooze","player_choice":"success","floor":12,"damage_taken":3},{"event_name":"Transmorgrifier","player_choice":"Transform","floor":13,"damage_taken":0},{"event_name":"Forgotten Altar","player_choice":"Shed Blood","floor":20,"damage_taken":0},{"event_name":"Falling","player_choice":"Removed Attack","floor":38,"damage_taken":0},{"event_name":"Winding Halls","player_choice":"Embrace Madness","floor":39,"damage_taken":0},{"event_name":"Tomb of Lord Red Mask","player_choice":"Ignored","floor":42,"damage_taken":0}],"boss_relics":[{"not_picked":["Eternal Feather","Snecko Eye"],"picked":"Runic Cube"},{"not_picked":["Black Blood","Lizard Tail"],"picked":"Sozu"}],"items_purged_floors":[],"is_endless":false,"potions_floor_spawned":[1,3,21,28,30,31,37,47],"ascension_level":0}