{"gold_per_floor":[17,167,167,9,19,19,37,37,37,66,66,99,99,119,119,193,193,209,209,220,231,241,241],"floor_reached":23,"playtime":593,"items_purged":[],"score":502,"play_id":"1de7c48c-0262-423a-8005-be1bee6a7bc3","local_time":"20181216200746","is_ascension_mode":true,"campfire_choices":[{"data":"Mind Blast","floor":6,"key":"SMITH"},{"data":"Trip","floor":8,"key":"SMITH"},{"data":"Zap","floor":11,"key":"SMITH"},{"data":"Ball Lightning","floor":15,"key":"SMITH"}],"neow_cost":"NO_GOLD","seed_source_timestamp":266115188441256,"circlet_count":0,"master_deck":["AscendersBane","Strike_B","Strike_B","Strike_B","Strike_B","Defend_B","Defend_B","Defend_B","Defend_B","Zap+1","Dualcast","Mind Blast+1","Trip+1","Cold Snap","Ball Lightning+1","Panacea+1","Conserve Battery","Conserve Battery","BootSequence","Skim","Stack","Rainbow","Auto Shields","Steam","Loop+1","Doom and Gloom"],"relics":["Cracked Core","Emotion Chip","DataDisk","Calipers","Inserter"],"potions_floor_usage":[16,16],"damage_taken":[{"damage":7,"enemies":"Jaw Worm","floor":1,"turns":3},{"damage":0,"enemies":"Small Slimes","floor":5,"turns":2},{"damage":0,"enemies":"2 Louse","floor":7,"turns":2},{"damage":21,"enemies":"3 Sentries","floor":10,"turns":5},{"damage":16,"enemies":"Lagavulin","floor":12,"turns":5},{"damage":0,"enemies":"Gremlin Gang","floor":14,"turns":3},{"damage":0,"enemies":"Slime Boss","floor":16,"turns":6},{"damage":10,"enemies":"3 Byrds","floor":18,"turns":3},{"damage":11,"enemies":"2 Thieves","floor":20,"turns":5},{"damage":10,"enemies":"Snake Plant","floor":21,"turns":5},{"damage":9,"enemies":"Snecko","floor":22,"turns":5},{"damage":19,"enemies":"Book of Stabbing","floor":23,"turns":2}],"seed_played":"-2210108641076538371","potions_obtained":[{"floor":7,"key":"Weak Potion"},{"floor":10,"key":"FocusPotion"},{"floor":14,"key":"PowerPotion"},{"floor":20,"key":"GamblersBrew"}],"is_trial":false,"path_per_floor":["M","?","?","$","M","R","M","R","T","E","R","E","?","M","R","B",null,"M","?","M","M","M","E"],"character_chosen":"DEFECT","items_purchased":["Ball Lightning","Panacea"],"campfire_rested":0,"item_purchase_floors":[4,4],"current_hp_per_floor":[57,57,50,50,50,50,50,50,50,29,29,13,13,13,13,13,57,47,47,36,26,17,0],"gold":241,"neow_bonus":"RANDOM_COLORLESS_2","is_prod":false,"is_daily":false,"chose_seed":false,"campfire_upgraded":4,"win_rate":0,"timestamp":1544958466,"path_taken":["M","?","?","?","M","R","M","R","T","E","R","E","?","?","R","BOSS","M","?","M","M","M","E"],"build_version":"2018-12-13","purchased_purges":0,"victory":false,"max_hp_per_floor":[71,71,71,71,71,71,71,71,71,71,71,71,71,71,71,71,71,71,71,71,71,71,71],"card_choices":[{"not_picked":["Compile Driver","Leap"],"picked":"Cold Snap","floor":1},{"not_picked":["Beam Cell","Heatsinks"],"picked":"Conserve Battery","floor":5},{"not_picked":["Steam","Streamline"],"picked":"Conserve Battery","floor":7},{"not_picked":["Undo","Hologram"],"picked":"BootSequence","floor":10},{"not_picked":["White Noise","Stack"],"picked":"Skim","floor":12},{"not_picked":["Redo","Go for the Eyes"],"picked":"Stack","floor":14},{"not_picked":["Thunder Strike","Buffer"],"picked":"Rainbow","floor":16},{"not_picked":["Gash","Turbo+1"],"picked":"Auto Shields","floor":18},{"not_picked":["Barrage","Recycle"],"picked":"Steam","floor":20},{"not_picked":["Cold Snap","Rebound"],"picked":"Loop+1","floor":21},{"not_picked":["Rebound","Double Energy"],"picked":"Doom and Gloom","floor":22}],"player_experience":802371,"relics_obtained":[{"floor":9,"key":"Emotion Chip"},{"floor":10,"key":"DataDisk"},{"floor":12,"key":"Calipers"}],"event_choices":[{"damage_healed":0,"gold_gain":150,"player_choice":"AGREE","damage_taken":0,"max_hp_gain":0,"max_hp_loss":0,"event_name":"Liars Game","floor":2,"gold_loss":0,"cards_obtained":["Doubt"]},{"cards_removed":["Doubt"],"damage_healed":0,"gold_gain":0,"player_choice":"Card Removal","damage_taken":7,"max_hp_gain":0,"max_hp_loss":0,"event_name":"Golden Wing","floor":3,"gold_loss":0},{"damage_healed":0,"gold_gain":0,"player_choice":"Upgraded","damage_taken":0,"max_hp_gain":0,"max_hp_loss":0,"event_name":"Upgrade Shrine","floor":13,"gold_loss":0,"cards_upgraded":["Panacea"]},{"damage_healed":0,"gold_gain":0,"player_choice":"Ignored","damage_taken":0,"max_hp_gain":0,"max_hp_loss":0,"event_name":"Vampires","floor":19,"gold_loss":0}],"is_beta":false,"boss_relics":[{"not_picked":["Velvet Choker","Fusion Hammer"],"picked":"Inserter"}],"items_purged_floors":[],"is_endless":false,"potions_floor_spawned":[7,10,14,20],"killed_by":"Book of Stabbing","ascension_level":20}