{"gold_per_floor":[365,42,56,56,66,66,95,95,95,108,135,135,155,209,209,209],"floor_reached":16,"playtime":804,"items_purged":[],"score":110,"play_id":"84d02a4e-de39-4e3a-ae87-f494af2d903f","local_time":"20190214150946","is_ascension_mode":false,"campfire_choices":[{"floor":6,"key":"RECALL"},{"floor":8,"key":"REST"},{"floor":15,"key":"REST"}],"neow_cost":"PERCENT_DAMAGE","seed_source_timestamp":13185643366823,"circlet_count":0,"master_deck":["Strike_R","Strike_R","Strike_R","Strike_R","Defend_R","Defend_R","Defend_R","Defend_R","Bash","Metallicize+1","Intimidate","Flame Barrier","Clothesline","Iron Wave","Thunderclap"],"relics":["Burning Blood","Frozen Egg 2","Unceasing Top","Question Card","Oddly Smooth Stone"],"potions_floor_usage":[10,16],"damage_taken":[{"damage":1,"enemies":"Jaw Worm","floor":1,"turns":4},{"damage":6,"enemies":"Small Slimes","floor":3,"turns":4},{"damage":0,"enemies":"Cultist","floor":5,"turns":3},{"damage":40,"enemies":"Gremlin Nob","floor":7,"turns":6},{"damage":12,"enemies":"Exordium Thugs","floor":10,"turns":6},{"damage":19,"enemies":"Lagavulin","floor":11,"turns":10},{"damage":8,"enemies":"3 Louse","floor":13,"turns":4},{"damage":67,"enemies":"Slime Boss","floor":16,"turns":18}],"seed_played":"2583184407508278649","potions_obtained":[{"floor":1,"key":"Ancient Potion"},{"floor":3,"key":"Explosive Potion"},{"floor":13,"key":"Dexterity Potion"}],"is_trial":false,"path_per_floor":["M","$","M","?","M","R","E","R","T","M","E","?","M","T","R","B"],"character_chosen":"IRONCLAD","items_purchased":["Frozen Egg 2","Metallicize+1"],"campfire_rested":2,"item_purchase_floors":[2,2],"current_hp_per_floor":[61,61,61,61,67,67,33,57,57,51,38,38,36,36,60,0],"gold":209,"neow_bonus":"TWO_FIFTY_GOLD","is_prod":false,"is_daily":false,"chose_seed":false,"campfire_upgraded":0,"win_rate":0,"timestamp":1550124586,"path_taken":["M","$","M","?","M","R","E","R","T","M","E","?","M","?","R","BOSS"],"build_version":"2019-01-23","purchased_purges":0,"victory":false,"max_hp_per_floor":[80,80,80,80,80,80,80,80,80,80,80,80,80,80,80,80],"card_choices":[{"not_picked":["Combust","True Grit","Searing Blow"],"picked":"SKIP","floor":1},{"not_picked":["Cleave","Warcry"],"picked":"Intimidate","floor":3},{"not_picked":["Sentinel","Pommel Strike"],"picked":"Clothesline","floor":5},{"not_picked":["Feel No Pain+1","Cleave"],"picked":"Iron Wave","floor":7},{"not_picked":["Whirlwind","Heavy Blade"],"picked":"Thunderclap","floor":10},{"not_picked":["Wild Strike","Iron Wave","Pommel Strike"],"picked":"SKIP","floor":11},{"not_picked":["Thunderclap","Wild Strike","Cleave","Second Wind"],"picked":"SKIP","floor":13}],"player_experience":119178,"relics_obtained":[{"floor":7,"key":"Unceasing Top"},{"floor":11,"key":"Question Card"},{"floor":14,"key":"Oddly Smooth Stone"}],"event_choices":[{"damage_healed":0,"gold_gain":0,"cards_transformed":["Strike_R"],"player_choice":"Change","damage_taken":0,"max_hp_gain":0,"max_hp_loss":0,"event_name":"Living Wall","floor":4,"gold_loss":0,"cards_obtained":["Flame Barrier"]},{"damage_healed":0,"gold_gain":0,"player_choice":"Ignored","damage_taken":0,"max_hp_gain":0,"max_hp_loss":0,"event_name":"Liars Game","floor":12,"gold_loss":0}],"is_beta":false,"boss_relics":[],"items_purged_floors":[],"is_endless":false,"potions_floor_spawned":[1,3,13],"killed_by":"Slime Boss","ascension_level":0}