{"gold_per_floor":[113,34,34,51,68,68,68,92,140,140,215,230,68,68,68,166,166,146,91,109,70,89,89,107,107,130,130,143,143,167,181,181,272,272,288,288,288,304,136,149,149,482,533,552,552,565,575,595,595,595,595],"floor_reached":52,"playtime":17399,"items_purged":[],"score":1617,"play_id":"9d3e50e0-a1b4-4b1d-aa45-57092b70df8a","local_time":"20190216155659","is_ascension_mode":true,"campfire_choices":[{"data":"Night Terror","floor":6.0,"key":"SMITH"},{"data":"Glass Knife","floor":10.0,"key":"SMITH"},{"data":"Footwork","floor":15.0,"key":"SMITH"},{"data":"Well Laid Plans","floor":23.0,"key":"SMITH"},{"data":"Footwork","floor":25.0,"key":"SMITH"},{"data":"Bouncing Flask","floor":27.0,"key":"SMITH"},{"floor":29.0,"key":"REST"},{"data":"Neutralize","floor":32.0,"key":"SMITH"},{"floor":41.0,"key":"RECALL"},{"floor":45.0,"key":"REST"},{"data":"Noxious Fumes","floor":49,"key":"SMITH"}],"neow_cost":"TEN_PERCENT_HP_LOSS","seed_source_timestamp":4427031378918,"circlet_count":0,"master_deck":["AscendersBane","Defend_G+1","Defend_G+1","Defend_G+1","Defend_G+1","Defend_G+1","Strike_G+1","Strike_G+1","Survivor+1","Night Terror+1","Cloak And Dagger+1","Glass Knife+1","Deflect+1","Footwork+1","Footwork+1","Bouncing Flask+1","Corpse Explosion+1","Wraith Form v2+1","After Image+1","Escape Plan+1","Backflip+1","Blur+1","Well Laid Plans+1","PiercingWail+1","Dodge and Roll+1","Dodge and Roll+1","Bullet Time+1","Crippling Poison+1","Acrobatics+1","Footwork+1","Noxious Fumes+1","Dodge and Roll"],"special_seed":0,"relics":["Ring of the Snake","Vajra","Astrolabe","Tiny Chest","Happy Flower","Blood Vial","Velvet Choker","Mark of the Bloom","Juzu Bracelet","Centennial Puzzle"],"potions_floor_usage":[51,51],"damage_taken":[{"damage":8.0,"enemies":"Small Slimes","floor":1.0,"turns":4.0},{"damage":2.0,"enemies":"Jaw Worm","floor":4.0,"turns":3.0},{"damage":2.0,"enemies":"Cultist","floor":5.0,"turns":4.0},{"damage":16.0,"enemies":"Gremlin Gang","floor":8.0,"turns":7.0},{"damage":0.0,"enemies":"2 Fungi Beasts","floor":12.0,"turns":3.0},{"damage":24.0,"enemies":"Hexaghost","floor":16.0,"turns":9.0},{"damage":6.0,"enemies":"2 Thieves","floor":18.0,"turns":5.0},{"damage":0.0,"enemies":"Shell Parasite","floor":20.0,"turns":9.0},{"damage":16.0,"enemies":"Cultist and Chosen","floor":22.0,"turns":10.0},{"damage":0.0,"enemies":"Centurion and Healer","floor":24.0,"turns":5.0},{"damage":3.0,"enemies":"Chosen and Byrds","floor":28.0,"turns":6.0},{"damage":0.0,"enemies":"3 Cultists","floor":31.0,"turns":3.0},{"damage":5.0,"enemies":"Collector","floor":33.0,"turns":15.0},{"damage":0.0,"enemies":"Orb Walker","floor":35.0,"turns":7.0},{"damage":0.0,"enemies":"3 Shapes","floor":38.0,"turns":7.0},{"damage":0.0,"enemies":"3 Darklings","floor":40.0,"turns":4.0},{"damage":0.0,"enemies":"Jaw Worm Horde","floor":44.0,"turns":4.0},{"damage":0.0,"enemies":"Maw","floor":46.0,"turns":10.0},{"damage":0,"enemies":"4 Shapes","floor":47,"turns":11},{"damage":0,"enemies":"Spire Growth","floor":48,"turns":8},{"damage":15,"enemies":"Time Eater","floor":50,"turns":17},{"damage":28,"enemies":"Awakened One","floor":51,"turns":50}],"seed_played":"-8551422372837892163","potions_obtained":[{"floor":5.0,"key":"SpeedPotion"},{"floor":8.0,"key":"Explosive Potion"},{"floor":12.0,"key":"Poison Potion"},{"floor":16.0,"key":"SpeedPotion"},{"floor":20.0,"key":"EssenceOfSteel"},{"floor":31.0,"key":"FearPotion"},{"floor":35.0,"key":"AttackPotion"},{"floor":44.0,"key":"Dexterity Potion"}],"is_trial":false,"path_per_floor":["M","$","?","M","M","R","?","M","T","R","?","M","$","$","R","B",null,"M","?","M","$","M","R","M","R","T","R","M","R","T","M","R","B",null,"M","?","?","M","$","M","R","?","T","M","R","M","M","M","R","B","B",null],"character_chosen":"THE_SILENT","items_purchased":["Glass Knife","Footwork","Bouncing Flask","Well Laid Plans","Juzu Bracelet"],"campfire_rested":2,"item_purchase_floors":[2,13,13,21,39],"current_hp_per_floor":[51,51,51,49,47,47,47,31,31,31,31,31,31,31,31,7,42,36,36,36,36,20,20,20,20,20,20,17,33,33,35,35,32,49,51,51,51,51,51,51,51,51,51,51,51,51,51,51,51,36,8],"gold":595,"neow_bonus":"THREE_RARE_CARDS","is_prod":false,"is_daily":false,"chose_seed":false,"campfire_upgraded":8,"win_rate":0,"timestamp":1550350619,"path_taken":["M","$","?","M","M","R","?","M","T","R","?","M","?","$","R","BOSS","M","?","M","$","M","R","M","R","T","R","M","R","?","?","R","BOSS","M","?","?","M","$","M","R","?","T","M","R","M","M","M","R","BOSS","BOSS"],"build_version":"2019-01-23","purchased_purges":0,"victory":true,"max_hp_per_floor":[60,60,60,60,60,60,54,54,54,54,54,54,54,54,54,54,54,54,54,54,54,54,54,54,54,54,54,54,54,54,54,54,54,54,54,54,54,54,54,54,54,54,54,54,54,54,54,54,54,54,54],"card_choices":[{"not_picked":["Wraith Form v2","Storm of Steel"],"picked":"Night Terror","floor":0.0},{"not_picked":["Outmaneuver","Acrobatics"],"picked":"Cloak And Dagger","floor":1.0},{"not_picked":["Unload","Blade Dance"],"picked":"Deflect","floor":4.0},{"not_picked":["Concentrate","Blade Dance"],"picked":"Footwork","floor":5.0},{"not_picked":["Flying Knee","Blade Dance","Calculated Gamble"],"picked":"SKIP","floor":8.0},{"not_picked":["Blade Dance","Setup","Sucker Punch"],"picked":"SKIP","floor":12.0},{"not_picked":["Tools of the Trade","Phantasmal Killer"],"picked":"Corpse Explosion","floor":16.0},{"not_picked":["Outmaneuver","Quick Slash"],"picked":"Backflip","floor":18.0},{"not_picked":["Flechettes","Deflect"],"picked":"Blur","floor":20.0},{"not_picked":["Choke","Setup"],"picked":"PiercingWail","floor":22.0},{"not_picked":["Prepared","Dagger Spray"],"picked":"Dodge and Roll","floor":24.0},{"not_picked":["Sucker Punch","Flying Knee"],"picked":"Dodge and Roll","floor":28.0},{"not_picked":["Flying Knee","Poisoned Stab+1","Sucker Punch"],"picked":"SKIP","floor":31.0},{"not_picked":["A Thousand Cuts","Venomology"],"picked":"Bullet Time","floor":33.0},{"not_picked":["Deflect","Underhanded Strike+1"],"picked":"Crippling Poison","floor":35.0},{"not_picked":["PiercingWail","Cloak And Dagger"],"picked":"Acrobatics+1","floor":38.0},{"not_picked":["Well Laid Plans","Slice+1"],"picked":"Footwork+1","floor":40.0},{"not_picked":["Choke","Backstab","Tactician+1"],"picked":"SKIP","floor":44.0},{"not_picked":["Skewer","Backstab","Riddle With Holes+1"],"picked":"SKIP","floor":46.0},{"not_picked":["Flechettes+1","Eviscerate"],"picked":"Noxious Fumes","floor":47},{"not_picked":["Backflip","Dagger Spray"],"picked":"Dodge and Roll","floor":48}],"player_experience":3652739,"relics_obtained":[{"floor":9.0,"key":"Vajra"},{"floor":26.0,"key":"Happy Flower"},{"floor":30.0,"key":"Blood Vial"},{"floor":43.0,"key":"Centennial Puzzle"}],"event_choices":[{"damage_healed":0.0,"max_hp_gain":0.0,"max_hp_loss":0.0,"gold_gain":0.0,"event_name":"The Cleric","player_choice":"Leave","floor":3.0,"gold_loss":0.0,"damage_taken":0.0},{"damage_healed":0.0,"max_hp_gain":0.0,"max_hp_loss":6.0,"gold_gain":0.0,"event_name":"Golden Idol","player_choice":"Lose Max HP","floor":7.0,"gold_loss":0.0,"damage_taken":0.0,"relics_obtained":["Golden Idol"]},{"damage_healed":0.0,"max_hp_gain":0.0,"max_hp_loss":0.0,"gold_gain":75.0,"event_name":"Golden Wing","player_choice":"Gained Gold","floor":11.0,"gold_loss":0.0,"damage_taken":0.0},{"damage_healed":0.0,"max_hp_gain":0.0,"max_hp_loss":0.0,"gold_gain":0.0,"event_name":"Addict","player_choice":"Obtained Relic","floor":19.0,"gold_loss":85.0,"damage_taken":0.0,"relics_obtained":["Tiny Chest"]},{"cards_removed":["Neutralize"],"damage_healed":0.0,"max_hp_gain":0.0,"max_hp_loss":0.0,"gold_gain":0.0,"event_name":"Falling","player_choice":"Removed Attack","floor":36.0,"gold_loss":0.0,"damage_taken":0.0},{"damage_healed":0.0,"max_hp_gain":0.0,"max_hp_loss":0.0,"gold_gain":0.0,"event_name":"MindBloom","player_choice":"Upgrade","floor":37.0,"gold_loss":0.0,"damage_taken":0.0,"cards_upgraded":["Defend_G","Defend_G","Defend_G","Defend_G","Defend_G","Strike_G","Strike_G","Survivor","Cloak And Dagger","Deflect","Corpse Explosion","Backflip","Blur","PiercingWail","Dodge and Roll","Dodge and Roll","Bullet Time","Crippling Poison"],"relics_obtained":["Mark of the Bloom"]},{"damage_healed":0.0,"max_hp_gain":0.0,"max_hp_loss":0.0,"gold_gain":333.0,"event_name":"The Moai Head","player_choice":"Gave Idol","floor":42.0,"relics_lost":["Golden Idol"],"gold_loss":0.0,"damage_taken":0.0}],"is_beta":false,"boss_relics":[{"not_picked":["Pandora\u0027s Box","White Beast Statue"],"picked":"Astrolabe"},{"not_picked":["Coffee Dripper","Runic Pyramid"],"picked":"Velvet Choker"}],"items_purged_floors":[],"is_endless":false,"potions_floor_spawned":[5,8,12,16,20,31,35,44,46],"ascension_level":20}