{"gold_per_floor":[112,62,72,72,84,84,115,105,105,105,115,195,195,256,256,354,354,372,372,297,309,329,329,329,340,340,358,358,358,358,376,376,473,473,484,484,497,497,512,512],"floor_reached":40,"playtime":2124,"items_purged":[],"score":443,"play_id":"6fc60971-9687-4216-9a7c-dbc412d74213","local_time":"20181003170517","is_ascension_mode":true,"campfire_choices":[{"data":"Deadly Poison","floor":6,"key":"SMITH"},{"floor":10,"key":"REST"},{"floor":15,"key":"REST"},{"floor":23,"key":"REST"},{"floor":29,"key":"REST"},{"floor":32,"key":"REST"}],"neow_cost":"NONE","seed_source_timestamp":1357285022271274,"circlet_count":0,"master_deck":["Defend_G","Defend_G","Defend_G","Defend_G","Defend_G","Survivor","Neutralize+1","PiercingWail","Deadly Poison+1","Calculated Gamble","Burst","Poisoned Stab","Neutralize","Dodge and Roll+1","Venomology+1","After Image","Dash","Deadly Poison+1","Cloak And Dagger+1","Writhe","Terror+1","Caltrops+1","Bite","Bite","Bite","Bite","Bite","Phantasmal Killer+1","Blade Dance+1","Infinite Blades","Madness+1","Cloak And Dagger+1"],"relics":["Ring of the Snake","Ancient Tea Set","Gremlin Horn","Toxic Egg 2","Tiny Chest","Empty Cage","Ice Cream","Dodecahedron","Bottled Flame","Lizard Tail"],"potions_floor_usage":[16,18,18,22,25,27,27,27,33,33,33,35,39,40,40],"damage_taken":[{"damage":0,"enemies":"Jaw Worm","floor":1,"turns":6},{"damage":4,"enemies":"Cultist","floor":3,"turns":5},{"damage":0,"enemies":"2 Louse","floor":5,"turns":3},{"damage":27,"enemies":"Gremlin Nob","floor":7,"turns":5},{"damage":11,"enemies":"Exordium Thugs","floor":8,"turns":4},{"damage":4,"enemies":"Blue Slaver","floor":11,"turns":4},{"damage":10,"enemies":"3 Sentries","floor":14,"turns":11},{"damage":50,"enemies":"Slime Boss","floor":16,"turns":16},{"damage":1,"enemies":"Shell Parasite","floor":18,"turns":6},{"damage":33,"enemies":"3 Byrds","floor":21,"turns":9},{"damage":26,"enemies":"Cultist and Chosen","floor":22,"turns":9},{"damage":20,"enemies":"Chosen and Byrds","floor":25,"turns":7},{"damage":0,"enemies":"Snecko","floor":27,"turns":6},{"damage":12,"enemies":"Centurion and Healer","floor":31,"turns":10},{"damage":64,"enemies":"Automaton","floor":33,"turns":9},{"damage":42,"enemies":"3 Darklings","floor":35,"turns":6},{"damage":22,"enemies":"Orb Walker","floor":37,"turns":4},{"damage":60,"enemies":"4 Shapes","floor":39,"turns":7},{"damage":53,"enemies":"2 Orb Walkers","floor":40,"turns":4}],"seed_played":"-6764733600100589430","potions_obtained":[{"floor":3,"key":"Ancient Potion"},{"floor":7,"key":"SkillPotion"},{"floor":11,"key":"Strength Potion"},{"floor":16,"key":"GhostInAJar"},{"floor":37,"key":"Regen Potion"},{"floor":39,"key":"Block Potion"}],"is_trial":false,"path_per_floor":["M","?","M","?","M","R","E","M","T","R","M","T","?","E","R","B",null,"M","?","?","M","M","R","?","M","T","M","?","R","T","M","R","B",null,"M","?","M","?","M"],"character_chosen":"THE_SILENT","items_purchased":[],"campfire_rested":5,"item_purchase_floors":[],"current_hp_per_floor":[70,70,66,59,59,59,32,21,21,42,40,40,40,32,53,5,70,69,56,56,25,1,23,23,5,5,7,7,29,29,35,57,11,75,49,49,33,33,45,0],"gold":512,"neow_bonus":"UPGRADE_CARD","is_prod":false,"is_daily":false,"chose_seed":false,"campfire_upgraded":1,"win_rate":0,"timestamp":1538553917,"path_taken":["M","?","M","?","M","R","E","M","T","R","M","?","?","E","R","BOSS","M","?","?","?","M","R","?","M","T","?","?","R","?","M","R","BOSS","M","?","M","?","?","E"],"build_version":"2018-09-27","purchased_purges":0,"victory":false,"max_hp_per_floor":[70,70,70,70,70,70,70,70,70,70,70,70,70,70,70,70,70,70,75,75,75,75,75,75,75,75,75,75,75,75,75,75,75,75,75,75,75,75,75,75],"card_choices":[{"not_picked":["Quick Slash","Slice"],"picked":"PiercingWail","floor":1},{"not_picked":["Setup","Infinite Blades"],"picked":"Deadly Poison","floor":3},{"not_picked":["All Out Attack","Deflect","Quick Slash"],"picked":"SKIP","floor":5},{"not_picked":["All Out Attack","Slice"],"picked":"Calculated Gamble","floor":7},{"not_picked":["Quick Slash","Outmaneuver"],"picked":"Burst","floor":8},{"not_picked":["Sucker Punch","Dagger Spray"],"picked":"Poisoned Stab","floor":11},{"not_picked":["Slice","Flying Knee"],"picked":"Venomology+1","floor":14},{"not_picked":["Grand Finale","Unload"],"picked":"After Image","floor":16},{"not_picked":["Sucker Punch+1","Slice+1"],"picked":"Dash","floor":18},{"not_picked":["Underhanded Strike","Flying Knee"],"picked":"Deadly Poison+1","floor":21},{"not_picked":["Poisoned Stab","Bane"],"picked":"Cloak And Dagger+1","floor":22},{"not_picked":["Acrobatics+1","Skewer"],"picked":"Terror+1","floor":25},{"not_picked":["Deadly Poison+1","Concentrate+1"],"picked":"Caltrops+1","floor":27},{"not_picked":["Quick Slash+1","Tools of the Trade","Outmaneuver+1"],"picked":"SKIP","floor":31},{"not_picked":["Unload","Grand Finale"],"picked":"Phantasmal Killer+1","floor":33},{"not_picked":["Deflect+1","Dash"],"picked":"Blade Dance+1","floor":35},{"not_picked":["Bane","Prepared+1"],"picked":"Infinite Blades","floor":37},{"not_picked":["Jack Of All Trades+1","Thinking Ahead+1"],"picked":"Madness+1","floor":38},{"not_picked":["All Out Attack+1","PiercingWail+1"],"picked":"Cloak And Dagger+1","floor":39}],"player_experience":89739,"relics_obtained":[{"floor":7,"key":"Gremlin Horn"},{"floor":9,"key":"Blood Vial"},{"floor":12,"key":"Toxic Egg 2"},{"floor":14,"key":"Tiny Chest"},{"floor":26,"key":"Dodecahedron"},{"floor":30,"key":"Bottled Flame"}],"event_choices":[{"event_name":"The Cleric","player_choice":"Card Removal","floor":2,"damage_taken":0},{"event_name":"Scrap Ooze","player_choice":"success","floor":4,"damage_taken":7},{"event_name":"Match and Keep!","player_choice":"2 cards matched","floor":13,"damage_taken":0},{"event_name":"Forgotten Altar","player_choice":"Shed Blood","floor":19,"damage_taken":0},{"event_name":"Beggar","player_choice":"Gave Gold","floor":20,"damage_taken":0},{"event_name":"The Mausoleum","player_choice":"Yes","floor":24,"damage_taken":0},{"event_name":"Vampires","player_choice":"Became a vampire (Vial)","floor":28,"damage_taken":0},{"event_name":"Tomb of Lord Red Mask","player_choice":"Ignored","floor":36,"damage_taken":0},{"event_name":"SensoryStone","player_choice":"Memory 1","floor":38,"damage_taken":0}],"is_beta":false,"boss_relics":[{"not_picked":["Sozu","Ring of the Serpent"],"picked":"Empty Cage"},{"not_picked":["Runic Dome","Orrery"],"picked":"Lizard Tail"}],"items_purged_floors":[],"is_endless":false,"potions_floor_spawned":[3,7,11,16,22,25,37,39],"killed_by":"2 Orb Walkers","ascension_level":1}