{"gold_per_floor":[112,187,187,204,220,220,236,266,293,293,308,17,17,36,36,112,112,127,127,139,139,139,139,158,158,158,62,75,75,102,115,115,190,190,202,214,214,229,229],"floor_reached":39,"playtime":1872,"items_purged":["Defend_R"],"score":810,"play_id":"c55e7b6a-db4f-4ff6-8433-1d2ed185bce8","local_time":"20190213135650","is_ascension_mode":true,"campfire_choices":[{"floor":6.0,"key":"REST"},{"floor":13.0,"key":"REST"},{"data":"Apotheosis","floor":15.0,"key":"SMITH"},{"floor":23,"key":"REST"},{"floor":29,"key":"REST"},{"floor":32,"key":"REST"}],"neow_cost":"NONE","seed_source_timestamp":780854477182351,"circlet_count":0,"master_deck":["AscendersBane","Strike_R","Strike_R","Strike_R","Strike_R","Defend_R","Bash","Shrug It Off","True Grit","Shrug It Off","Warcry","True Grit","Battle Trance","Apotheosis+1","Flex","Limit Break","Limit Break","J.A.X.","Seeing Red","Bandage Up","Offering","Iron Wave+1","Disarm","Trip","Thinking Ahead","Parasite","Sword Boomerang+1"],"special_seed":0,"relics":["Burning Blood","Bag of Preparation","Potion Belt","Anchor","Fusion Hammer","Nilry\u0027s Codex","Paper Frog","Oddly Smooth Stone","Empty Cage"],"potions_floor_usage":[24,30,31],"damage_taken":[{"damage":4.0,"enemies":"2 Louse","floor":1.0,"turns":3.0},{"damage":4.0,"enemies":"Cultist","floor":4.0,"turns":4.0},{"damage":10.0,"enemies":"Small Slimes","floor":5.0,"turns":4.0},{"damage":5.0,"enemies":"2 Fungi Beasts","floor":7.0,"turns":4.0},{"damage":55.0,"enemies":"Lagavulin","floor":8.0,"turns":7.0},{"damage":2.0,"enemies":"3 Louse","floor":10.0,"turns":5.0},{"damage":5.0,"enemies":"Looter","floor":11.0,"turns":4.0},{"damage":13.0,"enemies":"Lots of Slimes","floor":14.0,"turns":5.0},{"damage":2,"enemies":"The Guardian","floor":16,"turns":13},{"damage":24,"enemies":"3 Byrds","floor":18,"turns":6},{"damage":26,"enemies":"Chosen","floor":20,"turns":5},{"damage":9,"enemies":"Centurion and Healer","floor":24,"turns":3},{"damage":12,"enemies":"3 Cultists","floor":28,"turns":4},{"damage":27,"enemies":"Book of Stabbing","floor":30,"turns":4},{"damage":23,"enemies":"Snecko","floor":31,"turns":5},{"damage":17,"enemies":"Collector","floor":33,"turns":6},{"damage":9,"enemies":"Orb Walker","floor":35,"turns":3},{"damage":27,"enemies":"3 Darklings","floor":36,"turns":4},{"damage":19,"enemies":"Writhing Mass","floor":38,"turns":5},{"damage":44,"enemies":"Transient","floor":39,"turns":3}],"seed_played":"566943508646720165","potions_obtained":[{"floor":4.0,"key":"Block Potion"},{"floor":5.0,"key":"Strength Potion"},{"floor":7.0,"key":"LiquidBronze"},{"floor":20,"key":"Energy Potion"},{"floor":28,"key":"LiquidBronze"},{"floor":30,"key":"GamblersBrew"},{"floor":35,"key":"Explosive Potion"}],"is_trial":false,"path_per_floor":["M","?","?","M","M","R","M","E","T","M","M","$","R","M","R","B",null,"M","?","M","?","?","R","M","?","T","$","M","R","E","M","R","B",null,"M","M","?","M","M"],"character_chosen":"IRONCLAD","items_purchased":["Apotheosis","Bandage Up"],"campfire_rested":5,"item_purchase_floors":[12,27],"current_hp_per_floor":[70,59,59,61,57,75,75,26,26,30,31,31,53,46,46,50,69,51,51,31,31,10,32,29,29,29,29,29,51,36,25,47,42,67,68,53,48,41,0],"gold":229,"neow_bonus":"RANDOM_COMMON_RELIC","is_prod":false,"is_daily":false,"chose_seed":false,"campfire_upgraded":1,"win_rate":0,"timestamp":1550091410,"path_taken":["M","?","?","?","M","R","M","E","T","M","M","$","R","M","R","BOSS","M","?","?","?","?","R","M","?","T","?","M","R","E","M","R","BOSS","M","?","?","M","M"],"build_version":"2019-01-23","purchased_purges":1,"victory":false,"max_hp_per_floor":[75,75,75,75,75,75,75,75,75,75,75,75,75,75,75,75,75,75,75,75,75,75,75,75,75,75,75,75,75,75,75,75,75,75,75,75,75,75,75],"card_choices":[{"not_picked":["True Grit","Infernal Blade"],"picked":"Shrug It Off","floor":1.0},{"not_picked":["Heavy Blade","Combust"],"picked":"True Grit","floor":4.0},{"not_picked":["Combust","Havoc"],"picked":"Shrug It Off","floor":5.0},{"not_picked":["Metallicize","Headbutt"],"picked":"Warcry","floor":7.0},{"not_picked":["Brutality","Thunderclap"],"picked":"True Grit","floor":8.0},{"not_picked":["Body Slam","Bludgeon","Clothesline"],"picked":"SKIP","floor":10.0},{"not_picked":["Heavy Blade","Thunderclap"],"picked":"Battle Trance","floor":11.0},{"not_picked":["Uppercut","Dropkick"],"picked":"Flex","floor":14.0},{"not_picked":["Bludgeon","Reaper"],"picked":"Limit Break","floor":16},{"not_picked":["Sever Soul","Headbutt","Iron Wave"],"picked":"SKIP","floor":18},{"not_picked":["Cleave+1","Hemokinesis+1","Carnage"],"picked":"SKIP","floor":20},{"not_picked":["Perfected Strike","Carnage"],"picked":"Seeing Red","floor":24},{"not_picked":["Warcry","Wild Strike+1","Twin Strike"],"picked":"SKIP","floor":28},{"not_picked":["Searing Blow","True Grit","Dropkick"],"picked":"SKIP","floor":30},{"not_picked":["Brutality","Combust","Perfected Strike+1"],"picked":"SKIP","floor":31},{"not_picked":["Exhume","Fiend Fire"],"picked":"Offering","floor":33},{"not_picked":["Perfected Strike+1","Battle Trance"],"picked":"Iron Wave+1","floor":35},{"not_picked":["True Grit+1","Anger"],"picked":"Disarm","floor":36},{"not_picked":["The Bomb","Enlightenment"],"picked":"Trip","floor":37},{"not_picked":["Panacea","Impatience"],"picked":"Thinking Ahead","floor":37},{"not_picked":["True Grit","Ghostly Armor"],"picked":"Sword Boomerang+1","floor":38}],"player_experience":804388,"relics_obtained":[{"floor":8.0,"key":"Potion Belt"},{"floor":9.0,"key":"Anchor"},{"floor":22,"key":"Nilry\u0027s Codex"},{"floor":26,"key":"Paper Frog"},{"floor":30,"key":"Oddly Smooth Stone"}],"event_choices":[{"damage_healed":0.0,"max_hp_gain":0.0,"max_hp_loss":0.0,"gold_gain":75.0,"event_name":"World of Goop","player_choice":"Gather Gold","floor":2.0,"gold_loss":0.0,"damage_taken":11.0},{"cards_removed":["Defend_R"],"damage_healed":0.0,"max_hp_gain":0.0,"max_hp_loss":0.0,"gold_gain":0.0,"event_name":"Bonfire Elementals","player_choice":"Offered Basic","floor":3.0,"gold_loss":0.0,"damage_taken":0.0},{"damage_healed":0,"gold_gain":0,"player_choice":"Copied","damage_taken":0,"max_hp_gain":0,"max_hp_loss":0,"event_name":"Duplicator","floor":19,"gold_loss":0,"cards_obtained":["Limit Break"]},{"damage_healed":0,"gold_gain":0,"player_choice":"Obtain J.A.X.","damage_taken":0,"max_hp_gain":0,"max_hp_loss":0,"event_name":"Drug Dealer","floor":21,"gold_loss":0,"cards_obtained":["J.A.X."]},{"damage_healed":0,"gold_gain":0,"player_choice":"Obtained Book","damage_taken":21,"max_hp_gain":0,"max_hp_loss":0,"event_name":"Cursed Tome","floor":22,"gold_loss":0},{"damage_healed":0,"gold_gain":0,"player_choice":"Ignored","damage_taken":0,"max_hp_gain":0,"max_hp_loss":0,"event_name":"Ghosts","floor":25,"gold_loss":0},{"damage_healed":0,"gold_gain":0,"player_choice":"Memory 2","damage_taken":5,"max_hp_gain":0,"max_hp_loss":0,"event_name":"SensoryStone","floor":37,"gold_loss":0}],"is_beta":false,"boss_relics":[{"not_picked":["Tiny House","Black Blood"],"picked":"Fusion Hammer"},{"not_picked":["Orrery","Cursed Key"],"picked":"Empty Cage"}],"items_purged_floors":[12],"is_endless":false,"potions_floor_spawned":[4,5,7,20,28,30,35],"killed_by":"Transient","ascension_level":20}