{"gold_per_floor":[118,129,129,139,314,349,349,377,377,377,389,399,399,418,418,418],"floor_reached":16,"playtime":878,"items_purged":[],"score":118,"play_id":"12100e53-6044-459a-a3a8-dbb8bbb476d3","local_time":"20180826093710","is_ascension_mode":true,"campfire_choices":[{"data":"Whirlwind","floor":7,"key":"SMITH"},{"floor":10,"key":"REST"},{"data":"Combust","floor":13,"key":"SMITH"},{"data":"Flex","floor":15,"key":"SMITH"}],"neow_cost":"","seed_source_timestamp":1136997664609,"circlet_count":0,"master_deck":["Strike_R","Strike_R","Strike_R","Strike_R","Strike_R","Defend_R","Defend_R","Defend_R","Defend_R","Bash","Sever Soul","Iron Wave","Whirlwind+1","Doubt","Clash","Combust+1","Iron Wave","Feed","Flex+1"],"relics":["Burning Blood","Self Forming Clay","Bag of Marbles","Dodecahedron","Darkstone Periapt"],"potions_floor_usage":[16,16],"damage_taken":[{"damage":4,"enemies":"2 Louse","floor":1,"turns":3},{"damage":6,"enemies":"Jaw Worm","floor":2,"turns":3},{"damage":1,"enemies":"Cultist","floor":4,"turns":3},{"damage":59,"enemies":"Gremlin Nob","floor":6,"turns":6},{"damage":23,"enemies":"3 Sentries","floor":8,"turns":6},{"damage":2,"enemies":"2 Fungi Beasts","floor":11,"turns":2},{"damage":10,"enemies":"Large Slime","floor":12,"turns":5},{"damage":12,"enemies":"Exordium Wildlife","floor":14,"turns":3},{"damage":28,"enemies":"The Guardian","floor":16,"turns":4}],"seed_played":"-596244398450671976","potions_obtained":[{"floor":4,"key":"GamblersBrew"},{"floor":6,"key":"GamblersBrew"},{"floor":14,"key":"EntropicBrew"}],"is_trial":false,"path_per_floor":["M","M","?","M","?","E","R","E","T","R","M","M","R","M","R"],"character_chosen":"IRONCLAD","items_purchased":[],"campfire_rested":1,"item_purchase_floors":[],"current_hp_per_floor":[80,80,77,80,80,27,27,10,10,34,38,34,34,28,28,0],"gold":418,"neow_bonus":"","is_prod":false,"is_daily":false,"chose_seed":false,"campfire_upgraded":3,"win_rate":0,"timestamp":1535242030,"path_taken":["M","M","?","M","?","E","R","E","T","R","M","M","R","M","R","BOSS"],"build_version":"2018-08-23v2","purchased_purges":0,"victory":false,"max_hp_per_floor":[80,80,80,80,80,80,80,80,80,80,80,80,80,80,80,80],"card_choices":[{"not_picked":["Warcry","Iron Wave"],"picked":"Sever Soul","floor":1},{"not_picked":["Armaments","Warcry"],"picked":"Iron Wave","floor":2},{"not_picked":["Body Slam","Intimidate"],"picked":"Whirlwind","floor":4},{"not_picked":["Intimidate","Perfected Strike"],"picked":"Clash","floor":6},{"not_picked":["True Grit","Body Slam"],"picked":"Combust","floor":8},{"not_picked":["Clothesline","Body Slam"],"picked":"Iron Wave","floor":11},{"not_picked":["Intimidate","Spot Weakness"],"picked":"Feed","floor":12},{"not_picked":["True Grit","Spot Weakness"],"picked":"Flex","floor":14}],"player_experience":45273,"relics_obtained":[{"floor":6,"key":"Bag of Marbles"},{"floor":8,"key":"Dodecahedron"},{"floor":9,"key":"Darkstone Periapt"}],"event_choices":[{"event_name":"Scrap Ooze","player_choice":"success","floor":3,"damage_taken":3},{"event_name":"Liars Game","player_choice":"agreed","floor":5,"damage_taken":0}],"is_beta":false,"boss_relics":[],"items_purged_floors":[],"is_endless":false,"potions_floor_spawned":[4,6,14],"killed_by":"The Guardian","ascension_level":1}