{"gold_per_floor":[116,116,129,129,149,149,149,161,187,262,262,282,302,321,321,321],"floor_reached":16,"playtime":270,"items_purged":[],"score":188,"play_id":"a5eb109b-2e9a-4cf9-add1-63a58c457e82","local_time":"20180828050528","is_ascension_mode":true,"campfire_choices":[{"data":"Pommel Strike","floor":6,"key":"SMITH"},{"floor":11,"key":"REST"},{"floor":15,"key":"REST"}],"neow_cost":"NONE","seed_source_timestamp":929468799860737,"circlet_count":0,"master_deck":["Strike_R","Strike_R","Strike_R","Strike_R","Strike_R","Defend_R","Defend_R","Defend_R","Defend_R","Bash","AscendersBane","Pommel Strike+1","Carnage+1","Rampage","Seeing Red","Flex"],"relics":["Burning Blood","Bag of Preparation","Bag of Marbles"],"potions_floor_usage":[8,16],"damage_taken":[{"damage":0,"enemies":"2 Louse","floor":1,"turns":3},{"damage":3,"enemies":"Small Slimes","floor":3,"turns":2},{"damage":2,"enemies":"Jaw Worm","floor":5,"turns":2},{"damage":11,"enemies":"3 Louse","floor":8,"turns":2},{"damage":10,"enemies":"Gremlin Gang","floor":12,"turns":3},{"damage":18,"enemies":"Exordium Thugs","floor":13,"turns":3},{"damage":8,"enemies":"Blue Slaver","floor":14,"turns":2},{"damage":53,"enemies":"The Guardian","floor":16,"turns":10}],"seed_played":"-464650622012176586","potions_obtained":[{"floor":1,"key":"Explosive Potion"},{"floor":3,"key":"Dexterity Potion"}],"is_trial":false,"path_per_floor":["M","?","M","?","M","R","?","M","T","?","R","M","M","M","R"],"character_chosen":"IRONCLAD","items_purchased":[],"campfire_rested":2,"item_purchase_floors":[],"current_hp_per_floor":[74,74,75,80,80,80,35,30,30,19,43,39,27,25,49,0],"gold":321,"neow_bonus":"THREE_CARDS","is_prod":false,"is_daily":false,"chose_seed":false,"campfire_upgraded":1,"win_rate":0,"timestamp":1535400328,"path_taken":["M","?","M","?","M","R","?","?","T","?","R","M","M","M","R","BOSS"],"build_version":"2018-08-23v2","purchased_purges":0,"victory":false,"max_hp_per_floor":[75,75,75,80,80,80,80,80,80,80,80,80,80,80,80,80],"card_choices":[{"not_picked":["Headbutt","Bloodletting"],"picked":"Pommel Strike","floor":0},{"not_picked":["Fire Breathing","Blood for Blood"],"picked":"Carnage","floor":1},{"not_picked":["Armaments","Clothesline"],"picked":"Rampage","floor":3},{"not_picked":["Pummel","Metallicize","Warcry"],"picked":"SKIP","floor":5},{"not_picked":["Iron Wave","Sword Boomerang"],"picked":"Seeing Red","floor":8},{"not_picked":["Second Wind","Perfected Strike"],"picked":"Flex","floor":12},{"not_picked":["Rage","Perfected Strike","Seeing Red"],"picked":"SKIP","floor":13},{"not_picked":["Searing Blow","Seeing Red","Fiend Fire"],"picked":"SKIP","floor":14}],"player_experience":525295,"relics_obtained":[{"floor":9,"key":"Bag of Marbles"}],"event_choices":[{"event_name":"Living Wall","player_choice":"Grow","floor":2,"damage_taken":0},{"event_name":"Big Fish","player_choice":"Donut","floor":4,"damage_taken":0},{"event_name":"Scrap Ooze","player_choice":"success","floor":7,"damage_taken":45},{"event_name":"World of Goop","player_choice":"Gather Gold","floor":10,"damage_taken":0}],"is_beta":false,"boss_relics":[],"items_purged_floors":[],"is_endless":false,"potions_floor_spawned":[1,3],"killed_by":"The Guardian","ascension_level":20}