{"gold_per_floor":[110,130,130,55,55,55,84,32,103,119,69,69,69,87,87,185,185,196,206,218,218,218],"floor_reached":22,"playtime":1166,"items_purged":["Strike_G"],"score":202,"play_id":"f37876f7-3346-41dc-930f-63c80936b1ad","local_time":"20180905093614","is_ascension_mode":true,"campfire_choices":[{"data":"Corpse Explosion","floor":6,"key":"SMITH"},{"data":"Neutralize","floor":13,"key":"SMITH"},{"data":"Survivor","floor":15,"key":"SMITH"}],"neow_cost":"CURSE","seed_source_timestamp":698380738037406,"circlet_count":0,"master_deck":["Defend_G","Defend_G","Defend_G","Defend_G","Strike_G","Strike_G","Strike_G","Strike_G","Survivor+1","Neutralize+1","Corpse Explosion+1","Flying Knee","Acrobatics","Dagger Throw","Blade Dance","Endless Agony+1","Blade Dance","Envenom","Expertise+1","Noxious Fumes","Well Laid Plans","RitualDagger"],"relics":["Ring of the Snake","FaceOfCleric","Juzu Bracelet","Question Card","Busted Crown"],"potions_floor_usage":[16,16,16,20],"damage_taken":[{"damage":0,"enemies":"Small Slimes","floor":1,"turns":3},{"damage":4,"enemies":"Jaw Worm","floor":2,"turns":3},{"damage":9,"enemies":"3 Sentries","floor":7,"turns":2},{"damage":1,"enemies":"Cultist","floor":10,"turns":3},{"damage":8,"enemies":"Blue Slaver","floor":14,"turns":3},{"damage":14,"enemies":"The Guardian","floor":16,"turns":11},{"damage":11,"enemies":"Chosen","floor":18,"turns":6},{"damage":22,"enemies":"Shell Parasite","floor":19,"turns":5},{"damage":6,"enemies":"Centurion and Healer","floor":20,"turns":4},{"damage":39,"enemies":"Masked Bandits","floor":22,"turns":3}],"seed_played":"1154712078944824477","potions_obtained":[{"floor":2,"key":"FearPotion"},{"floor":10,"key":"GhostInAJar"},{"floor":14,"key":"Regen Potion"},{"floor":19,"key":"SpeedPotion"}],"is_trial":false,"path_per_floor":["M","M","?","$","?","R","E","$","T","M","?","?","R","M","R","B",null,"M","M","M","?"],"character_chosen":"THE_SILENT","items_purchased":["Blade Dance"],"campfire_rested":0,"item_purchase_floors":[8],"current_hp_per_floor":[70,66,59,59,59,59,51,51,51,51,51,51,51,44,44,46,74,64,43,38,32,0],"gold":218,"neow_bonus":"THREE_RARE_CARDS","is_prod":false,"is_daily":false,"chose_seed":false,"campfire_upgraded":3,"win_rate":0,"timestamp":1536105974,"path_taken":["M","M","?","$","?","R","E","$","T","M","?","?","R","M","R","BOSS","M","M","M","?","?"],"build_version":"2018-08-30","purchased_purges":1,"victory":false,"max_hp_per_floor":[70,70,70,70,70,70,71,71,71,72,72,72,72,73,73,74,74,75,76,77,77,77],"card_choices":[{"not_picked":["Burst","Bullet Time"],"picked":"Corpse Explosion","floor":0},{"not_picked":["Choke","Tactician"],"picked":"Flying Knee","floor":1},{"not_picked":["Cloak And Dagger","Infinite Blades"],"picked":"Acrobatics","floor":2},{"not_picked":["Bouncing Flask","Masterful Stab"],"picked":"Dagger Throw","floor":7},{"not_picked":["Poisoned Stab","Sucker Punch","Setup"],"picked":"Endless Agony","floor":10},{"not_picked":["Finisher","Crippling Poison","Dagger Spray"],"picked":"Blade Dance","floor":14},{"not_picked":["Adrenaline","Burst","Bullet Time"],"picked":"Envenom","floor":16},{"not_picked":["Setup+1"],"picked":"Expertise+1","floor":18},{"not_picked":["Leg Sweep"],"picked":"Noxious Fumes","floor":19},{"not_picked":["Escape Plan"],"picked":"Well Laid Plans","floor":20}],"player_experience":123185,"relics_obtained":[{"floor":7,"key":"Juzu Bracelet"},{"floor":9,"key":"Question Card"}],"event_choices":[{"event_name":"Golden Wing","player_choice":"Card Removal","floor":3,"damage_taken":0},{"event_name":"FaceTrader","player_choice":"Trade","floor":5,"damage_taken":0},{"event_name":"The Cleric","player_choice":"Card Removal","floor":11,"damage_taken":0},{"event_name":"Upgrade Shrine","player_choice":"Upgraded","floor":12,"damage_taken":0},{"event_name":"Nest","player_choice":"Joined the Cult","floor":21,"damage_taken":0},{"event_name":"Masked Bandits","player_choice":"Fought Bandits","floor":22,"damage_taken":0}],"is_beta":false,"boss_relics":[{"not_picked":["Astrolabe","Ectoplasm"],"picked":"Busted Crown"}],"items_purged_floors":[4],"is_endless":false,"potions_floor_spawned":[2,10,14,19],"killed_by":"Masked Bandits","ascension_level":2}