{"gold_per_floor":[111,121,196,196,214,214,242,242,266,266,282,114,145,163,163,258,258,278,188,103,103,81,112,112,131,131,131,162,162,178,196,196,301,301,316,216,216,229,249,249,266,286,359,359,406,406,733,25,25,25],"floor_reached":51,"playtime":4816,"items_purged":["Strike_G","Strike_G","Defend_G"],"score":799,"play_id":"1e68f373-30a2-4446-8e04-a880e7cfb966","local_time":"20180909031309","is_ascension_mode":true,"campfire_choices":[{"data":"Neutralize","floor":6.0,"key":"SMITH"},{"floor":8.0,"key":"REST"},{"data":"Sucker Punch","floor":10.0,"key":"SMITH"},{"data":"Caltrops","floor":15.0,"key":"SMITH"},{"floor":24.0,"key":"REST"},{"data":"After Image","floor":27.0,"key":"SMITH"},{"data":"Terror","floor":29.0,"key":"SMITH"},{"floor":32.0,"key":"REST"},{"floor":40,"key":"REST"},{"data":"Madness","floor":46,"key":"SMITH"},{"floor":49,"key":"REST"}],"neow_cost":"","seed_source_timestamp":0,"circlet_count":0,"master_deck":["Defend_G","Defend_G","Defend_G","Survivor","Neutralize+1","Dash","Sucker Punch+1","Tactician","Cloak And Dagger+1","Quick Slash","Caltrops+1","Dagger Throw","Well Laid Plans+1","Predator","After Image+1","Slice+1","Blade Dance+1","Distraction+1","Skewer+1","PiercingWail","Deflect+1","Terror+1","Cloak And Dagger","Tools of the Trade","Dash","Madness","Madness+1","Dagger Spray+1","Noxious Fumes+1","Crippling Poison","Flechettes","Apotheosis","Noxious Fumes"],"special_seed":0,"relics":["Ring of the Serpent","Bag of Marbles","Blood Vial","Bag of Preparation","Omamori","Astrolabe","Anchor","Bottled Lightning","Nunchaku","Pear","Meat on the Bone","Shovel","Old Coin","War Paint","Strawberry"],"potions_floor_usage":[42,42,47,50],"damage_taken":[{"damage":0.0,"enemies":"2 Louse","floor":1.0,"turns":2.0},{"damage":0.0,"enemies":"Jaw Worm","floor":2.0,"turns":4.0},{"damage":0.0,"enemies":"Cultist","floor":5.0,"turns":2.0},{"damage":26.0,"enemies":"3 Sentries","floor":7.0,"turns":10.0},{"damage":0.0,"enemies":"Looter","floor":11.0,"turns":3.0},{"damage":6.0,"enemies":"Lagavulin","floor":13.0,"turns":7.0},{"damage":0.0,"enemies":"Blue Slaver","floor":14.0,"turns":4.0},{"damage":30.0,"enemies":"The Guardian","floor":16.0,"turns":11.0},{"damage":13.0,"enemies":"2 Thieves","floor":18.0,"turns":4.0},{"damage":35.0,"enemies":"Gremlin Leader","floor":23.0,"turns":8.0},{"damage":0.0,"enemies":"3 Byrds","floor":25.0,"turns":2.0},{"damage":16.0,"enemies":"Book of Stabbing","floor":28.0,"turns":5.0},{"damage":16.0,"enemies":"Cultist and Chosen","floor":30.0,"turns":7.0},{"damage":5.0,"enemies":"Snake Plant","floor":31.0,"turns":3.0},{"damage":42.0,"enemies":"Collector","floor":33.0,"turns":12.0},{"damage":0,"enemies":"Orb Walker","floor":35,"turns":4},{"damage":23,"enemies":"3 Shapes","floor":38,"turns":6},{"damage":13,"enemies":"3 Darklings","floor":39,"turns":4},{"damage":15,"enemies":"Maw","floor":41,"turns":8},{"damage":32,"enemies":"Reptomancer","floor":42,"turns":6},{"damage":3,"enemies":"Mysterious Sphere","floor":45,"turns":5},{"damage":34,"enemies":"Nemesis","floor":47,"turns":9},{"damage":40,"enemies":"Donu and Deca","floor":50,"turns":9}],"seed_played":"3578369201797277856","potions_obtained":[{"floor":1.0,"key":"Energy Potion"},{"floor":2.0,"key":"SkillPotion"},{"floor":13.0,"key":"FairyPotion"},{"floor":16.0,"key":"Fire Potion"},{"floor":23.0,"key":"Ancient Potion"},{"floor":25.0,"key":"Weak Potion"},{"floor":38,"key":"SteroidPotion"},{"floor":41,"key":"GamblersBrew"},{"floor":42,"key":"SneckoOil"},{"floor":47,"key":"SpeedPotion"}],"is_trial":false,"path_per_floor":["M","M","?","?","M","R","E","R","T","R","M","$","E","M","R","B",null,"M","?","?","?","$","E","R","M","T","R","E","R","M","M","R","B",null,"M","$","?","M","M","R","M","M","T","?","?","R","E","$","R","B"],"character_chosen":"THE_SILENT","items_purchased":["Caltrops","Dagger Throw","PiercingWail","Apotheosis","War Paint","Noxious Fumes","Strawberry"],"campfire_rested":5,"item_purchase_floors":[12,12,22,48,48,48,48],"current_hp_per_floor":[70,70,59,59,59,59,33,54,54,54,56,56,52,54,54,26,70,57,57,57,57,57,24,45,47,47,47,43,43,29,26,50,10,80,80,80,70,49,38,62,49,19,19,70,67,67,47,54,77,49],"gold":25,"neow_bonus":"","is_prod":false,"is_daily":false,"chose_seed":false,"campfire_upgraded":6,"win_rate":0,"timestamp":1536487989,"path_taken":["M","M","?","?","M","R","E","R","T","R","M","?","E","M","R","BOSS","M","?","?","?","$","E","R","M","T","R","E","R","M","M","R","BOSS","M","$","?","M","M","R","?","M","T","?","?","R","E","$","R","BOSS"],"build_version":"2018-09-06","purchased_purges":3,"victory":true,"max_hp_per_floor":[70,70,70,70,70,70,70,70,70,70,70,70,70,70,70,70,70,70,70,70,70,70,70,70,70,70,70,80,80,80,80,80,80,80,80,80,80,80,80,80,80,80,80,70,70,70,70,77,77,77],"card_choices":[{"not_picked":["Concentrate","Backstab"],"picked":"Dash","floor":1.0},{"not_picked":["Acrobatics","Dodge and Roll"],"picked":"Sucker Punch","floor":2.0},{"not_picked":["Sucker Punch","Bane"],"picked":"Tactician","floor":5.0},{"not_picked":["Calculated Gamble","Eviscerate"],"picked":"Cloak And Dagger","floor":7.0},{"not_picked":["Burst","Slice"],"picked":"Quick Slash","floor":11.0},{"not_picked":["Concentrate","Terror"],"picked":"Well Laid Plans","floor":13.0},{"not_picked":["Quick Slash","Finisher"],"picked":"Predator","floor":14.0},{"not_picked":["Doppelganger","Wraith Form v2"],"picked":"After Image","floor":16.0},{"not_picked":["Acrobatics","Quick Slash"],"picked":"Skewer+1","floor":18.0},{"not_picked":["Eviscerate","Flechettes"],"picked":"Deflect","floor":23.0},{"not_picked":["Dagger Throw","Outmaneuver"],"picked":"Terror","floor":25.0},{"not_picked":["Deflect","Expertise+1","Outmaneuver+1"],"picked":"SKIP","floor":28.0},{"not_picked":["Underhanded Strike+1","Bane+1"],"picked":"Cloak And Dagger","floor":30.0},{"not_picked":["Terror+1","Dash","Flying Knee"],"picked":"SKIP","floor":31.0},{"not_picked":["Bullet Time","Die Die Die"],"picked":"Tools of the Trade","floor":33.0},{"not_picked":["Quick Slash","Deadly Poison"],"picked":"Dash","floor":35},{"not_picked":["Masterful Stab","Quick Slash","Dagger Throw+1"],"picked":"SKIP","floor":38},{"not_picked":["Caltrops+1","PiercingWail"],"picked":"Dagger Spray+1","floor":39},{"not_picked":["Poisoned Stab","Outmaneuver"],"picked":"Noxious Fumes+1","floor":41},{"not_picked":["Leg Sweep+1","Underhanded Strike"],"picked":"Crippling Poison","floor":42},{"not_picked":["PiercingWail+1","Quick Slash+1"],"picked":"Flechettes","floor":47}],"player_experience":330769,"relics_obtained":[{"floor":4.0,"key":"Bag of Marbles"},{"floor":7.0,"key":"Blood Vial"},{"floor":9.0,"key":"Bag of Preparation"},{"floor":13.0,"key":"Omamori"},{"floor":23.0,"key":"Bottled Lightning"},{"floor":26.0,"key":"Nunchaku"},{"floor":28.0,"key":"Pear"},{"floor":43,"key":"Meat on the Bone"},{"floor":45,"key":"Shovel"},{"floor":47,"key":"Old Coin"}],"event_choices":[{"event_name":"World of Goop","player_choice":"Gather Gold","floor":3.0,"damage_taken":0.0},{"event_name":"Wheel of Change","player_choice":"Relic","floor":4.0,"damage_taken":0.0},{"event_name":"Designer","player_choice":"Full Service","floor":19.0,"damage_taken":0.0},{"event_name":"Addict","player_choice":"Obtained Relic","floor":20.0,"damage_taken":0.0},{"event_name":"The Woman in Blue","player_choice":"Bought 0 Potions","floor":21.0,"damage_taken":0.0},{"event_name":"Winding Halls","player_choice":"Embrace Madness","floor":37,"damage_taken":0},{"event_name":"The Moai Head","player_choice":"Heal","floor":44,"damage_taken":0},{"event_name":"Mysterious Sphere","player_choice":"Fight","floor":45,"damage_taken":0}],"is_beta":false,"boss_relics":[{"not_picked":["Fusion Hammer","Runic Dome"],"picked":"Astrolabe"},{"not_picked":["Tiny House","Cursed Key"],"picked":"Ring of the Serpent"}],"items_purged_floors":[12,36,48],"is_endless":false,"potions_floor_spawned":[1,2,13,16,23,25,38,41,42,47],"ascension_level":3}