{"gold_per_floor":[116,116,41,41,62,62,85,13,39,39,57,57,90,90],"floor_reached":14,"playtime":441,"items_purged":["Strike_B"],"score":92,"play_id":"a89ba31d-2b25-4a71-8867-2affe0c9b312","local_time":"20180828194829","is_ascension_mode":true,"campfire_choices":[{"data":"Gash","floor":6,"key":"SMITH"},{"data":"Echo Form","floor":10,"key":"SMITH"},{"data":"Gash","floor":12,"key":"SMITH"}],"neow_cost":"","seed_source_timestamp":44480453070274,"circlet_count":0,"master_deck":["Strike_B","Strike_B","Strike_B","Defend_B","Defend_B","Defend_B","Defend_B","Zap","Dualcast","Gash+1","Injury","Sweeping Beam","Echo Form+1","Gash+1"],"relics":["Cracked Core","Oddly Smooth Stone","Golden Idol","Centennial Puzzle","Smiling Mask"],"potions_floor_usage":[],"damage_taken":[{"damage":8,"enemies":"Jaw Worm","floor":1,"turns":5},{"damage":7,"enemies":"Small Slimes","floor":5,"turns":4},{"damage":7,"enemies":"2 Louse","floor":7,"turns":3},{"damage":15,"enemies":"Large Slime","floor":11,"turns":5},{"damage":27,"enemies":"Gremlin Nob","floor":13,"turns":4},{"damage":12,"enemies":"2 Fungi Beasts","floor":14,"turns":2}],"seed_played":"2592951125583343653","potions_obtained":[{"floor":5,"key":"FearPotion"}],"is_trial":false,"path_per_floor":["M","?","$","?","M","R","M","$","T","R","M","R","E"],"character_chosen":"DEFECT","items_purchased":["Echo Form"],"campfire_rested":0,"item_purchase_floors":[8],"current_hp_per_floor":[67,60,60,60,53,53,46,46,46,46,31,31,4,0],"gold":90,"neow_bonus":"","is_prod":false,"is_daily":false,"chose_seed":false,"campfire_upgraded":3,"win_rate":0,"timestamp":1535451509,"path_taken":["M","?","$","?","M","R","M","$","T","R","M","R","E","?"],"build_version":"2018-08-23v2","purchased_purges":1,"victory":false,"max_hp_per_floor":[75,75,75,75,75,75,75,75,75,75,75,75,75,75],"card_choices":[{"not_picked":["Turbo","Tempest"],"picked":"Gash","floor":1},{"not_picked":["Glacier","Beam Cell","Sweeping Beam"],"picked":"SKIP","floor":5},{"not_picked":["BootSequence","Barrage"],"picked":"Sweeping Beam","floor":7},{"not_picked":["Compile Driver","Barrage"],"picked":"Gash","floor":11},{"not_picked":["Amplify","Force Field","Consume"],"picked":"SKIP","floor":13}],"player_experience":69394,"relics_obtained":[{"floor":9,"key":"Centennial Puzzle"},{"floor":13,"key":"Smiling Mask"}],"event_choices":[{"event_name":"Scrap Ooze","player_choice":"success","floor":2,"damage_taken":7},{"event_name":"Golden Idol","player_choice":"Take Wound","floor":4,"damage_taken":0}],"is_beta":false,"boss_relics":[],"items_purged_floors":[3],"is_endless":false,"potions_floor_spawned":[5],"killed_by":"2 Fungi Beasts","ascension_level":1}