{"gold_per_floor":[213,165,181,191,201,201,57,57,57,57,89,89,104,104],"floor_reached":14,"playtime":718,"items_purged":["Strike_G"],"score":90,"play_id":"a11505c2-d2c9-4ba4-95a5-18955c69bec7","local_time":"20181117140350","is_ascension_mode":false,"campfire_choices":[{"data":"Neutralize","floor":6,"key":"SMITH"},{"data":"Infinite Blades","floor":8,"key":"SMITH"},{"data":"Calculated Gamble","floor":10,"key":"SMITH"}],"neow_cost":"NONE","seed_source_timestamp":9561631072609,"circlet_count":0,"master_deck":["Defend_G","Defend_G","Defend_G","Defend_G","Defend_G","Strike_G","Strike_G","Strike_G","Strike_G","Survivor","Neutralize+1","Calculated Gamble+1","Deadly Poison","Bouncing Flask","Acrobatics","Tools of the Trade","Infinite Blades+1","Backflip"],"relics":["Ring of the Snake","Blue Candle","Pear"],"potions_floor_usage":[14,14,14],"damage_taken":[{"damage":0,"enemies":"Cultist","floor":1,"turns":5},{"damage":0,"enemies":"2 Louse","floor":3,"turns":3},{"damage":3,"enemies":"Jaw Worm","floor":4,"turns":4},{"damage":8,"enemies":"2 Fungi Beasts","floor":5,"turns":4},{"damage":8,"enemies":"Lagavulin","floor":11,"turns":6},{"damage":44,"enemies":"Gremlin Gang","floor":13,"turns":9},{"damage":18,"enemies":"Gremlin Nob","floor":14,"turns":4}],"seed_played":"8813716153132179547","potions_obtained":[{"floor":1,"key":"AttackPotion"},{"floor":5,"key":"SpeedPotion"},{"floor":11,"key":"LiquidBronze"},{"floor":12,"key":"Dexterity Potion"},{"floor":12,"key":"EssenceOfSteel"}],"is_trial":false,"path_per_floor":["M","$","M","M","M","R","$","R","T","R","E","?","M","E"],"character_chosen":"THE_SILENT","items_purchased":["Deadly Poison","Infinite Blades"],"campfire_rested":0,"item_purchase_floors":[2,7],"current_hp_per_floor":[70,70,70,67,59,59,59,59,59,59,61,61,17,0],"gold":104,"neow_bonus":"HUNDRED_GOLD","is_prod":false,"is_daily":false,"chose_seed":false,"campfire_upgraded":3,"win_rate":0,"timestamp":1542431030,"path_taken":["M","$","?","M","M","R","$","R","T","R","E","?","M","E"],"build_version":"2018-11-15","purchased_purges":1,"victory":false,"max_hp_per_floor":[70,70,70,70,70,70,70,70,70,70,80,80,80,80],"card_choices":[{"not_picked":["Dagger Throw","Outmaneuver"],"picked":"Calculated Gamble","floor":1},{"not_picked":["Underhanded Strike","Finisher"],"picked":"Bouncing Flask","floor":3},{"not_picked":["Escape Plan","Calculated Gamble"],"picked":"Acrobatics","floor":4},{"not_picked":["Blur","Underhanded Strike"],"picked":"Tools of the Trade","floor":5},{"not_picked":["Phantasmal Killer","Slice","Flying Knee"],"picked":"SKIP","floor":11},{"not_picked":["Bane","Deadly Poison"],"picked":"Backflip","floor":13}],"player_experience":100139,"relics_obtained":[{"floor":9,"key":"Blue Candle"},{"floor":11,"key":"Pear"}],"event_choices":[{"damage_healed":0,"gold_gain":0,"player_choice":"Got Potions","damage_taken":0,"max_hp_gain":0,"max_hp_loss":0,"event_name":"Lab","floor":12,"gold_loss":0}],"is_beta":false,"boss_relics":[],"items_purged_floors":[7],"is_endless":false,"potions_floor_spawned":[1,5,11,13],"killed_by":"Gremlin Nob","ascension_level":0}