{"gold_per_floor":[119,15,15,28,28,61,61,73,73,85,115,156,186,217,229,344,356,350,462,488,520,532,544,556,568,580,626,638,669,100,115,115,115],"floor_reached":33,"playtime":1737,"items_purged":["Regret"],"score":465,"play_id":"8b617647-a2f7-40b9-a559-05561489e530","local_time":"20181122141930","is_ascension_mode":true,"campfire_choices":[{"data":"Caltrops","floor":7,"key":"SMITH"},{"data":"Accuracy","floor":15,"key":"SMITH"},{"data":"Infinite Blades","floor":24,"key":"SMITH"},{"data":"Bite","floor":28,"key":"SMITH"},{"data":"Bite","floor":32,"key":"SMITH"}],"neow_cost":"NONE","seed_source_timestamp":432737265688158,"circlet_count":0,"master_deck":["Defend_G","Defend_G","Defend_G","Defend_G","Defend_G+1","Survivor","Neutralize+1","Dash","Caltrops+1","Accuracy+1","Cloak And Dagger+1","Infinite Blades+1","Blade Dance","Corpse Explosion","Blade Dance+1","Terror","Bite+1","Bite","Bite+1","Bite","Bite","Flying Knee","Blade Dance","Footwork"],"relics":["Ring of the Snake","NeowsBlessing","Dodecahedron","Darkstone Periapt","Thread and Needle","MawBank","Mummified Hand","Whetstone","Eternal Feather","War Paint","Blood Vial","Ninja Scroll","Happy Flower"],"potions_floor_usage":[16,16,16,29,33,33],"damage_taken":[{"damage":0,"enemies":"Cultist","floor":1,"turns":1},{"damage":0,"enemies":"2 Louse","floor":4,"turns":1},{"damage":0,"enemies":"Gremlin Nob","floor":6,"turns":1},{"damage":0,"enemies":"Small Slimes","floor":8,"turns":4},{"damage":3,"enemies":"Exordium Thugs","floor":11,"turns":6},{"damage":8,"enemies":"3 Sentries","floor":12,"turns":7},{"damage":3,"enemies":"Lots of Slimes","floor":13,"turns":4},{"damage":1,"enemies":"Looter","floor":14,"turns":3},{"damage":4,"enemies":"The Guardian","floor":16,"turns":8},{"damage":21,"enemies":"2 Thieves","floor":18,"turns":4},{"damage":0,"enemies":"3 Byrds","floor":20,"turns":4},{"damage":0,"enemies":"Cultist and Chosen","floor":21,"turns":3},{"damage":38,"enemies":"Book of Stabbing","floor":27,"turns":5},{"damage":10,"enemies":"Snake Plant","floor":29,"turns":3},{"damage":9,"enemies":"Sentry and Sphere","floor":31,"turns":4},{"damage":68,"enemies":"Champ","floor":33,"turns":9}],"seed_played":"8613123567444640502","potions_obtained":[{"floor":4,"key":"Weak Potion"},{"floor":8,"key":"SpeedPotion"},{"floor":13,"key":"FearPotion"},{"floor":14,"key":"PowerPotion"},{"floor":27,"key":"AttackPotion"},{"floor":29,"key":"FearPotion"},{"floor":31,"key":"Block Potion"}],"is_trial":false,"path_per_floor":["M","$","?","M","?","E","R","M","T","?","M","E","M","M","R","B",null,"M","?","M","M","?","?","R","?","T","E","R","M","$","M","R","B"],"character_chosen":"THE_SILENT","items_purchased":["Dash","Caltrops","Ninja Scroll","Blade Dance","Footwork","Happy Flower"],"campfire_rested":0,"item_purchase_floors":[2,2,30,30,30,30],"current_hp_per_floor":[70,70,70,70,67,67,67,67,67,67,64,56,53,52,52,48,65,44,44,44,44,44,37,49,49,49,17,29,23,23,22,34,0],"gold":115,"neow_bonus":"THREE_ENEMY_KILL","is_prod":false,"is_daily":false,"chose_seed":false,"campfire_upgraded":5,"win_rate":0,"timestamp":1542858570,"path_taken":["M","$","?","M","?","E","R","M","T","?","M","E","M","M","R","BOSS","M","?","M","?","?","?","R","?","T","E","R","M","$","M","R","BOSS"],"build_version":"2018-11-15","purchased_purges":1,"victory":false,"max_hp_per_floor":[70,70,70,70,70,70,70,70,70,70,70,70,70,70,70,70,70,70,70,70,70,49,54,54,54,54,54,54,54,54,54,54,54],"card_choices":[{"not_picked":["Underhanded Strike","Expertise"],"picked":"Slice","floor":1},{"not_picked":["Masterful Stab","Blade Dance"],"picked":"Accuracy","floor":4},{"not_picked":["Deflect","Acrobatics"],"picked":"Cloak And Dagger","floor":6},{"not_picked":["Choke","Predator","Riddle With Holes"],"picked":"SKIP","floor":8},{"not_picked":["Dagger Throw","Grand Finale"],"picked":"Infinite Blades","floor":11},{"not_picked":["Flechettes","Quick Slash","Catalyst"],"picked":"SKIP","floor":12},{"not_picked":["Crippling Poison","Bane"],"picked":"Blade Dance","floor":13},{"not_picked":["Riddle With Holes","Poisoned Stab","Outmaneuver"],"picked":"SKIP","floor":14},{"not_picked":["Phantasmal Killer","Burst"],"picked":"Corpse Explosion","floor":16},{"not_picked":["Deflect","Sucker Punch+1"],"picked":"Blade Dance+1","floor":18},{"not_picked":["Dodge and Roll+1","Bane+1","Sucker Punch+1"],"picked":"SKIP","floor":20},{"not_picked":["Cloak And Dagger","Dodge and Roll"],"picked":"Terror","floor":21},{"not_picked":["Escape Plan","Grand Finale","Deadly Poison"],"picked":"SKIP","floor":27},{"not_picked":["Masterful Stab","Flying Knee","Prepared+1"],"picked":"SKIP","floor":29},{"not_picked":["Dagger Throw","Outmaneuver+1","Bane"],"picked":"SKIP","floor":31}],"player_experience":405234,"relics_obtained":[{"floor":6,"key":"Thread and Needle"},{"floor":9,"key":"MawBank"},{"floor":12,"key":"Whetstone"},{"floor":26,"key":"War Paint"},{"floor":27,"key":"Blood Vial"}],"event_choices":[{"damage_healed":0,"gold_gain":0,"player_choice":"Box","damage_taken":0,"relics_obtained":["Dodecahedron"],"max_hp_gain":0,"max_hp_loss":0,"event_name":"Big Fish","floor":3,"gold_loss":0,"cards_obtained":["Regret"]},{"damage_healed":0,"gold_gain":0,"player_choice":"Success","damage_taken":3,"relics_obtained":["Darkstone Periapt"],"max_hp_gain":0,"max_hp_loss":0,"event_name":"Scrap Ooze","floor":5,"gold_loss":0},{"damage_healed":0,"gold_gain":0,"player_choice":"Gave Potion","damage_taken":0,"relics_obtained":["Mummified Hand"],"max_hp_gain":0,"max_hp_loss":0,"event_name":"WeMeetAgain","floor":10,"gold_loss":0},{"damage_healed":0,"gold_gain":100,"player_choice":"Pray","damage_taken":0,"max_hp_gain":0,"max_hp_loss":0,"event_name":"Golden Shrine","floor":19,"gold_loss":0},{"damage_healed":0,"gold_gain":0,"player_choice":"Became a vampire","damage_taken":0,"max_hp_gain":0,"max_hp_loss":21,"event_name":"Vampires","floor":22,"gold_loss":0,"cards_obtained":["Bite","Bite","Bite","Bite","Bite"]},{"damage_healed":0,"gold_gain":0,"player_choice":"Shed Blood","damage_taken":12,"max_hp_gain":5,"max_hp_loss":0,"event_name":"Forgotten Altar","floor":23,"gold_loss":0},{"damage_healed":0,"gold_gain":0,"cards_transformed":["Slice"],"player_choice":"Transformed","damage_taken":0,"max_hp_gain":0,"max_hp_loss":0,"event_name":"Transmorgrifier","floor":25,"gold_loss":0,"cards_obtained":["Flying Knee"]}],"is_beta":false,"boss_relics":[{"not_picked":["Lizard Tail","Snecko Eye"],"picked":"Eternal Feather"}],"items_purged_floors":[30],"is_endless":false,"potions_floor_spawned":[4,8,13,14,27,29,31],"killed_by":"Champ","ascension_level":5}