{"gold_per_floor":[109,109,129,129,145,160,201,201,201,46,46,61,61,82,82,207,207,221,242,242],"floor_reached":20,"playtime":993,"items_purged":[],"score":185,"play_id":"477cc422-b070-4570-83c1-007885ea166e","local_time":"20180805004956","is_ascension_mode":true,"campfire_choices":[{"floor":11,"key":"REST"},{"data":"Armaments","floor":13,"key":"SMITH"},{"floor":15,"key":"REST"}],"neow_cost":"","seed_source_timestamp":51689435992559,"circlet_count":0,"master_deck":["Strike_R","Strike_R","Strike_R+1","Strike_R","Strike_R","Defend_R","Defend_R","Defend_R","Defend_R+1","Bash","Intimidate","Cleave","Armaments+1","Headbutt","Dual Wield","Rampage","Ghostly Armor","Impervious","Burning Pact+1"],"relics":["Black Blood","Question Card","Golden Idol","Mercury Hourglass","Smiling Mask","Juzu Bracelet"],"potions_floor_usage":[16,16],"damage_taken":[{"damage":5,"enemies":"Small Slimes","floor":1,"turns":4},{"damage":3,"enemies":"Jaw Worm","floor":3,"turns":3},{"damage":9,"enemies":"Cultist","floor":5,"turns":4},{"damage":7,"enemies":"Red Slaver","floor":6,"turns":5},{"damage":17,"enemies":"3 Sentries","floor":7,"turns":8},{"damage":16,"enemies":"Exordium Wildlife","floor":12,"turns":5},{"damage":14,"enemies":"Large Slime","floor":14,"turns":5},{"damage":48,"enemies":"The Guardian","floor":16,"turns":13},{"damage":38,"enemies":"Spheric Guardian","floor":18,"turns":8},{"damage":34,"enemies":"Shell Parasite","floor":19,"turns":10},{"damage":29,"enemies":"Cultist and Chosen","floor":20,"turns":6}],"seed_played":"-3602206767004958969","potions_obtained":[{"floor":5,"key":"AttackPotion"},{"floor":7,"key":"Swift Potion"}],"is_trial":false,"path_per_floor":["M","?","M","?","M","M","E","?","T","$","R","M","R","M","R","B",null,"M","M"],"character_chosen":"IRONCLAD","items_purchased":["Juzu Bracelet"],"campfire_rested":2,"item_purchase_floors":[10],"current_hp_per_floor":[80,77,80,60,57,56,45,29,29,29,53,43,43,35,59,17,80,52,28,0],"gold":242,"neow_bonus":"","is_prod":false,"is_daily":false,"chose_seed":false,"campfire_upgraded":1,"win_rate":0,"timestamp":1533397796,"path_taken":["M","?","?","?","M","M","E","?","T","$","R","M","R","M","R","BOSS","M","M","M"],"build_version":"2018-08-02","purchased_purges":0,"victory":false,"max_hp_per_floor":[80,80,80,80,80,80,80,80,80,80,80,80,80,80,80,80,80,80,80,80],"card_choices":[{"not_picked":["True Grit","Sever Soul"],"picked":"Intimidate","floor":1},{"not_picked":["Perfected Strike","Iron Wave","Rupture"],"picked":"Cleave","floor":3},{"not_picked":["Iron Wave","Perfected Strike","Juggernaut"],"picked":"Armaments","floor":5},{"not_picked":["Sword Boomerang","Clash","Corruption"],"picked":"Headbutt","floor":6},{"not_picked":["Rage","Flex","Perfected Strike"],"picked":"Dual Wield","floor":7},{"not_picked":["Twin Strike","Thunderclap","Shrug It Off"],"picked":"Rampage","floor":12},{"not_picked":["Anger","Twin Strike","Flex"],"picked":"Ghostly Armor","floor":14},{"not_picked":["Immolate","Berserk","Juggernaut"],"picked":"Impervious","floor":16},{"not_picked":["True Grit+1","Rage","Thunderclap"],"picked":"Burning Pact+1","floor":18},{"not_picked":["Armaments","Heavy Blade","Wild Strike","Flex"],"picked":"SKIP","floor":19}],"player_experience":69549,"relics_obtained":[{"floor":7,"key":"Mercury Hourglass"},{"floor":9,"key":"Smiling Mask"}],"event_choices":[{"event_name":"Scrap Ooze","player_choice":"success","floor":2,"damage_taken":3},{"event_name":"Golden Idol","player_choice":"Take Damage","floor":4,"damage_taken":0},{"event_name":"Shining Light","player_choice":"Entered Light","floor":8,"damage_taken":0}],"is_beta":false,"boss_relics":[{"not_picked":["Runic Dome","White Beast Statue"],"picked":"Black Blood"}],"items_purged_floors":[],"is_endless":false,"potions_floor_spawned":[5,7],"killed_by":"Cultist and Chosen","ascension_level":1}