{"gold_per_floor":[11,86,96,44,59,93,93,128,128,128,140,151,151,213,213,213],"floor_reached":16,"playtime":1286,"items_purged":[],"score":121,"play_id":"fcb358d0-c8f2-493a-9460-7aed48524ff8","local_time":"20180906120915","is_ascension_mode":true,"campfire_choices":[{"data":"1","floor":7,"key":"LIFT"},{"data":"2","floor":13,"key":"LIFT"},{"data":"3","floor":15,"key":"LIFT"}],"neow_cost":"NO_GOLD","seed_source_timestamp":793859255202274,"circlet_count":0,"master_deck":["Defend_G","Defend_G","Defend_G","Defend_G","Defend_G","Strike_G","Strike_G","Strike_G","Strike_G","Strike_G","Survivor","Neutralize","Deadly Poison","Leg Sweep","Dodge and Roll","Adrenaline","Prepared","Bane","Bane"],"relics":["Ring of the Snake","Oddly Smooth Stone","Girya","Centennial Puzzle","Smiling Mask","Bottled Lightning","Turnip"],"potions_floor_usage":[8,16],"damage_taken":[{"damage":0,"enemies":"2 Louse","floor":1,"turns":4},{"damage":1,"enemies":"Cultist","floor":3,"turns":4},{"damage":0,"enemies":"Jaw Worm","floor":5,"turns":5},{"damage":23,"enemies":"3 Sentries","floor":6,"turns":16},{"damage":4,"enemies":"Lagavulin","floor":8,"turns":9},{"damage":0,"enemies":"Red Slaver","floor":11,"turns":4},{"damage":0,"enemies":"3 Louse","floor":12,"turns":5},{"damage":7,"enemies":"3 Sentries","floor":14,"turns":8},{"damage":40,"enemies":"Slime Boss","floor":16,"turns":10}],"seed_played":"-3085636051689776836","potions_obtained":[{"floor":3,"key":"Weak Potion"},{"floor":5,"key":"SteroidPotion"},{"floor":11,"key":"Block Potion"}],"is_trial":false,"path_per_floor":["M","?","M","?","M","E","R","E","T","T","M","M","R","?","R"],"character_chosen":"THE_SILENT","items_purchased":[],"campfire_rested":0,"item_purchase_floors":[],"current_hp_per_floor":[84,73,72,72,72,49,49,45,45,45,45,45,45,38,38,0],"gold":213,"neow_bonus":"TWENTY_PERCENT_HP_BONUS","is_prod":false,"is_daily":false,"chose_seed":false,"campfire_upgraded":0,"win_rate":0,"timestamp":1536201555,"path_taken":["M","?","?","?","M","E","R","E","T","?","M","M","R","?","R","BOSS"],"build_version":"2018-08-30","purchased_purges":0,"victory":false,"max_hp_per_floor":[84,84,84,84,84,84,84,84,84,84,84,84,84,84,84,84],"card_choices":[{"not_picked":["Reflex","Expertise"],"picked":"Deadly Poison","floor":1},{"not_picked":["Dagger Throw","Acrobatics"],"picked":"Leg Sweep","floor":3},{"not_picked":["Sucker Punch","Setup"],"picked":"Dodge and Roll","floor":5},{"not_picked":["Expertise","Storm of Steel"],"picked":"Adrenaline","floor":6},{"not_picked":["Deadly Poison","Endless Agony"],"picked":"Prepared","floor":8},{"not_picked":["Calculated Gamble","Dagger Throw","Outmaneuver"],"picked":"SKIP","floor":11},{"not_picked":["Finisher","Flechettes"],"picked":"Bane","floor":12},{"not_picked":["Choke","Accuracy"],"picked":"Bane","floor":14}],"player_experience":133376,"relics_obtained":[{"floor":6,"key":"Girya"},{"floor":8,"key":"Centennial Puzzle"},{"floor":9,"key":"Smiling Mask"},{"floor":10,"key":"Bottled Lightning"},{"floor":14,"key":"Turnip"}],"event_choices":[{"event_name":"World of Goop","player_choice":"Gather Gold","floor":2,"damage_taken":0},{"event_name":"WeMeetAgain","player_choice":"Gold","floor":4,"damage_taken":0},{"event_name":"Dead Adventurer","player_choice":"Searched \u00271\u0027 times","floor":14,"damage_taken":0}],"is_beta":false,"boss_relics":[],"items_purged_floors":[],"is_endless":false,"potions_floor_spawned":[3,5,11],"killed_by":"Slime Boss","ascension_level":2}