{"gold_per_floor":[119,55,55,66,82,117,134,134,134,134],"floor_reached":10,"playtime":516,"items_purged":[],"score":71,"play_id":"f3a40cfb-9c14-4986-81a2-79b78b01a99c","local_time":"20180825153218","is_ascension_mode":true,"campfire_choices":[{"data":"Fire Breathing","floor":8,"key":"SMITH"}],"neow_cost":"NONE","seed_source_timestamp":113504435909115,"circlet_count":0,"master_deck":["Strike_R","Strike_R","Strike_R","Strike_R","Strike_R","Defend_R","Defend_R","Defend_R","Defend_R","Bash","Flex","Headbutt","Armaments","Fire Breathing+1","Anger"],"relics":["Burning Blood","NeowsBlessing","Pen Nib","Smiling Mask","Boot","Matryoshka"],"potions_floor_usage":[],"damage_taken":[{"damage":0,"enemies":"2 Louse","floor":1,"turns":1},{"damage":0,"enemies":"Cultist","floor":4,"turns":1},{"damage":0,"enemies":"Small Slimes","floor":5,"turns":1},{"damage":45,"enemies":"3 Sentries","floor":6,"turns":13},{"damage":7,"enemies":"3 Louse","floor":7,"turns":4},{"damage":29,"enemies":"The Mushroom Lair","floor":10,"turns":4}],"seed_played":"-3744308840162591926","potions_obtained":[{"floor":4,"key":"SneckoOil"},{"floor":6,"key":"Swift Potion"}],"is_trial":false,"path_per_floor":["M","?","?","M","M","E","M","R","T"],"character_chosen":"IRONCLAD","items_purchased":[],"campfire_rested":0,"item_purchase_floors":[],"current_hp_per_floor":[80,80,55,61,67,28,27,27,27,0],"gold":134,"neow_bonus":"THREE_ENEMY_KILL","is_prod":false,"is_daily":false,"chose_seed":false,"campfire_upgraded":1,"win_rate":0,"timestamp":1535176938,"path_taken":["M","?","?","M","?","E","M","R","T","?"],"build_version":"2018-08-23v2","purchased_purges":0,"victory":false,"max_hp_per_floor":[80,80,80,80,80,80,80,80,80,80],"card_choices":[{"not_picked":["Wild Strike","Heavy Blade"],"picked":"Flex","floor":1},{"not_picked":["Anger","Armaments"],"picked":"Headbutt","floor":4},{"not_picked":["Heavy Blade","Fiend Fire"],"picked":"Armaments","floor":5},{"not_picked":["Rage","Hemokinesis"],"picked":"Fire Breathing","floor":6},{"not_picked":["Headbutt","Perfected Strike"],"picked":"Anger","floor":7}],"player_experience":36809,"relics_obtained":[{"floor":6,"key":"Boot"},{"floor":9,"key":"Matryoshka"}],"event_choices":[{"event_name":"WeMeetAgain","player_choice":"Gold","floor":2,"damage_taken":0},{"event_name":"Scrap Ooze","player_choice":"success","floor":3,"damage_taken":25},{"event_name":"Mushrooms","player_choice":"Fought Mushrooms","floor":10,"damage_taken":0}],"is_beta":false,"boss_relics":[],"items_purged_floors":[],"is_endless":false,"potions_floor_spawned":[4,6],"killed_by":"The Mushroom Lair","ascension_level":1}