{"gold_per_floor":[117,131,142,142,156,156,183,183,230,230,246,246,258,285,285,384,384,395,411,129,148,63,63,79,79,105,105,125,125,125,141,141,141],"floor_reached":33,"playtime":1849,"items_purged":["Strike_B"],"score":401,"play_id":"a231cf43-4da5-4150-a151-6386dea360bd","local_time":"20181010003822","is_ascension_mode":true,"campfire_choices":[{"floor":6.0,"key":"REST"},{"floor":8.0,"key":"REST"},{"floor":15.0,"key":"REST"},{"data":"Go for the Eyes","floor":23,"key":"SMITH"},{"floor":25,"key":"REST"},{"floor":27,"key":"REST"},{"floor":32,"key":"REST"}],"neow_cost":"NONE","seed_source_timestamp":0,"circlet_count":0,"master_deck":["Strike_B+1","Strike_B+1","Strike_B+1","Defend_B+1","Defend_B+1","Defend_B+1","Defend_B+1","Zap","Dualcast","AscendersBane","Beam Cell","Rebound","Leap","Static Discharge","Barrage","Loop","Buffer","Self Repair","BootSequence","Go for the Eyes+1","Lockon+1","Glacier+1","Conserve Battery","Multi-Cast","Ball Lightning","Ball Lightning","FTL","Conserve Battery"],"special_seed":0,"relics":["Cracked Core","Bottled Flame","Whetstone","DataDisk","Letter Opener","Orrery","Mummified Hand","Pen Nib"],"potions_floor_usage":[24,24,31],"damage_taken":[{"damage":11.0,"enemies":"Cultist","floor":1.0,"turns":4.0},{"damage":13.0,"enemies":"Jaw Worm","floor":2.0,"turns":4.0},{"damage":0.0,"enemies":"Small Slimes","floor":3.0,"turns":3.0},{"damage":14.0,"enemies":"Red Slaver","floor":5.0,"turns":3.0},{"damage":32.0,"enemies":"Gremlin Nob","floor":7.0,"turns":4.0},{"damage":12.0,"enemies":"Large Slime","floor":11.0,"turns":4.0},{"damage":7.0,"enemies":"3 Louse","floor":13.0,"turns":3.0},{"damage":30.0,"enemies":"Lagavulin","floor":14.0,"turns":7.0},{"damage":26.0,"enemies":"Slime Boss","floor":16.0,"turns":9.0},{"damage":7,"enemies":"Chosen","floor":18,"turns":5},{"damage":16,"enemies":"Shell Parasite","floor":19,"turns":5},{"damage":12,"enemies":"Chosen and Byrds","floor":21,"turns":10},{"damage":36,"enemies":"3 Cultists","floor":24,"turns":7},{"damage":0,"enemies":"Centurion and Healer","floor":28,"turns":8},{"damage":10,"enemies":"Snecko","floor":31,"turns":5},{"damage":83,"enemies":"Champ","floor":33,"turns":14}],"seed_played":"3653453459313313653","potions_obtained":[{"floor":0.0,"key":"LiquidBronze"},{"floor":0.0,"key":"Regen Potion"},{"floor":2.0,"key":"PowerPotion"},{"floor":10.0,"key":"Regen Potion"},{"floor":13.0,"key":"Weak Potion"},{"floor":14.0,"key":"SteroidPotion"},{"floor":16.0,"key":"Weak Potion"},{"floor":19,"key":"SkillPotion"},{"floor":24,"key":"Fire Potion"}],"is_trial":false,"path_per_floor":["M","M","M","T","M","R","E","R","T","?","M","?","M","E","R","B",null,"M","M","$","M","?","R","M","R","T","R","M","?","?","M","R"],"character_chosen":"DEFECT","items_purchased":["Conserve Battery","Multi-Cast"],"campfire_rested":6,"item_purchase_floors":[20,20],"current_hp_per_floor":[57,44,53,53,39,61,29,51,51,51,51,51,44,14,36,10,59,59,50,50,45,45,45,16,38,38,60,67,67,53,50,74,0],"gold":141,"neow_bonus":"THREE_SMALL_POTIONS","is_prod":false,"is_daily":false,"chose_seed":false,"campfire_upgraded":1,"win_rate":0,"timestamp":1539157102,"path_taken":["M","M","M","?","M","R","E","R","T","?","?","?","?","E","R","BOSS","M","M","$","M","?","R","M","R","T","R","M","?","?","?","R","BOSS"],"build_version":"2018-10-04v2","purchased_purges":1,"victory":false,"max_hp_per_floor":[75,75,75,75,75,75,75,75,75,75,75,75,75,75,75,75,75,75,75,75,75,75,75,75,75,75,75,75,75,80,80,80,80],"card_choices":[{"not_picked":["Rebound","Steam Power","Double Energy"],"picked":"SKIP","floor":1.0},{"not_picked":["Aggregate","Glacier"],"picked":"Beam Cell","floor":2.0},{"not_picked":["Turbo","Heatsinks"],"picked":"Rebound","floor":3.0},{"not_picked":["Rebound","Recycle","Scrape"],"picked":"SKIP","floor":5.0},{"not_picked":["Storm","Rainbow"],"picked":"Leap","floor":7.0},{"not_picked":["Reinforced Body","Beam Cell"],"picked":"Static Discharge","floor":11.0},{"not_picked":["Stack","Steam Power"],"picked":"Barrage","floor":13.0},{"not_picked":["Undo","Double Energy"],"picked":"Loop","floor":14.0},{"not_picked":["Rainbow","All For One"],"picked":"Buffer","floor":16.0},{"not_picked":["Reprogram","Go for the Eyes"],"picked":"Self Repair","floor":17},{"not_picked":["Rebound","Redo"],"picked":"BootSequence","floor":17},{"not_picked":["Stack","BootSequence"],"picked":"Go for the Eyes","floor":17},{"not_picked":["Compile Driver","Redo"],"picked":"Lockon+1","floor":18},{"not_picked":["Redo","Cold Snap"],"picked":"Glacier+1","floor":19},{"not_picked":["Leap","Double Energy"],"picked":"Ball Lightning","floor":21},{"not_picked":["Chaos","Cold Snap"],"picked":"Ball Lightning","floor":24},{"not_picked":["Skim+1","Streamline"],"picked":"FTL","floor":28},{"not_picked":["Blizzard","Meteor Strike"],"picked":"Conserve Battery","floor":31}],"player_experience":515518,"relics_obtained":[{"floor":4.0,"key":"Bottled Flame"},{"floor":7.0,"key":"Whetstone"},{"floor":9.0,"key":"DataDisk"},{"floor":14.0,"key":"Letter Opener"},{"floor":26,"key":"Pen Nib"}],"event_choices":[{"event_name":"The Lab","player_choice":"Got Potions","floor":10.0,"damage_taken":0.0},{"event_name":"Liars Game","player_choice":"disagreed","floor":12.0,"damage_taken":0.0},{"event_name":"Addict","player_choice":"Obtained Relic","floor":22,"damage_taken":0},{"event_name":"Back to Basics","player_choice":"Simplicity","floor":29,"damage_taken":0},{"event_name":"Forgotten Altar","player_choice":"Shed Blood","floor":30,"damage_taken":0}],"is_beta":false,"boss_relics":[{"not_picked":["Ectoplasm","Sozu"],"picked":"Orrery"}],"items_purged_floors":[20],"is_endless":false,"potions_floor_spawned":[1,2,13,14,16,19,24],"killed_by":"Champ","ascension_level":11}