{"gold_per_floor":[114,34,53,53,71,105,105,116,168,168,203,217,248,258,258,363,363,380,394,410,228,242,261,261,272,272,272,272,272,283,301,301,401,401,411,428,172,172,172,172,198,198,198,198,211,9,26,26,26,26],"floor_reached":50,"playtime":3352,"items_purged":["Defend_G","Strike_G"],"score":546,"play_id":"32e9cee5-cf83-4909-8d33-cf179372a0b8","local_time":"20181202204203","is_ascension_mode":false,"campfire_choices":[{"data":"Neutralize","floor":7.0,"key":"SMITH"},{"floor":10.0,"key":"REST"},{"floor":15.0,"key":"REST"},{"floor":24.0,"key":"RECALL"},{"floor":27.0,"key":"REST"},{"floor":32.0,"key":"REST"},{"data":"Cloak And Dagger","floor":40.0,"key":"SMITH"},{"data":"Terror","floor":42.0,"key":"SMITH"},{"floor":44.0,"key":"REST"},{"floor":49,"key":"REST"}],"neow_cost":"NONE","seed_source_timestamp":0,"circlet_count":0,"master_deck":["Defend_G","Defend_G","Defend_G","Defend_G","Strike_G","Strike_G","Survivor","Neutralize+1","Footwork","Quick Slash","Leg Sweep","Dash","Distraction","Noxious Fumes","Cloak And Dagger+1","Dagger Spray","Glass Knife","PiercingWail","Dagger Spray","Well Laid Plans","Riddle With Holes","Terror+1","Sucker Punch","Backflip+1","Slice+1","Deadly Poison+1","Prepared+1","Caltrops","Blur","Madness","Madness","Dagger Spray","Flying Knee","All Out Attack+1","Dagger Spray+1"],"special_seed":0,"relics":["Busted Crown","GremlinMask","Pantograph","Pen Nib","Boot","Lizard Tail","Dream Catcher","MutagenicStrength","Empty Cage","Vajra","Oddly Smooth Stone","Mummified Hand"],"potions_floor_usage":[],"damage_taken":[{"damage":0.0,"enemies":"Cultist","floor":1.0,"turns":4.0},{"damage":8.0,"enemies":"Jaw Worm","floor":3.0,"turns":4.0},{"damage":0.0,"enemies":"2 Louse","floor":5.0,"turns":4.0},{"damage":27.0,"enemies":"Gremlin Nob","floor":6.0,"turns":6.0},{"damage":1.0,"enemies":"Exordium Wildlife","floor":8.0,"turns":5.0},{"damage":13.0,"enemies":"3 Sentries","floor":11.0,"turns":12.0},{"damage":0.0,"enemies":"3 Louse","floor":12.0,"turns":3.0},{"damage":9.0,"enemies":"Lagavulin","floor":13.0,"turns":6.0},{"damage":0.0,"enemies":"2 Fungi Beasts","floor":14.0,"turns":3.0},{"damage":10.0,"enemies":"Slime Boss","floor":16.0,"turns":12.0},{"damage":7.0,"enemies":"2 Thieves","floor":18.0,"turns":4.0},{"damage":10.0,"enemies":"Shell Parasite","floor":19.0,"turns":5.0},{"damage":6.0,"enemies":"Snake Plant","floor":20.0,"turns":5.0},{"damage":0.0,"enemies":"3 Cultists","floor":22.0,"turns":2.0},{"damage":2.0,"enemies":"Cultist and Chosen","floor":23.0,"turns":7.0},{"damage":18.0,"enemies":"Shelled Parasite and Fungi","floor":25.0,"turns":6.0},{"damage":5.0,"enemies":"Centurion and Healer","floor":30.0,"turns":4.0},{"damage":7.0,"enemies":"Chosen and Byrds","floor":31.0,"turns":4.0},{"damage":68.0,"enemies":"Collector","floor":33.0,"turns":12.0},{"damage":3.0,"enemies":"3 Shapes","floor":35.0,"turns":8.0},{"damage":40.0,"enemies":"3 Darklings","floor":36.0,"turns":6.0},{"damage":40.0,"enemies":"Giant Head","floor":41.0,"turns":8.0},{"damage":25.0,"enemies":"Sphere and 2 Shapes","floor":45.0,"turns":7.0},{"damage":31,"enemies":"Writhing Mass","floor":47,"turns":8},{"damage":92,"enemies":"Donu and Deca","floor":50,"turns":8}],"seed_played":"8748126356240765577","potions_obtained":[{"floor":1.0,"key":"AttackPotion"},{"floor":5.0,"key":"EssenceOfSteel"},{"floor":11.0,"key":"Strength Potion"},{"floor":12.0,"key":"Regen Potion"},{"floor":13.0,"key":"EssenceOfSteel"},{"floor":16.0,"key":"Explosive Potion"},{"floor":18.0,"key":"SkillPotion"},{"floor":19.0,"key":"SkillPotion"},{"floor":23.0,"key":"FearPotion"},{"floor":33.0,"key":"Regen Potion"},{"floor":35.0,"key":"Strength Potion"},{"floor":45.0,"key":"FairyPotion"}],"is_trial":false,"path_per_floor":["M","$","M","?","M","E","R","M","T","R","E","M","E","M","R","B",null,"M","M","M","$","M","M","R","M","T","R","?","?","M","M","R","B",null,"M","M","$","?","?","R","E","R","T","R","M","$","M","$","R","B"],"character_chosen":"THE_SILENT","items_purchased":["Footwork","Quick Slash","Well Laid Plans","Riddle With Holes","Vajra","Caltrops","Blur","Flying Knee","Strength Potion"],"campfire_rested":6,"item_purchase_floors":[2,2,21,21,37,37,37,46,46],"current_hp_per_floor":[70,70,62,62,62,35,35,34,34,55,42,42,48,48,69,60,70,63,53,47,47,47,45,45,27,27,48,48,35,30,23,45,2,75,72,32,32,23,66,66,35,35,35,54,29,29,6,6,25,0],"gold":26,"neow_bonus":"BOSS_RELIC","is_prod":false,"is_daily":false,"chose_seed":false,"campfire_upgraded":3,"win_rate":0,"timestamp":1543812123,"path_taken":["M","?","?","?","M","E","R","M","T","R","E","M","E","M","R","BOSS","M","M","M","$","M","?","R","M","T","R","?","?","M","M","R","BOSS","M","M","$","?","?","R","E","R","T","R","M","$","M","?","R","BOSS"],"build_version":"2018-11-15","purchased_purges":2,"victory":false,"max_hp_per_floor":[70,70,70,70,70,70,70,70,70,70,70,70,70,70,70,70,70,70,70,70,70,70,70,70,70,70,70,70,75,75,75,75,75,75,75,75,75,75,66,66,66,66,66,66,66,66,66,66,66,66],"card_choices":[{"not_picked":["All Out Attack"],"picked":"SKIP","floor":1.0},{"not_picked":["Underhanded Strike"],"picked":"SKIP","floor":3.0},{"not_picked":[],"picked":"Leg Sweep","floor":5.0},{"not_picked":[],"picked":"Dash","floor":6.0},{"not_picked":[],"picked":"Distraction","floor":8.0},{"not_picked":[],"picked":"Noxious Fumes","floor":11.0},{"not_picked":["Underhanded Strike"],"picked":"SKIP","floor":12.0},{"not_picked":[],"picked":"Cloak And Dagger","floor":13.0},{"not_picked":[],"picked":"Dagger Spray","floor":14.0},{"not_picked":[],"picked":"Glass Knife","floor":16.0},{"not_picked":[],"picked":"PiercingWail","floor":18.0},{"not_picked":[],"picked":"Dagger Spray","floor":19.0},{"not_picked":["Outmaneuver"],"picked":"SKIP","floor":20.0},{"not_picked":["Eviscerate"],"picked":"SKIP","floor":22.0},{"not_picked":["Masterful Stab"],"picked":"SKIP","floor":23.0},{"not_picked":["Reflex"],"picked":"SKIP","floor":25.0},{"not_picked":[],"picked":"Terror","floor":27.0},{"not_picked":[],"picked":"Sucker Punch","floor":30.0},{"not_picked":[],"picked":"Backflip+1","floor":31.0},{"not_picked":[],"picked":"Slice+1","floor":32.0},{"not_picked":[],"picked":"Deadly Poison+1","floor":35.0},{"not_picked":[],"picked":"Prepared+1","floor":36.0},{"not_picked":[],"picked":"Dagger Spray","floor":41.0},{"not_picked":["Outmaneuver+1"],"picked":"SKIP","floor":45.0},{"not_picked":[],"picked":"All Out Attack+1","floor":47},{"not_picked":[],"picked":"Dagger Spray+1","floor":49}],"player_experience":694628,"relics_obtained":[{"floor":6.0,"key":"Pantograph"},{"floor":11.0,"key":"Pen Nib"},{"floor":13.0,"key":"Boot"},{"floor":26.0,"key":"Dream Catcher"},{"floor":41.0,"key":"Oddly Smooth Stone"},{"floor":43.0,"key":"Mummified Hand"}],"event_choices":[{"damage_healed":0.0,"max_hp_gain":0.0,"max_hp_loss":0.0,"gold_gain":0.0,"event_name":"FaceTrader","player_choice":"Trade","floor":4.0,"gold_loss":0.0,"damage_taken":0.0,"relics_obtained":["GremlinMask"]},{"damage_healed":0.0,"max_hp_gain":0.0,"max_hp_loss":0.0,"gold_gain":0.0,"event_name":"Drug Dealer","player_choice":"Inject Mutagens","floor":28.0,"gold_loss":0.0,"damage_taken":0.0,"relics_obtained":["MutagenicStrength"]},{"damage_healed":0.0,"max_hp_gain":5.0,"max_hp_loss":0.0,"gold_gain":0.0,"event_name":"Forgotten Altar","player_choice":"Shed Blood","floor":29.0,"gold_loss":0.0,"damage_taken":18.0},{"damage_healed":0.0,"max_hp_gain":0.0,"max_hp_loss":0.0,"gold_gain":0.0,"event_name":"Winding Halls","player_choice":"Embrace Madness","floor":38.0,"gold_loss":0.0,"damage_taken":9.0,"cards_obtained":["Madness","Madness"]},{"damage_healed":66.0,"max_hp_gain":0.0,"max_hp_loss":9.0,"gold_gain":0.0,"event_name":"The Moai Head","player_choice":"Heal","floor":39.0,"gold_loss":0.0,"damage_taken":0.0}],"is_beta":false,"boss_relics":[{"not_picked":["Fusion Hammer","WristBlade"],"picked":"Lizard Tail"},{"not_picked":["Black Star","Calling Bell"],"picked":"Empty Cage"}],"items_purged_floors":[21,46],"is_endless":false,"potions_floor_spawned":[1,5,11,12,13,16,18,19,23,33,35,45],"killed_by":"Donu and Deca","ascension_level":0}