{"gold_per_floor":[360,40,53,53,53,92,113,113,139,98,112,135,135,148,148,241,241,265,14,14],"floor_reached":20,"playtime":912,"items_purged":["Decay","Defend_R"],"score":348,"play_id":"86f9a11b-d6fa-4950-99e2-4f8efa6b5d08","local_time":"20190213175449","is_ascension_mode":true,"campfire_choices":[{"floor":8.0,"key":"REST"},{"floor":13.0,"key":"REST"},{"data":"Apotheosis","floor":15.0,"key":"SMITH"}],"neow_cost":"CURSE","seed_source_timestamp":797314900497664,"circlet_count":0,"master_deck":["AscendersBane","Strike_R","Strike_R","Strike_R","Strike_R","Strike_R","Defend_R","Defend_R","Defend_R","Bash","Seeing Red","Apotheosis+1","Feel No Pain","Spot Weakness","Headbutt","Pommel Strike","Inflame","Seeing Red","Shrug It Off","Demon Form","Warcry","True Grit","Feel No Pain","Warcry"],"special_seed":0,"relics":["Burning Blood","Golden Idol","Vajra","Bronze Scales","Sozu"],"potions_floor_usage":[],"damage_taken":[{"damage":7.0,"enemies":"Small Slimes","floor":1.0,"turns":5.0},{"damage":5.0,"enemies":"2 Louse","floor":3.0,"turns":3.0},{"damage":14.0,"enemies":"Lagavulin","floor":6.0,"turns":8.0},{"damage":3.0,"enemies":"Jaw Worm","floor":7.0,"turns":5.0},{"damage":32.0,"enemies":"Lots of Slimes","floor":11.0,"turns":4.0},{"damage":6.0,"enemies":"2 Fungi Beasts","floor":12.0,"turns":3.0},{"damage":2.0,"enemies":"3 Louse","floor":14.0,"turns":3.0},{"damage":5.0,"enemies":"The Guardian","floor":16.0,"turns":8.0},{"damage":55.0,"enemies":"Shell Parasite","floor":18.0,"turns":6.0},{"damage":7,"enemies":"3 Byrds","floor":20,"turns":2}],"seed_played":"4851461618415655613","potions_obtained":[{"floor":3.0,"key":"Dexterity Potion"},{"floor":7.0,"key":"Ancient Potion"},{"floor":12.0,"key":"Block Potion"},{"floor":16.0,"key":"Regen Potion"}],"is_trial":false,"path_per_floor":["M","$","M","?","?","E","M","R","T","$","M","M","R","M","R","B",null,"M","$","M"],"character_chosen":"IRONCLAD","items_purchased":["Apotheosis","Feel No Pain","Inflame","True Grit","Feel No Pain","Warcry"],"campfire_rested":2,"item_purchase_floors":[2,2,10,19,19,19],"current_hp_per_floor":[67,67,68,68,42,34,37,59,59,59,33,33,55,59,59,60,71,22,22,15],"gold":14,"neow_bonus":"TWO_FIFTY_GOLD","is_prod":false,"is_daily":false,"chose_seed":false,"campfire_upgraded":1,"win_rate":0,"timestamp":1550105689,"path_taken":["M","$","M","?","?","E","M","R","T","$","?","M","R","M","R","BOSS","M","?","?"],"build_version":"2019-01-23","purchased_purges":2,"victory":false,"max_hp_per_floor":[75,75,75,75,75,75,75,75,75,75,75,75,75,75,75,75,75,75,75,75],"card_choices":[{"not_picked":["Perfected Strike","Sentinel"],"picked":"Seeing Red","floor":1.0},{"not_picked":["Second Wind","Sword Boomerang"],"picked":"Spot Weakness","floor":3.0},{"not_picked":["Rampage","Hemokinesis"],"picked":"Headbutt","floor":6.0},{"not_picked":["Clothesline","Iron Wave"],"picked":"Pommel Strike","floor":7.0},{"not_picked":["Flex","Reckless Charge"],"picked":"Seeing Red","floor":11.0},{"not_picked":["Carnage","Pommel Strike"],"picked":"Shrug It Off","floor":12.0},{"not_picked":["Reckless Charge","Sever Soul","Clothesline"],"picked":"SKIP","floor":14.0},{"not_picked":["Brutality","Impervious"],"picked":"Demon Form","floor":16.0},{"not_picked":["Twin Strike","Wild Strike"],"picked":"Warcry","floor":18.0}],"player_experience":818204,"relics_obtained":[{"floor":6.0,"key":"Vajra"},{"floor":9.0,"key":"Bronze Scales"}],"event_choices":[{"damage_healed":0.0,"max_hp_gain":0.0,"max_hp_loss":0.0,"gold_gain":0.0,"event_name":"The Cleric","player_choice":"Leave","floor":4.0,"gold_loss":0.0,"damage_taken":0.0},{"damage_healed":0.0,"max_hp_gain":0.0,"max_hp_loss":0.0,"gold_gain":0.0,"event_name":"Golden Idol","player_choice":"Take Damage","floor":5.0,"gold_loss":0.0,"damage_taken":26.0,"relics_obtained":["Golden Idol"]}],"is_beta":false,"boss_relics":[{"not_picked":["Empty Cage","Astrolabe"],"picked":"Sozu"}],"items_purged_floors":[2,19],"is_endless":false,"potions_floor_spawned":[3,7,12,16],"killed_by":"3 Byrds","ascension_level":20}