{"gold_per_floor":[114,114,114,127,140,140,154,154,154,165,198,198,228,246,246,343,343,353,353,373,373,373,373,389,389,416,416,433,447,447,477,477,573,573,590,590,143,143,68,103,103,116,116,129,145,164,176,209,209,209],"floor_reached":50,"playtime":5731,"items_purged":["Bash"],"score":654,"play_id":"2ff840aa-6a68-45c5-bf7d-7bffd77d02c9","local_time":"20181021163132","is_ascension_mode":true,"campfire_choices":[{"data":"Armaments","floor":6,"key":"SMITH"},{"data":"Shrug It Off","floor":8,"key":"SMITH"},{"data":"Double Tap","floor":12,"key":"SMITH"},{"floor":15,"key":"REST"},{"data":"True Grit","floor":23,"key":"SMITH"},{"data":"Juggernaut","floor":25,"key":"SMITH"},{"data":"Bite","floor":27,"key":"SMITH"},{"data":"Bite","floor":30,"key":"SMITH"},{"data":"Iron Wave","floor":32,"key":"SMITH"},{"data":"Barricade","floor":41,"key":"SMITH"},{"floor":49,"key":"DIG"}],"neow_cost":"NONE","seed_source_timestamp":176139691894833,"circlet_count":0,"master_deck":["Defend_R+1","Defend_R","Defend_R","Defend_R","Armaments+1","Shrug It Off+1","Thunderclap","Double Tap+1","True Grit+1","Juggernaut+1","Bite+1","Bite+1","Bite","Bite","Bite","Warcry+1","Flame Barrier+1","Iron Wave+1","Barricade+1","Madness","Madness","Iron Wave+1","Inflame+1","Shockwave","Cleave+1","Shockwave"],"relics":["Burning Blood","Vajra","WingedGreaves","Champion Belt","Odd Mushroom","Runic Dome","Bag of Marbles","Torii","Sozu","Unceasing Top","Strawberry","Ginger","Pantograph","Pear","Shovel","Ornamental Fan"],"potions_floor_usage":[11,11,11,11,14,29,44,47],"damage_taken":[{"damage":9,"enemies":"2 Louse","floor":1,"turns":4},{"damage":4,"enemies":"Small Slimes","floor":4,"turns":3},{"damage":0,"enemies":"Jaw Worm","floor":5,"turns":4},{"damage":8,"enemies":"Blue Slaver","floor":7,"turns":6},{"damage":21,"enemies":"Exordium Thugs","floor":10,"turns":11},{"damage":15,"enemies":"Lagavulin","floor":11,"turns":6},{"damage":6,"enemies":"The Mushroom Lair","floor":13,"turns":3},{"damage":11,"enemies":"Exordium Wildlife","floor":14,"turns":6},{"damage":25,"enemies":"The Guardian","floor":16,"turns":18},{"damage":19,"enemies":"2 Thieves","floor":18,"turns":5},{"damage":9,"enemies":"Chosen","floor":20,"turns":4},{"damage":27,"enemies":"Centurion and Healer","floor":24,"turns":5},{"damage":30,"enemies":"Shelled Parasite and Fungi","floor":28,"turns":5},{"damage":27,"enemies":"Snake Plant","floor":29,"turns":5},{"damage":22,"enemies":"Book of Stabbing","floor":31,"turns":5},{"damage":67,"enemies":"Collector","floor":33,"turns":12},{"damage":3,"enemies":"Orb Walker","floor":35,"turns":5},{"damage":0,"enemies":"Mind Bloom Boss Battle","floor":38,"turns":7},{"damage":27,"enemies":"Reptomancer","floor":40,"turns":6},{"damage":6,"enemies":"3 Darklings","floor":42,"turns":4},{"damage":8,"enemies":"Writhing Mass","floor":44,"turns":6},{"damage":1,"enemies":"Maw","floor":45,"turns":7},{"damage":2,"enemies":"Spire Growth","floor":46,"turns":5},{"damage":2,"enemies":"Jaw Worm Horde","floor":47,"turns":4},{"damage":20,"enemies":"Giant Head","floor":48,"turns":8},{"damage":97,"enemies":"Donu and Deca","floor":50,"turns":6}],"seed_played":"-6456011207551034318","potions_obtained":[{"floor":10,"key":"EntropicBrew"},{"floor":11,"key":"Swift Potion"},{"floor":13,"key":"Fire Potion"},{"floor":14,"key":"EntropicBrew"},{"floor":24,"key":"AttackPotion"},{"floor":28,"key":"AttackPotion"},{"floor":33,"key":"Regen Potion"}],"is_trial":false,"path_per_floor":["M","?","?","M","M","R","M","R","T","M","E","R","?","M","R","B",null,"M","?","M","?","?","R","M","R","T","R","M","M","R","E","R","B",null,"M","?","$","?","$","E","R","M","T","M","M","M","M","E","R"],"character_chosen":"IRONCLAD","items_purchased":["Unceasing Top","Strawberry"],"campfire_rested":1,"item_purchase_floors":[37,37],"current_hp_per_floor":[77,77,61,63,69,69,67,67,67,52,43,43,43,38,62,43,80,67,52,49,49,49,49,49,49,49,49,54,53,53,55,55,45,59,59,52,59,66,66,57,57,66,76,76,76,76,76,66,66,0],"gold":209,"neow_bonus":"RANDOM_COMMON_RELIC","is_prod":false,"is_daily":false,"chose_seed":false,"campfire_upgraded":9,"win_rate":0,"timestamp":1540101692,"path_taken":["M","?","?","M","M","R","M","R","T","?","E","R","?","M","R","BOSS","M","?","M","?","?","R","M","R","T","R","M","M","R","E","R","BOSS","M","?","$","?","$","E","R","M","T","M","M","M","M","E","R","BOSS"],"build_version":"2018-10-18","purchased_purges":1,"victory":false,"max_hp_per_floor":[80,80,80,80,80,80,80,80,80,80,80,80,80,80,80,80,80,80,85,85,85,59,59,59,59,59,59,59,59,59,59,59,59,59,59,59,66,66,66,66,66,66,76,76,76,76,76,76,76,76],"card_choices":[{"not_picked":["Twin Strike","Clothesline","Sword Boomerang"],"picked":"SKIP","floor":1},{"not_picked":["Body Slam","Rage"],"picked":"Armaments","floor":4},{"not_picked":["Sentinel","Pommel Strike"],"picked":"Shrug It Off","floor":5},{"not_picked":["Perfected Strike","Sentinel","Havoc"],"picked":"SKIP","floor":7},{"not_picked":["Wild Strike","Anger"],"picked":"Thunderclap","floor":10},{"not_picked":["Second Wind","Body Slam"],"picked":"Double Tap","floor":11},{"not_picked":["Shrug It Off","Clash"],"picked":"True Grit","floor":13},{"not_picked":["Thunderclap","Headbutt","Twin Strike"],"picked":"SKIP","floor":14},{"not_picked":["Fiend Fire","Dark Embrace"],"picked":"Juggernaut","floor":16},{"not_picked":["Power Through+1","Clash","Flex"],"picked":"SKIP","floor":18},{"not_picked":["Pommel Strike","Reckless Charge+1","Anger"],"picked":"SKIP","floor":20},{"not_picked":["Pummel","Shrug It Off"],"picked":"Warcry+1","floor":24},{"not_picked":["Wild Strike","Twin Strike","Cleave+1"],"picked":"SKIP","floor":28},{"not_picked":["Clothesline","Fiend Fire"],"picked":"Flame Barrier+1","floor":29},{"not_picked":["Rupture+1","Searing Blow"],"picked":"Iron Wave","floor":31},{"not_picked":["Impervious","Offering"],"picked":"Barricade","floor":33},{"not_picked":["Dual Wield+1","Sword Boomerang+1","Dropkick+1"],"picked":"SKIP","floor":35},{"not_picked":["Cleave+1","Pommel Strike"],"picked":"Iron Wave+1","floor":38},{"not_picked":["Rupture+1","Brutality"],"picked":"Inflame+1","floor":40},{"not_picked":["Warcry","Havoc"],"picked":"Shockwave","floor":42},{"not_picked":["Warcry+1","Sword Boomerang","Cleave"],"picked":"SKIP","floor":44},{"not_picked":["Body Slam+1","Hemokinesis"],"picked":"Cleave+1","floor":45},{"not_picked":["Cleave+1","Iron Wave","Havoc"],"picked":"SKIP","floor":46},{"not_picked":["Corruption","Thunderclap"],"picked":"Shockwave","floor":47},{"not_picked":["Battle Trance","Cleave+1","Clothesline"],"picked":"SKIP","floor":48}],"player_experience":330001,"relics_obtained":[{"floor":9,"key":"WingedGreaves"},{"floor":11,"key":"Champion Belt"},{"floor":13,"key":"Odd Mushroom"},{"floor":26,"key":"Bag of Marbles"},{"floor":31,"key":"Torii"},{"floor":38,"key":"Ginger"},{"floor":40,"key":"Pantograph"},{"floor":43,"key":"Pear"},{"floor":48,"key":"Shovel"},{"floor":49,"key":"Ornamental Fan"}],"event_choices":[{"cards_removed":["Strike_R"],"damage_healed":0,"gold_gain":0,"player_choice":"Forget","damage_taken":0,"max_hp_gain":0,"max_hp_loss":0,"event_name":"Living Wall","floor":2,"gold_loss":0},{"damage_healed":0,"gold_gain":0,"player_choice":"Entered Light","damage_taken":16,"max_hp_gain":0,"max_hp_loss":0,"event_name":"Shining Light","floor":3,"gold_loss":0,"cards_upgraded":["Strike_R","Defend_R"]},{"damage_healed":0,"gold_gain":0,"player_choice":"Fought Mushrooms","damage_taken":0,"max_hp_gain":0,"max_hp_loss":0,"event_name":"Mushrooms","floor":13,"gold_loss":0},{"damage_healed":0,"gold_gain":0,"player_choice":"Shed Blood","damage_taken":20,"max_hp_gain":5,"max_hp_loss":0,"event_name":"Forgotten Altar","floor":19,"gold_loss":0},{"cards_removed":["Strike_R"],"damage_healed":0,"gold_gain":0,"player_choice":"Elegance","damage_taken":0,"max_hp_gain":0,"max_hp_loss":0,"event_name":"Back to Basics","floor":21,"gold_loss":0},{"damage_healed":0,"gold_gain":0,"player_choice":"Became a vampire","damage_taken":0,"max_hp_gain":0,"max_hp_loss":26,"event_name":"Vampires","floor":22,"gold_loss":0,"cards_obtained":["Bite","Bite","Bite","Bite","Bite"]},{"damage_healed":0,"gold_gain":0,"player_choice":"Embrace Madness","damage_taken":7,"max_hp_gain":0,"max_hp_loss":0,"event_name":"Winding Halls","floor":36,"gold_loss":0,"cards_obtained":["Madness","Madness"]},{"damage_healed":0,"gold_gain":0,"player_choice":"Fight","damage_taken":0,"max_hp_gain":0,"max_hp_loss":0,"event_name":"MindBloom","floor":38,"gold_loss":0}],"is_beta":false,"boss_relics":[{"not_picked":["Lizard Tail","Orrery"],"picked":"Runic Dome"},{"not_picked":["Astrolabe","Eternal Feather"],"picked":"Sozu"}],"items_purged_floors":[39],"is_endless":false,"potions_floor_spawned":[10,11,13,14,24,28,33,35,40,44,45,48],"killed_by":"Donu and Deca","ascension_level":4}