{"gold_per_floor":[116,132,145,159,174,174,202,220,220,244,257,275,275,350,350,455,455,474,456,60,60,60,60,70,70,120,148,0,0,0,0,0,0],"floor_reached":33,"playtime":1673,"items_purged":[],"score":292,"play_id":"70f3693d-ddf5-4a66-94f1-37d9aa9dd25f","local_time":"20180728023144","is_ascension_mode":false,"campfire_choices":[{"data":"Pommel Strike","floor":6,"key":"SMITH"},{"floor":13,"key":"REST"},{"data":"Shockwave","floor":15,"key":"SMITH"},{"data":"Inflame","floor":23,"key":"SMITH"},{"data":"Bite","floor":25,"key":"SMITH"},{"floor":30,"key":"REST"},{"data":"Limit Break","floor":32,"key":"SMITH"}],"neow_cost":"NONE","seed_source_timestamp":3640342269172100,"circlet_count":0,"master_deck":["Defend_R","Defend_R","Defend_R","Defend_R","Bash","Carnage","Inflame+1","Pommel Strike+1","Anger","Combust","Feel No Pain","Heavy Blade","Shockwave+1","Barricade+1","Pommel Strike+1","Iron Wave","Bite+1","Bite","Bite","Bite","Bite","Battle Trance+1","Limit Break+1"],"relics":["Burning Blood","NeowsBlessing","Omamori","Frozen Egg 2","Regal Pillow","Black Star","Bag of Preparation","Question Card","Orichalcum","Juzu Bracelet","Happy Flower"],"potions_floor_usage":[7,11,12,12,12,27],"damage_taken":[{"damage":0,"enemies":"Cultist","floor":1,"turns":1},{"damage":0,"enemies":"Small Slimes","floor":2,"turns":2},{"damage":0,"enemies":"Jaw Worm","floor":3,"turns":1},{"damage":21,"enemies":"3 Louse","floor":4,"turns":4},{"damage":7,"enemies":"2 Fungi Beasts","floor":5,"turns":4},{"damage":18,"enemies":"Lagavulin","floor":7,"turns":5},{"damage":10,"enemies":"Looter","floor":8,"turns":2},{"damage":14,"enemies":"Exordium Thugs","floor":11,"turns":5},{"damage":9,"enemies":"Lots of Slimes","floor":12,"turns":4},{"damage":40,"enemies":"Hexaghost","floor":16,"turns":7},{"damage":15,"enemies":"Shell Parasite","floor":18,"turns":5},{"damage":24,"enemies":"2 Thieves","floor":19,"turns":4},{"damage":22,"enemies":"Cultist and Chosen","floor":24,"turns":5},{"damage":47,"enemies":"Gremlin Leader","floor":27,"turns":9},{"damage":82,"enemies":"Collector","floor":33,"turns":8}],"seed_played":"-7356028972671397834","potions_obtained":[{"floor":2,"key":"AttackPotion"},{"floor":3,"key":"SkillPotion"},{"floor":4,"key":"Swift Potion"},{"floor":7,"key":"PowerPotion"},{"floor":11,"key":"Block Potion"},{"floor":19,"key":"SteroidPotion"}],"is_trial":false,"path_per_floor":["M","M","M","M","M","R","E","M","T","T","M","M","R","?","R","B",null,"M","M","$","?","?","R","M","R","T","E","?","?","R","?","R"],"character_chosen":"IRONCLAD","items_purchased":["Bag of Preparation","Question Card"],"campfire_rested":2,"item_purchase_floors":[20,20],"current_hp_per_floor":[80,80,80,65,64,64,52,48,48,48,40,37,76,65,65,31,80,71,53,53,53,53,53,45,45,45,22,22,22,53,53,53,0],"gold":0,"neow_bonus":"THREE_ENEMY_KILL","is_prod":false,"is_daily":false,"chose_seed":false,"campfire_upgraded":5,"win_rate":0,"timestamp":1532770304,"path_taken":["M","M","M","M","M","R","E","M","T","?","M","?","R","?","R","BOSS","M","M","$","?","?","R","?","R","T","E","?","?","R","?","R","BOSS"],"build_version":"2018-07-26","purchased_purges":0,"victory":false,"max_hp_per_floor":[80,80,80,80,80,80,80,80,80,80,80,80,80,80,80,80,80,80,80,80,80,56,56,56,56,56,56,56,56,56,56,56,56],"card_choices":[{"not_picked":["Clash","Havoc"],"picked":"Carnage","floor":1},{"not_picked":["Carnage","Wild Strike"],"picked":"Inflame","floor":2},{"not_picked":["Bloodletting","Warcry"],"picked":"Pommel Strike","floor":3},{"not_picked":["Searing Blow","Second Wind","Whirlwind"],"picked":"SKIP","floor":4},{"not_picked":["Sentinel","Fire Breathing"],"picked":"Anger","floor":5},{"not_picked":["Rage","Twin Strike"],"picked":"Combust","floor":7},{"not_picked":["Pummel","Flex"],"picked":"Feel No Pain","floor":8},{"not_picked":["Whirlwind","Havoc"],"picked":"Heavy Blade","floor":11},{"not_picked":["Clash","Wild Strike"],"picked":"Shockwave","floor":12},{"not_picked":["Berserk+1","Dark Embrace+1"],"picked":"Barricade+1","floor":16},{"not_picked":["Evolve+1","Battle Trance"],"picked":"Pommel Strike+1","floor":18},{"not_picked":["Body Slam+1","Anger+1"],"picked":"Iron Wave","floor":19},{"not_picked":["Clash","Anger","Body Slam"],"picked":"Battle Trance+1","floor":24},{"not_picked":["Warcry","Whirlwind","Evolve+1"],"picked":"Limit Break","floor":27}],"player_experience":175870,"relics_obtained":[{"floor":7,"key":"Omamori"},{"floor":9,"key":"Frozen Egg 2"},{"floor":10,"key":"Regal Pillow"},{"floor":26,"key":"Orichalcum"},{"floor":27,"key":"Juzu Bracelet"},{"floor":27,"key":"Happy Flower"}],"event_choices":[{"event_name":"World of Goop","player_choice":"Gather Gold","floor":14,"damage_taken":0},{"event_name":"Ghosts","player_choice":"Ignored","floor":21,"damage_taken":0},{"event_name":"Vampires","player_choice":"Became a vampire","floor":22,"damage_taken":0},{"event_name":"Masked Bandits","player_choice":"Paid Bandits 148 gold","floor":28,"damage_taken":0},{"event_name":"Addict","player_choice":"Ignored","floor":29,"damage_taken":0},{"event_name":"Drug Dealer","player_choice":"Ignored","floor":31,"damage_taken":0}],"is_beta":false,"boss_relics":[{"not_picked":["Empty Cage","Tiny House"],"picked":"Black Star"}],"items_purged_floors":[],"is_endless":false,"potions_floor_spawned":[2,3,4,7,11,19],"killed_by":"Collector","ascension_level":0}