{"gold_per_floor":[360,372,66,78,78,109,126,126,126,136,169,179,207,207,207,282,282,294,310,310,329,345,345],"floor_reached":23,"playtime":2489,"items_purged":["Strike_B"],"score":355,"play_id":"a0783304-8cf2-4a3c-b0e9-41d71ec7f98c","local_time":"20181227212006","is_ascension_mode":true,"campfire_choices":[{"floor":8.0,"key":"REST"},{"floor":15.0,"key":"REST"}],"neow_cost":"PERCENT_DAMAGE","seed_source_timestamp":0,"circlet_count":0,"master_deck":["AscendersBane","Strike_B+1","Strike_B+1","Defend_B+1","Defend_B+1","Defend_B+1","Defend_B+1","Zap","Dualcast","Loop","Sweeping Beam","Cold Snap","Conserve Battery","Coolheaded","Ball Lightning","FTL","Go for the Eyes","Creative AI+1","Buffer","FTL","Go for the Eyes+1","Self Repair","Storm"],"special_seed":0,"relics":["Cracked Core","Oddly Smooth Stone","Question Card","Dead Branch","Torii","Blood Vial","Fusion Hammer"],"potions_floor_usage":[23],"damage_taken":[{"damage":10.0,"enemies":"Small Slimes","floor":1.0,"turns":4.0},{"damage":1.0,"enemies":"Cultist","floor":2.0,"turns":4.0},{"damage":7.0,"enemies":"2 Louse","floor":4.0,"turns":3.0},{"damage":6.0,"enemies":"3 Sentries","floor":6.0,"turns":6.0},{"damage":9.0,"enemies":"2 Fungi Beasts","floor":7.0,"turns":3.0},{"damage":0.0,"enemies":"Large Slime","floor":10.0,"turns":6.0},{"damage":18.0,"enemies":"Gremlin Nob","floor":11.0,"turns":5.0},{"damage":3.0,"enemies":"Gremlin Gang","floor":12.0,"turns":6.0},{"damage":2.0,"enemies":"3 Sentries","floor":13.0,"turns":7.0},{"damage":28.0,"enemies":"The Guardian","floor":16.0,"turns":12.0},{"damage":2.0,"enemies":"Shell Parasite","floor":18.0,"turns":6.0},{"damage":12.0,"enemies":"Spheric Guardian","floor":19.0,"turns":5.0},{"damage":22.0,"enemies":"Cultist and Chosen","floor":21.0,"turns":7.0},{"damage":12,"enemies":"Centurion and Healer","floor":22,"turns":6},{"damage":30,"enemies":"Gremlin Leader","floor":23,"turns":4}],"seed_played":"7353990727255029929","potions_obtained":[{"floor":1.0,"key":"Fire Potion"},{"floor":6.0,"key":"Poison Potion"},{"floor":12.0,"key":"SteroidPotion"},{"floor":13.0,"key":"AttackPotion"},{"floor":16.0,"key":"Ancient Potion"}],"is_trial":false,"path_per_floor":["M","M","$","M","?","E","M","R","T","M","E","M","E","?","R","B",null,"M","M","?","M","M","E"],"character_chosen":"DEFECT","items_purchased":["Oddly Smooth Stone","Sweeping Beam","AttackPotion"],"campfire_rested":2,"item_purchase_floors":[3,3,3],"current_hp_per_floor":[40,39,39,32,32,26,17,39,39,39,21,18,16,16,38,12,59,59,49,49,29,26,0],"gold":345,"neow_bonus":"TWO_FIFTY_GOLD","is_prod":false,"is_daily":false,"chose_seed":false,"campfire_upgraded":0,"win_rate":0,"timestamp":1545974406,"path_taken":["M","M","$","M","?","E","M","R","T","M","E","?","E","?","R","BOSS","M","M","?","M","M","E"],"build_version":"2018-12-20","purchased_purges":1,"victory":false,"max_hp_per_floor":[75,75,75,75,75,75,75,75,75,75,75,75,75,75,75,75,75,75,75,75,75,75,75],"card_choices":[{"not_picked":["White Noise","Heatsinks","Steam"],"picked":"SKIP","floor":1.0},{"not_picked":["Force Field","Melter"],"picked":"Loop","floor":2.0},{"not_picked":["Redo","Streamline"],"picked":"Cold Snap","floor":4.0},{"not_picked":["Reprogram","White Noise"],"picked":"Conserve Battery","floor":6.0},{"not_picked":["Heatsinks","Scrape","Leap"],"picked":"Coolheaded","floor":7.0},{"not_picked":["Compile Driver","Hologram","Leap"],"picked":"Ball Lightning","floor":10.0},{"not_picked":["Hello World","Cold Snap","Sweeping Beam"],"picked":"FTL","floor":11.0},{"not_picked":["Static Discharge","Double Energy","All For One"],"picked":"Go for the Eyes","floor":12.0},{"not_picked":["Darkness","Rebound","Storm"],"picked":"Creative AI","floor":13.0},{"not_picked":["Amplify","Seek","Machine Learning"],"picked":"Buffer","floor":16.0},{"not_picked":["Hologram","Turbo","Rebound"],"picked":"FTL","floor":18.0},{"not_picked":["Coolheaded","Hologram","Compile Driver"],"picked":"Go for the Eyes+1","floor":19.0},{"not_picked":["Ball Lightning","Sweeping Beam","Chill"],"picked":"Self Repair","floor":21.0},{"not_picked":["Rip and Tear","Compile Driver","Stack"],"picked":"Storm","floor":22}],"player_experience":814474,"relics_obtained":[{"floor":6.0,"key":"Question Card"},{"floor":9.0,"key":"Dead Branch"},{"floor":11.0,"key":"Torii"},{"floor":13.0,"key":"Blood Vial"}],"event_choices":[{"cards_removed":["Strike_B"],"damage_healed":0.0,"max_hp_gain":0.0,"max_hp_loss":0.0,"gold_gain":0.0,"event_name":"Purifier","player_choice":"Purged","floor":5.0,"gold_loss":0.0,"damage_taken":0.0},{"damage_healed":0.0,"max_hp_gain":0.0,"max_hp_loss":0.0,"gold_gain":0.0,"event_name":"Living Wall","player_choice":"Grow","floor":14.0,"gold_loss":0.0,"damage_taken":0.0,"cards_upgraded":["Creative AI"]},{"damage_healed":0.0,"max_hp_gain":0.0,"max_hp_loss":0.0,"gold_gain":0.0,"event_name":"Back to Basics","player_choice":"Simplicity","floor":20.0,"gold_loss":0.0,"damage_taken":0.0,"cards_upgraded":["Strike_B","Strike_B","Defend_B","Defend_B","Defend_B","Defend_B"]}],"is_beta":false,"boss_relics":[{"not_picked":["Calling Bell","Tiny House"],"picked":"Fusion Hammer"}],"items_purged_floors":[3],"is_endless":false,"potions_floor_spawned":[1,6,12,13,16,18],"killed_by":"Gremlin Leader","ascension_level":13}