{"gold_per_floor":[110,130,149,149,168,168,186,186,186,32,57,232,266,230,230,230],"floor_reached":16,"playtime":682,"items_purged":[],"score":118,"play_id":"49050b85-d264-4fe8-8832-7107efbf9702","local_time":"20181002125605","is_ascension_mode":true,"campfire_choices":[{"floor":6,"key":"REST"},{"floor":15,"key":"REST"}],"neow_cost":"NONE","seed_source_timestamp":1257376924404863,"circlet_count":0,"master_deck":["Defend_G","Defend_G","Defend_G","Defend_G","Defend_G","Strike_G","Strike_G+1","Strike_G","Strike_G","Strike_G","Survivor","Neutralize+1","Malaise","Catalyst","Noxious Fumes+1","Deadly Poison","Footwork","Burst","Doubt","Cloak And Dagger"],"relics":["Ring of the Snake","Happy Flower","Whetstone","Centennial Puzzle"],"potions_floor_usage":[16,16,16],"damage_taken":[{"damage":4,"enemies":"Cultist","floor":1,"turns":6},{"damage":9,"enemies":"Jaw Worm","floor":2,"turns":5},{"damage":0,"enemies":"2 Louse","floor":3,"turns":3},{"damage":24,"enemies":"Large Slime","floor":5,"turns":8},{"damage":9,"enemies":"Blue Slaver","floor":7,"turns":5},{"damage":6,"enemies":"2 Fungi Beasts","floor":8,"turns":4},{"damage":6,"enemies":"3 Sentries","floor":11,"turns":8},{"damage":24,"enemies":"Gremlin Nob","floor":13,"turns":6},{"damage":32,"enemies":"Slime Boss","floor":16,"turns":9}],"seed_played":"-575042347163761663","potions_obtained":[{"floor":2,"key":"Block Potion"},{"floor":3,"key":"FearPotion"},{"floor":7,"key":"Block Potion"},{"floor":11,"key":"Weak Potion"}],"is_trial":false,"path_per_floor":["M","M","M","?","M","R","M","M","T","$","E","?","E","?","R"],"character_chosen":"THE_SILENT","items_purchased":["Burst"],"campfire_rested":2,"item_purchase_floors":[10],"current_hp_per_floor":[66,57,57,57,33,54,45,39,39,39,33,33,9,9,30,0],"gold":230,"neow_bonus":"ONE_RANDOM_RARE_CARD","is_prod":false,"is_daily":false,"chose_seed":false,"campfire_upgraded":0,"win_rate":0,"timestamp":1538452565,"path_taken":["M","?","M","?","M","R","M","M","T","$","E","?","E","?","R","BOSS"],"build_version":"2018-09-27","purchased_purges":0,"victory":false,"max_hp_per_floor":[70,70,70,70,70,70,70,70,70,70,70,70,70,70,70,70],"card_choices":[{"not_picked":["Quick Slash","Bane","Reflex"],"picked":"SKIP","floor":1},{"not_picked":["Poisoned Stab","Flying Knee"],"picked":"Catalyst","floor":2},{"not_picked":["Riddle With Holes","Slice"],"picked":"Noxious Fumes","floor":3},{"not_picked":["Backflip","Sucker Punch"],"picked":"Deadly Poison","floor":5},{"not_picked":["Quick Slash","Blade Dance","Dagger Spray"],"picked":"SKIP","floor":7},{"not_picked":["PiercingWail","Blade Dance"],"picked":"Footwork","floor":8},{"not_picked":["Wraith Form v2","Blade Dance","Quick Slash"],"picked":"SKIP","floor":11},{"not_picked":["PiercingWail","Endless Agony"],"picked":"Cloak And Dagger","floor":13}],"player_experience":86213,"relics_obtained":[{"floor":9,"key":"Happy Flower"},{"floor":11,"key":"Whetstone"},{"floor":13,"key":"Centennial Puzzle"}],"event_choices":[{"event_name":"Living Wall","player_choice":"Grow","floor":4,"damage_taken":0},{"event_name":"Liars Game","player_choice":"agreed","floor":12,"damage_taken":0},{"event_name":"World of Goop","player_choice":"Left","floor":14,"damage_taken":0}],"is_beta":false,"boss_relics":[],"items_purged_floors":[],"is_endless":false,"potions_floor_spawned":[2,3,7,11],"killed_by":"Slime Boss","ascension_level":1}