{"gold_per_floor":[114,125,125,140,156,188,188,213,239,258,288,300,83,108,108,207,207,226,239,249,149,169,169,44,44,44,44,69,84,84,96,96,194,194,212,62,62,62,62,93,93,93,172,172],"floor_reached":44,"playtime":2668,"items_purged":["Strike_G","Defend_G","Defend_G","Strike_G"],"score":521,"play_id":"89071bf5-7348-4eb7-b79a-478126f421ee","local_time":"20180907161258","is_ascension_mode":true,"campfire_choices":[{"data":"Sucker Punch","floor":7.0,"key":"SMITH"},{"data":"Caltrops","floor":12.0,"key":"SMITH"},{"data":"Neutralize","floor":15.0,"key":"SMITH"},{"data":"Outmaneuver","floor":23.0,"key":"SMITH"},{"data":"Blur","floor":25.0,"key":"SMITH"},{"data":"Die Die Die","floor":27.0,"key":"SMITH"},{"data":"Flying Knee","floor":30.0,"key":"SMITH"},{"data":"Caltrops","floor":32,"key":"SMITH"},{"floor":42,"key":"REST"}],"neow_cost":"TEN_PERCENT_HP_LOSS","seed_source_timestamp":0,"circlet_count":0,"master_deck":["Defend_G","Defend_G","Defend_G","Strike_G","Strike_G","Strike_G","Survivor","Neutralize+1","Dash+1","Flying Knee+1","Caltrops+1","Sucker Punch+1","Concentrate","Flying Knee","Die Die Die+1","Blur+1","Outmaneuver+1","Injury","Caltrops+1","Dodge and Roll+1","Pain","Injury"],"special_seed":0,"relics":["Ring of the Snake","Unceasing Top","Art of War","Strawberry","Potion Belt","MawBank","Anchor","Centennial Puzzle","Cursed Key","Vajra","Singing Bowl","Black Star","WarpedTongs","Shuriken","Mummified Hand","The Courier"],"potions_floor_usage":[33,40,40,40],"damage_taken":[{"damage":0.0,"enemies":"Small Slimes","floor":1.0,"turns":6.0},{"damage":0.0,"enemies":"Cultist","floor":2.0,"turns":4.0},{"damage":0.0,"enemies":"2 Louse","floor":4.0,"turns":3.0},{"damage":5.0,"enemies":"2 Fungi Beasts","floor":5.0,"turns":4.0},{"damage":19.0,"enemies":"Gremlin Nob","floor":6.0,"turns":5.0},{"damage":8.0,"enemies":"Lagavulin","floor":8.0,"turns":6.0},{"damage":8.0,"enemies":"Exordium Wildlife","floor":10.0,"turns":4.0},{"damage":4.0,"enemies":"3 Sentries","floor":14.0,"turns":9.0},{"damage":7.0,"enemies":"The Guardian","floor":16.0,"turns":9.0},{"damage":0.0,"enemies":"Chosen","floor":18.0,"turns":3.0},{"damage":0.0,"enemies":"2 Thieves","floor":19.0,"turns":4.0},{"damage":5.0,"enemies":"Shelled Parasite and Fungi","floor":20.0,"turns":5.0},{"damage":0.0,"enemies":"Snake Plant","floor":22.0,"turns":4.0},{"damage":5.0,"enemies":"Book of Stabbing","floor":28.0,"turns":4.0},{"damage":0.0,"enemies":"Cultist and Chosen","floor":29.0,"turns":4.0},{"damage":0.0,"enemies":"Sentry and Sphere","floor":31.0,"turns":3.0},{"damage":4,"enemies":"Automaton","floor":33,"turns":9},{"damage":0,"enemies":"3 Shapes","floor":35,"turns":4},{"damage":51,"enemies":"Giant Head","floor":40,"turns":12},{"damage":54,"enemies":"Nemesis","floor":44,"turns":7}],"seed_played":"2030387017820822779","potions_obtained":[{"floor":1.0,"key":"SkillPotion"},{"floor":2.0,"key":"FearPotion"},{"floor":5.0,"key":"Poison Potion"},{"floor":14.0,"key":"FearPotion"},{"floor":16.0,"key":"Swift Potion"},{"floor":18.0,"key":"SpeedPotion"},{"floor":28.0,"key":"GamblersBrew"},{"floor":33,"key":"SpeedPotion"}],"is_trial":false,"path_per_floor":["M","M","?","M","M","E","R","E","T","M","?","R","$","E","R","B",null,"M","M","M","$","M","R","$","R","T","R","E","M","R","M","R","B",null,"M","$","?","$","?","E","?","R","T"],"character_chosen":"THE_SILENT","items_purchased":["Anchor"],"campfire_rested":1,"item_purchase_floors":[13],"current_hp_per_floor":[63,63,63,63,58,39,39,38,38,30,30,30,30,26,26,19,70,70,70,65,65,65,65,65,65,65,65,62,64,64,64,64,62,76,76,76,76,76,76,27,29,53,53,0],"gold":172,"neow_bonus":"ONE_RARE_RELIC","is_prod":false,"is_daily":false,"chose_seed":false,"campfire_upgraded":8,"win_rate":0,"timestamp":1536302578,"path_taken":["M","M","?","?","M","E","R","E","T","M","?","R","$","E","R","BOSS","M","M","M","$","M","R","$","R","T","R","E","M","R","M","R","BOSS","M","$","?","$","?","E","?","R","T","E"],"build_version":"2018-09-06","purchased_purges":4,"victory":false,"max_hp_per_floor":[63,63,63,63,63,63,63,70,70,70,70,70,70,70,70,70,70,70,70,70,70,70,70,70,70,70,70,72,74,74,74,74,76,76,76,76,76,76,76,78,80,80,80,80],"card_choices":[{"not_picked":["Leg Sweep","Heel Hook"],"picked":"Dash","floor":1.0},{"not_picked":["Slice","Dodge and Roll"],"picked":"Flying Knee","floor":2.0},{"not_picked":["Blade Dance","Acrobatics"],"picked":"Caltrops","floor":4.0},{"not_picked":["Skewer","Deflect"],"picked":"Sucker Punch","floor":5.0},{"not_picked":["Acrobatics","Deadly Poison"],"picked":"Concentrate","floor":6.0},{"not_picked":["Quick Slash","Backflip"],"picked":"Flying Knee","floor":8.0},{"not_picked":["Bane","Cloak And Dagger","Deadly Poison"],"picked":"SKIP","floor":10.0},{"not_picked":["Masterful Stab","Cloak And Dagger"],"picked":"Die Die Die","floor":14.0},{"not_picked":["Wraith Form v2","Phantasmal Killer"],"picked":"Corpse Explosion","floor":16.0},{"not_picked":["Choke","Finisher"],"picked":"Blur","floor":18.0},{"not_picked":["Underhanded Strike","Reflex+1","Heel Hook+1"],"picked":"SKIP","floor":19.0},{"not_picked":["Slice","Dodge and Roll+1"],"picked":"Outmaneuver","floor":20.0},{"not_picked":["Escape Plan","Dagger Spray","PiercingWail+1"],"picked":"SKIP","floor":22.0},{"not_picked":["Acrobatics","Quick Slash","Backflip"],"picked":"Singing Bowl","floor":28.0},{"not_picked":["Masterful Stab","Escape Plan+1","Catalyst"],"picked":"Singing Bowl","floor":29.0},{"not_picked":["Dash","Expertise"],"picked":"Caltrops","floor":31.0},{"not_picked":["Grand Finale","Doppelganger","Corpse Explosion"],"picked":"Singing Bowl","floor":33},{"not_picked":["Blade Dance+1","Reflex"],"picked":"Dodge and Roll+1","floor":35},{"not_picked":["Acrobatics","Underhanded Strike+1","Deadly Poison+1"],"picked":"Singing Bowl","floor":40},{"not_picked":["Master of Strategy","Impatience","Magnetism"],"picked":"Singing Bowl","floor":41}],"player_experience":140769,"relics_obtained":[{"floor":6.0,"key":"Art of War"},{"floor":8.0,"key":"Strawberry"},{"floor":9.0,"key":"Potion Belt"},{"floor":14.0,"key":"Centennial Puzzle"},{"floor":26.0,"key":"Vajra"},{"floor":28.0,"key":"Singing Bowl"},{"floor":40,"key":"Shuriken"},{"floor":40,"key":"Mummified Hand"},{"floor":43,"key":"The Courier"}],"event_choices":[{"event_name":"Upgrade Shrine","player_choice":"Upgraded","floor":3.0,"damage_taken":0.0},{"event_name":"Dead Adventurer","player_choice":"Searched \u00272\u0027 times","floor":11.0,"damage_taken":0.0},{"event_name":"Falling","player_choice":"Removed Skill","floor":37,"damage_taken":0},{"event_name":"Accursed Blacksmith","player_choice":"Rummage","floor":39,"damage_taken":0},{"event_name":"SensoryStone","player_choice":"Memory 1","floor":41,"damage_taken":0}],"is_beta":false,"boss_relics":[{"not_picked":["Busted Crown","Astrolabe"],"picked":"Cursed Key"},{"not_picked":["WristBlade","Pandora\u0027s Box"],"picked":"Black Star"}],"items_purged_floors":[13,21,24,36],"is_endless":false,"potions_floor_spawned":[1,2,5,14,16,18,28,33],"killed_by":"Nemesis","ascension_level":2}