{"gold_per_floor":[117,25,37,48,68,68,95,112,112,112,132,151,151,151,151,151],"floor_reached":16,"playtime":436,"items_purged":[],"score":198,"play_id":"7fb41835-1f24-4a23-8c9f-f6cf517e772e","local_time":"20181001062856","is_ascension_mode":true,"campfire_choices":[{"data":"Zap","floor":6,"key":"SMITH"},{"data":"Cold Snap","floor":15,"key":"SMITH"}],"neow_cost":"NONE","seed_source_timestamp":468316479708368,"circlet_count":0,"master_deck":["Strike_B","Strike_B","Strike_B","Strike_B","Defend_B","Defend_B","Zap+1","AscendersBane","Beam Cell+1","Core Surge","Self Repair","Cold Snap+1","Reprogram","FTL","Cold Snap","Undo","Conserve Battery"],"relics":["Empty Cage","Turnip","Bottled Flame"],"potions_floor_usage":[7,8,16],"damage_taken":[{"damage":7,"enemies":"Cultist","floor":1,"turns":4},{"damage":15,"enemies":"Small Slimes","floor":3,"turns":3},{"damage":8,"enemies":"2 Louse","floor":4,"turns":3},{"damage":23,"enemies":"Large Slime","floor":5,"turns":6},{"damage":17,"enemies":"Lagavulin","floor":7,"turns":8},{"damage":9,"enemies":"3 Louse","floor":8,"turns":3},{"damage":9,"enemies":"Looter","floor":11,"turns":3},{"damage":0,"enemies":"2 Fungi Beasts","floor":12,"turns":4},{"damage":11,"enemies":"Hexaghost","floor":16,"turns":7}],"seed_played":"6054211835929687254","potions_obtained":[{"floor":5,"key":"GamblersBrew"},{"floor":7,"key":"AttackPotion"},{"floor":11,"key":"SkillPotion"}],"is_trial":false,"path_per_floor":["M","$","M","M","M","R","E","M","T","?","M","M","?","?","R"],"character_chosen":"DEFECT","items_purchased":["Core Surge"],"campfire_rested":0,"item_purchase_floors":[2],"current_hp_per_floor":[57,57,42,41,25,25,15,13,13,13,11,18,11,11,11,0],"gold":151,"neow_bonus":"BOSS_RELIC","is_prod":false,"is_daily":false,"chose_seed":false,"campfire_upgraded":2,"win_rate":0,"timestamp":1538342936,"path_taken":["M","$","M","?","M","R","E","M","T","?","M","M","?","?","R","BOSS"],"build_version":"2018-09-27","purchased_purges":0,"victory":false,"max_hp_per_floor":[71,71,71,71,71,71,71,71,71,71,71,71,71,71,71,71],"card_choices":[{"not_picked":["Coolheaded","Redo"],"picked":"Beam Cell","floor":1},{"not_picked":["Go for the Eyes","Compile Driver"],"picked":"Self Repair","floor":3},{"not_picked":["Coolheaded","Lockon"],"picked":"Cold Snap","floor":4},{"not_picked":["Stack","Compile Driver"],"picked":"Reprogram","floor":5},{"not_picked":["Skim","Genetic Algorithm"],"picked":"FTL","floor":7},{"not_picked":["Hologram","Leap"],"picked":"Cold Snap","floor":8},{"not_picked":["Turbo","Chaos"],"picked":"Undo","floor":11},{"not_picked":["White Noise","Compile Driver"],"picked":"Conserve Battery","floor":12}],"player_experience":729074,"relics_obtained":[{"floor":7,"key":"Turnip"},{"floor":9,"key":"Bottled Flame"}],"event_choices":[{"event_name":"Shining Light","player_choice":"Ignored","floor":10,"damage_taken":0},{"event_name":"Golden Wing","player_choice":"Card Removal","floor":13,"damage_taken":0},{"event_name":"Accursed Blacksmith","player_choice":"Forge","floor":14,"damage_taken":0}],"is_beta":false,"boss_relics":[],"items_purged_floors":[],"is_endless":false,"potions_floor_spawned":[5,7,11],"killed_by":"Hexaghost","ascension_level":18}