{"gold_per_floor":[17,17,37,50,67,67,67,67,93,93,54,65,240,269,269,367,367,380,227,247,261,261,261,280,306,391,391,75,94,94,113,113,208,208,222,21,34,34,34,34,134,145,168,178,178,178,35,35,35,35],"floor_reached":50,"playtime":2003,"items_purged":["Doubt","Strike_B"],"score":510,"play_id":"f2bc8034-bf6c-4bac-9afd-8c9aae7e08a4","local_time":"20181117215749","is_ascension_mode":false,"campfire_choices":[{"data":"Defragment","floor":6,"key":"SMITH"},{"data":"Loop","floor":10,"key":"SMITH"},{"floor":15,"key":"REST"},{"data":"Defragment","floor":23,"key":"SMITH"},{"data":"Redo","floor":27,"key":"SMITH"},{"floor":30,"key":"REST"},{"floor":32,"key":"REST"},{"data":"Echo Form","floor":40,"key":"SMITH"},{"data":"Barrage","floor":46,"key":"SMITH"},{"floor":49,"key":"REST"}],"neow_cost":"NO_GOLD","seed_source_timestamp":36714890522538,"circlet_count":0,"master_deck":["Defend_B","Defend_B","Defend_B","Defend_B+1","Zap+1","Dualcast","Reprogram","Chill","Defragment+1","Beam Cell","Redo+1","Sweeping Beam","Loop+1","Defragment+1","Double Energy","Auto Shields","Electrodynamics","Coolheaded+1","Thunder Strike","Conserve Battery","Amplify","Capacitor","Leap+1","Echo Form+1","Barrage+1"],"relics":["Cracked Core","Vajra","Boot","Velvet Choker","MutagenicStrength","Singing Bowl","Tiny Chest","Juzu Bracelet","Nuclear Battery","Runic Capacitor","Dead Branch","Art of War","War Paint"],"potions_floor_usage":[12,12,50,50],"damage_taken":[{"damage":0,"enemies":"Cultist","floor":1,"turns":5},{"damage":0,"enemies":"Small Slimes","floor":3,"turns":4},{"damage":7,"enemies":"Jaw Worm","floor":4,"turns":4},{"damage":13,"enemies":"Exordium Wildlife","floor":5,"turns":6},{"damage":11,"enemies":"Large Slime","floor":12,"turns":3},{"damage":13,"enemies":"3 Sentries","floor":14,"turns":8},{"damage":24,"enemies":"Slime Boss","floor":16,"turns":8},{"damage":4,"enemies":"3 Byrds","floor":18,"turns":3},{"damage":16,"enemies":"2 Thieves","floor":20,"turns":3},{"damage":5,"enemies":"Chosen and Byrds","floor":21,"turns":3},{"damage":7,"enemies":"Cultist and Chosen","floor":24,"turns":5},{"damage":1,"enemies":"Slavers","floor":25,"turns":5},{"damage":34,"enemies":"Shelled Parasite and Fungi","floor":29,"turns":5},{"damage":13,"enemies":"Snecko","floor":31,"turns":6},{"damage":0,"enemies":"Automaton","floor":33,"turns":11},{"damage":12,"enemies":"3 Darklings","floor":35,"turns":5},{"damage":13,"enemies":"Orb Walker","floor":37,"turns":4},{"damage":9,"enemies":"Mind Bloom Boss Battle","floor":41,"turns":5},{"damage":3,"enemies":"3 Darklings","floor":42,"turns":4},{"damage":0,"enemies":"4 Shapes","floor":44,"turns":3},{"damage":97,"enemies":"Awakened One","floor":50,"turns":3}],"seed_played":"7971170955980851842","potions_obtained":[{"floor":4,"key":"SkillPotion"},{"floor":8,"key":"Fruit Juice"},{"floor":8,"key":"Dexterity Potion"},{"floor":14,"key":"FairyPotion"},{"floor":24,"key":"AttackPotion"},{"floor":29,"key":"PowerPotion"}],"is_trial":false,"path_per_floor":["M","$","M","M","M","R","?","?","T","R","$","M","?","E","R","B",null,"M","$","M","M","?","R","M","E","T","R","$","M","R","M","R","B",null,"M","$","M","?","?","R","?","M","T","M","?","R","$","?","R","B"],"character_chosen":"DEFECT","items_purchased":["Defragment","Thunder Strike","Capacitor","Juzu Bracelet","Runic Capacitor","War Paint"],"campfire_rested":4,"item_purchase_floors":[11,19,28,28,36,47],"current_hp_per_floor":[75,75,75,68,55,55,55,55,55,55,55,49,49,36,60,36,80,76,76,60,55,55,55,48,49,49,49,49,15,39,26,50,50,82,72,72,61,61,61,61,52,51,51,53,53,53,53,53,78,0],"gold":35,"neow_bonus":"TRANSFORM_TWO_CARDS","is_prod":false,"is_daily":false,"chose_seed":false,"campfire_upgraded":6,"win_rate":0,"timestamp":1542459469,"path_taken":["M","$","M","?","M","R","?","?","T","R","$","?","?","E","R","BOSS","M","$","M","M","?","R","M","E","T","R","$","M","R","M","R","BOSS","M","$","M","?","?","R","?","M","T","M","?","R","$","?","R","BOSS"],"build_version":"2018-11-15","purchased_purges":2,"victory":false,"max_hp_per_floor":[75,75,75,75,75,75,75,75,75,75,75,80,80,80,80,80,80,80,80,80,80,80,80,80,82,82,82,82,82,82,82,82,82,82,84,84,86,86,82,82,82,84,84,86,86,86,86,86,86,86],"card_choices":[{"not_picked":["Cold Snap","Conserve Battery"],"picked":"Defragment","floor":1},{"not_picked":["Sunder","Melter"],"picked":"Beam Cell","floor":3},{"not_picked":["Hologram","Ball Lightning"],"picked":"Redo","floor":4},{"not_picked":["Conserve Battery","Redo"],"picked":"Sweeping Beam","floor":5},{"not_picked":["Undo","Doom and Gloom"],"picked":"Double Energy","floor":12},{"not_picked":["Gash","Barrage"],"picked":"Auto Shields","floor":14},{"not_picked":["Hyperbeam","All For One"],"picked":"Electrodynamics","floor":16},{"not_picked":["Stack","Fusion"],"picked":"Coolheaded+1","floor":18},{"not_picked":["Hologram","Ball Lightning+1"],"picked":"Conserve Battery","floor":20},{"not_picked":["Doom and Gloom","Hologram","Stack+1"],"picked":"SKIP","floor":21},{"not_picked":["Coolheaded+1","Barrage"],"picked":"Amplify","floor":24},{"not_picked":["Rebound","Leap+1","Turbo"],"picked":"Singing Bowl","floor":25},{"not_picked":["Barrage","Turbo+1"],"picked":"Leap+1","floor":29},{"not_picked":["Beam Cell+1","Fusion+1"],"picked":"Conserve Battery+1","floor":31},{"not_picked":["Reboot","Amplify"],"picked":"Echo Form","floor":33},{"not_picked":["Hologram","Darkness","Gash+1"],"picked":"Singing Bowl","floor":35},{"not_picked":["Turbo+1","Reinforced Body+1","Hello World"],"picked":"Singing Bowl","floor":37},{"not_picked":["Ball Lightning","Leap+1"],"picked":"Barrage","floor":41},{"not_picked":["Stack","Steam Power","Tempest+1"],"picked":"Singing Bowl","floor":42},{"not_picked":["Rebound+1","Echo Form","Streamline"],"picked":"Singing Bowl","floor":44}],"player_experience":103868,"relics_obtained":[{"floor":9,"key":"Vajra"},{"floor":14,"key":"Boot"},{"floor":25,"key":"Singing Bowl"},{"floor":26,"key":"Tiny Chest"},{"floor":41,"key":"Dead Branch"},{"floor":43,"key":"Art of War"}],"event_choices":[{"damage_healed":0,"gold_gain":0,"cards_transformed":["Strike_B"],"player_choice":"Change","damage_taken":0,"max_hp_gain":0,"max_hp_loss":0,"event_name":"Living Wall","floor":7,"gold_loss":0,"cards_obtained":["Loop"]},{"damage_healed":0,"gold_gain":0,"player_choice":"Got Potions","damage_taken":0,"max_hp_gain":0,"max_hp_loss":0,"event_name":"Lab","floor":8,"gold_loss":0},{"damage_healed":0,"gold_gain":175,"player_choice":"AGREE","damage_taken":0,"max_hp_gain":0,"max_hp_loss":0,"event_name":"Liars Game","floor":13,"gold_loss":0,"cards_obtained":["Doubt"]},{"damage_healed":0,"gold_gain":0,"player_choice":"Inject Mutagens","damage_taken":0,"relics_obtained":["MutagenicStrength"],"max_hp_gain":0,"max_hp_loss":0,"event_name":"Drug Dealer","floor":22,"gold_loss":0},{"cards_removed":["Conserve Battery"],"damage_healed":0,"gold_gain":0,"player_choice":"Removed Skill","damage_taken":0,"max_hp_gain":0,"max_hp_loss":0,"event_name":"Falling","floor":38,"gold_loss":0},{"damage_healed":0,"gold_gain":0,"player_choice":"Max HP","damage_taken":0,"max_hp_gain":0,"max_hp_loss":4,"event_name":"Winding Halls","floor":39,"gold_loss":0},{"damage_healed":0,"gold_gain":0,"player_choice":"Fight","damage_taken":0,"max_hp_gain":0,"max_hp_loss":0,"event_name":"MindBloom","floor":41,"gold_loss":0},{"damage_healed":0,"gold_gain":0,"player_choice":"Ignored","damage_taken":0,"max_hp_gain":0,"max_hp_loss":0,"event_name":"Tomb of Lord Red Mask","floor":45,"gold_loss":0},{"damage_healed":0,"gold_gain":0,"player_choice":"Ignored","damage_taken":0,"max_hp_gain":0,"max_hp_loss":0,"event_name":"Mysterious Sphere","floor":48,"gold_loss":0}],"is_beta":false,"boss_relics":[{"not_picked":["Cursed Key","Runic Dome"],"picked":"Velvet Choker"},{"not_picked":["Black Star","Eternal Feather"],"picked":"Nuclear Battery"}],"items_purged_floors":[19,28],"is_endless":false,"potions_floor_spawned":[4,14,24,25,29,31,35,41],"killed_by":"Awakened One","ascension_level":0}