{"gold_per_floor":[109,109,109,125,5,43,8,28,28,28,28,28,79,120,120,250,250,250,48,48,48,48,48,48,48,48,48,48,48,48,48,48,48,48,48,48,48,48,48,48,48,48,48,48,48,48,48,48,48,48],"floor_reached":51,"playtime":1838,"items_purged":["Strike_B"],"score":1024,"play_id":"4eadcf56-5616-4650-80e1-2ad9998e4dfb","local_time":"20190217011334","is_ascension_mode":true,"campfire_choices":[{"data":"Sunder","floor":11.0,"key":"SMITH"},{"data":"Consume","floor":15.0,"key":"SMITH"},{"data":"Defragment","floor":23.0,"key":"SMITH"},{"data":"Loop","floor":27.0,"key":"SMITH"},{"data":"Chaos","floor":29.0,"key":"SMITH"},{"data":"Biased Cognition","floor":32.0,"key":"SMITH"},{"data":"Darkness","floor":40.0,"key":"SMITH"},{"data":"Zap","floor":45.0,"key":"SMITH"},{"data":"Ghostly","floor":47.0,"key":"SMITH"},{"data":"Ghostly","floor":49.0,"key":"SMITH"}],"neow_cost":"NONE","seed_source_timestamp":37367142817300,"circlet_count":0,"master_deck":["Defend_B","Defend_B","Defend_B","Zap+1","Dualcast","Sunder+1","Chaos+1","Loop+1","Conserve Battery","Genetic Algorithm","Consume+1","Biased Cognition+1","Defragment+1","Defragment+1","Ghostly+1","Ghostly+1","Ghostly","Ghostly","Ghostly","Go for the Eyes+1","Darkness+1","Echo Form","Cold Snap+1","All For One","Ball Lightning+1","Parasite"],"special_seed":0,"relics":["Cracked Core","Strawberry","Golden Idol","Gremlin Horn","Sundial","Orichalcum","Art of War","Happy Flower","Ectoplasm","Bag of Preparation","Vajra","Red Mask","Busted Crown","Smiling Mask","Dead Branch"],"potions_floor_usage":[50,50,50],"damage_taken":[{"damage":9.0,"enemies":"Jaw Worm","floor":1.0,"turns":4.0},{"damage":1.0,"enemies":"Cultist","floor":4.0,"turns":3.0},{"damage":18.0,"enemies":"Lagavulin","floor":6.0,"turns":7.0},{"damage":2.0,"enemies":"2 Louse","floor":8.0,"turns":2.0},{"damage":12.0,"enemies":"3 Sentries","floor":14.0,"turns":4.0},{"damage":22.0,"enemies":"The Guardian","floor":16.0,"turns":7.0},{"damage":18.0,"enemies":"3 Byrds","floor":18.0,"turns":3.0},{"damage":0.0,"enemies":"Spheric Guardian","floor":20.0,"turns":2.0},{"damage":18.0,"enemies":"Snake Plant","floor":22.0,"turns":5.0},{"damage":0.0,"enemies":"Chosen and Byrds","floor":28.0,"turns":6.0},{"damage":0.0,"enemies":"Masked Bandits","floor":30.0,"turns":5.0},{"damage":0.0,"enemies":"3 Cultists","floor":31.0,"turns":4.0},{"damage":1.0,"enemies":"Automaton","floor":33.0,"turns":7.0},{"damage":0.0,"enemies":"Orb Walker","floor":35.0,"turns":6.0},{"damage":0.0,"enemies":"3 Darklings","floor":37.0,"turns":8.0},{"damage":0.0,"enemies":"Transient","floor":38.0,"turns":5.0},{"damage":0.0,"enemies":"Giant Head","floor":41.0,"turns":8.0},{"damage":0.0,"enemies":"Spire Growth","floor":42.0,"turns":6.0},{"damage":0.0,"enemies":"Writhing Mass","floor":44.0,"turns":5.0},{"damage":0.0,"enemies":"Jaw Worm Horde","floor":46.0,"turns":5.0},{"damage":0.0,"enemies":"Transient","floor":48.0,"turns":5.0},{"damage":14,"enemies":"Donu and Deca","floor":50,"turns":9}],"seed_played":"-5061941773945992254","potions_obtained":[{"floor":1.0,"key":"Explosive Potion"},{"floor":4.0,"key":"Strength Potion"},{"floor":8.0,"key":"LiquidBronze"},{"floor":14.0,"key":"PowerPotion"},{"floor":20.0,"key":"PowerPotion"},{"floor":33.0,"key":"SkillPotion"},{"floor":41.0,"key":"Block Potion"}],"is_trial":false,"path_per_floor":["M","?","?","M","$","E","?","M","T","?","R","$","T","E","R","B",null,"M","$","M","?","M","R","?","T","T","R","M","R","?","M","R","B",null,"M","?","M","M","?","R","E","M","T","M","R","M","R","M","R","B",null],"character_chosen":"DEFECT","items_purchased":["Loop","Conserve Battery","Defragment","AttackPotion"],"campfire_rested":0,"item_purchase_floors":[5,5,19,19],"current_hp_per_floor":[66,66,63,62,62,44,63,61,61,54,54,54,54,42,42,20,62,44,44,44,38,20,20,20,20,20,20,20,20,20,20,20,19,33,33,33,33,33,33,33,33,33,33,33,33,33,33,33,33,19],"gold":48,"neow_bonus":"RANDOM_COMMON_RELIC","is_prod":false,"is_daily":false,"chose_seed":false,"campfire_upgraded":10,"win_rate":0,"timestamp":1550358814,"path_taken":["M","?","?","?","?","E","?","M","T","?","R","$","?","E","R","BOSS","M","$","M","?","M","R","?","?","T","R","M","R","?","M","R","BOSS","M","?","?","M","?","R","E","M","T","?","R","M","R","M","R","BOSS"],"build_version":"2019-01-23","purchased_purges":1,"victory":true,"max_hp_per_floor":[82,76,76,76,76,76,76,76,76,76,76,76,76,76,76,76,76,76,76,76,38,38,38,38,38,38,38,38,38,38,38,38,38,38,38,38,38,38,38,38,38,38,38,38,38,38,38,38,38,38],"card_choices":[{"not_picked":["Streamline","Go for the Eyes"],"picked":"Sunder","floor":1.0},{"not_picked":["Sweeping Beam","Reprogram"],"picked":"Chaos","floor":4.0},{"not_picked":["Stack","Rebound","Go for the Eyes"],"picked":"SKIP","floor":6.0},{"not_picked":["Force Field","Cold Snap"],"picked":"Genetic Algorithm","floor":8.0},{"not_picked":["Cold Snap","Self Repair"],"picked":"Consume","floor":14.0},{"not_picked":["Hyperbeam","Thunder Strike"],"picked":"Biased Cognition","floor":16.0},{"not_picked":["Turbo","Undo+1","Barrage+1"],"picked":"SKIP","floor":18.0},{"not_picked":["FTL","Stack"],"picked":"Defragment+1","floor":20.0},{"not_picked":["Rip and Tear","Static Discharge"],"picked":"Go for the Eyes+1","floor":22.0},{"not_picked":["Rebound+1","Redo","Gash"],"picked":"SKIP","floor":28.0},{"not_picked":["Steam","Redo"],"picked":"Cold Snap+1","floor":31.0},{"not_picked":["Steam"],"picked":"SKIP","floor":35.0},{"not_picked":["Redo"],"picked":"SKIP","floor":37.0},{"not_picked":["Conserve Battery+1"],"picked":"SKIP","floor":38.0},{"not_picked":["Barrage"],"picked":"SKIP","floor":41.0},{"not_picked":[],"picked":"Ball Lightning+1","floor":42.0},{"not_picked":["Rebound+1"],"picked":"SKIP","floor":44.0},{"not_picked":["Barrage+1"],"picked":"SKIP","floor":46.0},{"not_picked":["Chill"],"picked":"SKIP","floor":48.0}],"player_experience":791503,"relics_obtained":[{"floor":6.0,"key":"Sundial"},{"floor":9.0,"key":"Orichalcum"},{"floor":13.0,"key":"Art of War"},{"floor":14.0,"key":"Happy Flower"},{"floor":25.0,"key":"Bag of Preparation"},{"floor":26.0,"key":"Vajra"},{"floor":30.0,"key":"Red Mask"},{"floor":41.0,"key":"Smiling Mask"},{"floor":43.0,"key":"Dead Branch"}],"event_choices":[{"damage_healed":0.0,"max_hp_gain":0.0,"max_hp_loss":6.0,"gold_gain":0.0,"event_name":"Golden Idol","player_choice":"Lose Max HP","floor":2.0,"gold_loss":0.0,"damage_taken":0.0,"relics_obtained":["Golden Idol"]},{"damage_healed":0.0,"max_hp_gain":0.0,"max_hp_loss":0.0,"gold_gain":0.0,"event_name":"Scrap Ooze","player_choice":"Success","floor":3.0,"gold_loss":0.0,"damage_taken":3.0,"relics_obtained":["Gremlin Horn"]},{"damage_healed":19.0,"max_hp_gain":0.0,"max_hp_loss":0.0,"gold_gain":0.0,"event_name":"The Cleric","player_choice":"Healed","floor":7.0,"gold_loss":35.0,"damage_taken":0.0},{"cards_removed":["Defend_B"],"damage_healed":0.0,"max_hp_gain":0.0,"max_hp_loss":0.0,"gold_gain":0.0,"event_name":"Golden Wing","player_choice":"Card Removal","floor":10.0,"gold_loss":0.0,"damage_taken":7.0},{"damage_healed":0.0,"max_hp_gain":0.0,"max_hp_loss":38.0,"gold_gain":0.0,"event_name":"Ghosts","player_choice":"Became a Ghost","floor":21.0,"gold_loss":0.0,"damage_taken":0.0,"cards_obtained":["Ghostly","Ghostly","Ghostly","Ghostly","Ghostly"]},{"damage_healed":0.0,"max_hp_gain":0.0,"max_hp_loss":0.0,"gold_gain":0.0,"cards_transformed":["Strike_B","Strike_B"],"event_name":"Drug Dealer","player_choice":"Became Test Subject","floor":24.0,"gold_loss":0.0,"damage_taken":0.0,"cards_obtained":["Darkness","Echo Form"]},{"damage_healed":0.0,"max_hp_gain":0.0,"max_hp_loss":0.0,"gold_gain":0.0,"event_name":"Masked Bandits","player_choice":"Fought Bandits","floor":30.0,"gold_loss":0.0,"damage_taken":0.0},{"damage_healed":0.0,"max_hp_gain":0.0,"max_hp_loss":0.0,"gold_gain":0.0,"cards_transformed":["Strike_B"],"event_name":"Transmorgrifier","player_choice":"Transformed","floor":36.0,"gold_loss":0.0,"damage_taken":0.0,"cards_obtained":["All For One"]},{"damage_healed":0.0,"max_hp_gain":0.0,"max_hp_loss":0.0,"gold_gain":0.0,"event_name":"SecretPortal","player_choice":"Ignored","floor":39.0,"gold_loss":0.0,"damage_taken":0.0}],"is_beta":false,"boss_relics":[{"not_picked":["FrozenCore","Pandora\u0027s Box"],"picked":"Ectoplasm"},{"not_picked":["Coffee Dripper","Eternal Feather"],"picked":"Busted Crown"}],"items_purged_floors":[19],"is_endless":false,"potions_floor_spawned":[1,4,8,14,20,30,33,41,42,46],"ascension_level":8}