{"gold_per_floor":[118,118,131,151,151,182,357,390,390,410,485,503,517,517,517,613,613,613,28,0,0,0,0,0,0,0,0,0,0,0,0,0,0,0,0,0,0,0,0,0,0,0,0,0,0,0,0,0,0,0],"floor_reached":50,"playtime":3491,"items_purged":[],"score":599,"play_id":"0cdfa79a-5eec-4493-af13-8f7a2d26145e","local_time":"20190213185449","is_ascension_mode":false,"campfire_choices":[{"data":"Armaments","floor":15,"key":"SMITH"},{"floor":25,"key":"REST"},{"floor":27,"key":"REST"},{"floor":32,"key":"REST"},{"data":"Apotheosis","floor":40,"key":"SMITH"},{"data":"Inflame","floor":44,"key":"SMITH"},{"floor":46,"key":"REST"},{"floor":49,"key":"REST"}],"neow_cost":"NONE","seed_source_timestamp":202719871647845,"circlet_count":0,"master_deck":["Strike_R","Strike_R","Strike_R","Strike_R","Strike_R","Defend_R","Defend_R","Defend_R","Defend_R","Bash","Inflame+1","Iron Wave","Second Wind","Bash","Armaments+1","Anger","Heavy Blade","Dual Wield","Iron Wave","Rage","Flex","Ghostly Armor","Warcry","Reaper","Disarm+1","Apotheosis+1","Sword Boomerang","Pommel Strike+1","Juggernaut","Cleave+1","Thunderclap+1","RitualDagger","Feed","Bloodletting+1","Iron Wave+1","Warcry+1","Headbutt+1","Burning Pact+1","Magnetism","Panache","Mayhem","Whirlwind+1","Metallicize","Heavy Blade+1","Inflame+1"],"relics":["Black Blood","Red Skull","Boot","Happy Flower","Ectoplasm","Juzu Bracelet","Pen Nib","Kunai","MawBank","Lantern","Strawberry","Mango","Dream Catcher","Bottled Tornado"],"potions_floor_usage":[8,8,12,13,16,23,29,39,39,42,48],"damage_taken":[{"damage":8,"enemies":"Cultist","floor":1,"turns":5},{"damage":9,"enemies":"Small Slimes","floor":3,"turns":4},{"damage":7,"enemies":"2 Louse","floor":4,"turns":3},{"damage":17,"enemies":"2 Fungi Beasts","floor":5,"turns":4},{"damage":26,"enemies":"Gremlin Nob","floor":6,"turns":5},{"damage":5,"enemies":"3 Sentries","floor":8,"turns":8},{"damage":21,"enemies":"Exordium Wildlife","floor":10,"turns":6},{"damage":6,"enemies":"3 Louse","floor":12,"turns":4},{"damage":0,"enemies":"Large Slime","floor":13,"turns":2},{"damage":4,"enemies":"Hexaghost","floor":16,"turns":8},{"damage":25,"enemies":"Spheric Guardian","floor":18,"turns":6},{"damage":11,"enemies":"2 Thieves","floor":20,"turns":4},{"damage":26,"enemies":"Centurion and Healer","floor":22,"turns":9},{"damage":62,"enemies":"Gremlin Leader","floor":23,"turns":7},{"damage":33,"enemies":"Snake Plant","floor":28,"turns":5},{"damage":12,"enemies":"Book of Stabbing","floor":29,"turns":7},{"damage":46,"enemies":"Automaton","floor":33,"turns":7},{"damage":6,"enemies":"Orb Walker","floor":35,"turns":5},{"damage":14,"enemies":"3 Shapes","floor":37,"turns":4},{"damage":18,"enemies":"Jaw Worm Horde","floor":39,"turns":5},{"damage":16,"enemies":"Transient","floor":41,"turns":5},{"damage":76,"enemies":"Giant Head","floor":42,"turns":9},{"damage":13,"enemies":"Sphere and 2 Shapes","floor":47,"turns":3},{"damage":55,"enemies":"4 Shapes","floor":48,"turns":3},{"damage":101,"enemies":"Time Eater","floor":50,"turns":7}],"seed_played":"2768172715281998549","potions_obtained":[{"floor":4,"key":"Poison Potion"},{"floor":6,"key":"Block Potion"},{"floor":8,"key":"AttackPotion"},{"floor":12,"key":"Energy Potion"},{"floor":13,"key":"Swift Potion"},{"floor":18,"key":"Swift Potion"},{"floor":22,"key":"Swift Potion"},{"floor":33,"key":"Energy Potion"},{"floor":37,"key":"Swift Potion"},{"floor":41,"key":"EssenceOfSteel"},{"floor":47,"key":"Energy Potion"}],"is_trial":false,"path_per_floor":["M","?","M","M","M","E","?","E","T","M","?","M","M","?","R","B",null,"M","$","M","?","M","E","?","R","T","R","M","E","?","?","R","B",null,"M","?","M","T","M","R","M","E","T","R","?","R","M","M","R","B"],"character_chosen":"IRONCLAD","items_purchased":["Juzu Bracelet","Apotheosis","Pen Nib","FairyPotion"],"campfire_rested":5,"item_purchase_floors":[19,19,19,19],"current_hp_per_floor":[78,78,75,74,63,43,43,44,44,29,18,18,24,24,24,26,80,61,61,66,66,58,17,17,41,41,65,43,54,48,48,74,34,87,87,87,83,97,101,101,105,43,43,43,33,65,62,38,70,0],"gold":0,"neow_bonus":"THREE_CARDS","is_prod":false,"is_daily":false,"chose_seed":false,"campfire_upgraded":3,"win_rate":0.0,"timestamp":1550098489,"path_taken":["M","?","M","?","M","E","?","E","T","M","?","M","M","?","R","BOSS","M","$","M","?","M","E","?","R","T","R","M","E","?","?","R","BOSS","M","?","M","?","M","R","M","E","T","R","?","R","M","M","R","BOSS"],"build_version":"2019-01-23","purchased_purges":0,"victory":false,"max_hp_per_floor":[80,80,80,80,80,80,80,80,80,80,80,80,80,80,80,80,80,80,80,80,80,80,80,80,80,80,80,80,87,87,87,87,87,87,87,87,87,101,109,109,109,109,109,109,109,109,109,109,109,109],"card_choices":[{"not_picked":["Shrug It Off","Hemokinesis"],"picked":"Inflame","floor":0},{"not_picked":["True Grit","Sword Boomerang"],"picked":"Iron Wave","floor":1},{"not_picked":["Battle Trance","Sever Soul"],"picked":"Anger","floor":3},{"not_picked":["Anger","Twin Strike"],"picked":"Heavy Blade","floor":4},{"not_picked":["Feel No Pain","Sever Soul"],"picked":"Dual Wield","floor":5},{"not_picked":["Twin Strike","Sword Boomerang"],"picked":"Iron Wave","floor":6},{"not_picked":["Armaments","Intimidate"],"picked":"Rage","floor":8},{"not_picked":["Wild Strike","Perfected Strike"],"picked":"Flex","floor":10},{"not_picked":["Clothesline","Body Slam"],"picked":"Ghostly Armor","floor":12},{"not_picked":["Heavy Blade","Intimidate"],"picked":"Warcry","floor":13},{"not_picked":["Fiend Fire","Impervious"],"picked":"Reaper","floor":16},{"not_picked":["Rupture","Flame Barrier+1"],"picked":"Disarm+1","floor":18},{"not_picked":["Flex+1","Blood for Blood"],"picked":"Sword Boomerang","floor":20},{"not_picked":["Clothesline","Brutality"],"picked":"Pommel Strike+1","floor":22},{"not_picked":["Cleave","Disarm"],"picked":"Juggernaut","floor":23},{"not_picked":["Thunderclap","Body Slam+1"],"picked":"Cleave+1","floor":28},{"not_picked":["Iron Wave","Intimidate"],"picked":"Thunderclap+1","floor":29},{"not_picked":["Bludgeon","Reaper"],"picked":"Feed","floor":33},{"not_picked":["Anger","Heavy Blade"],"picked":"Bloodletting+1","floor":35},{"not_picked":["Warcry+1","Power Through"],"picked":"Iron Wave+1","floor":37},{"not_picked":["Battle Trance+1","Anger"],"picked":"Warcry+1","floor":39},{"not_picked":["True Grit","Twin Strike+1"],"picked":"Headbutt+1","floor":41},{"not_picked":["Perfected Strike+1","Brutality"],"picked":"Burning Pact+1","floor":42},{"not_picked":["Dramatic Entrance","Bandage Up"],"picked":"Magnetism","floor":45},{"not_picked":["Thinking Ahead","Discovery"],"picked":"Panache","floor":45},{"not_picked":["Enlightenment","Swift Strike"],"picked":"Mayhem","floor":45},{"not_picked":["Pommel Strike","Flex"],"picked":"Whirlwind+1","floor":46},{"not_picked":["Cleave+1","True Grit"],"picked":"Metallicize","floor":47},{"not_picked":["Warcry+1","True Grit+1"],"picked":"Heavy Blade+1","floor":48},{"not_picked":["Armaments","Thunderclap+1"],"picked":"Inflame+1","floor":49}],"player_experience":43491,"relics_obtained":[{"floor":6,"key":"Red Skull"},{"floor":8,"key":"Boot"},{"floor":9,"key":"Happy Flower"},{"floor":23,"key":"Kunai"},{"floor":26,"key":"Lantern"},{"floor":29,"key":"Strawberry"},{"floor":38,"key":"Mango"},{"floor":42,"key":"Dream Catcher"},{"floor":43,"key":"Bottled Tornado"}],"event_choices":[{"damage_healed":0,"gold_gain":0,"player_choice":"3 cards matched","damage_taken":0,"max_hp_gain":0,"max_hp_loss":0,"event_name":"Match and Keep!","floor":2,"gold_loss":0,"cards_obtained":["Second Wind","Bash","Armaments"]},{"damage_healed":0,"gold_gain":175,"player_choice":"AGREE","damage_taken":0,"max_hp_gain":0,"max_hp_loss":0,"event_name":"Liars Game","floor":7,"gold_loss":0,"cards_obtained":["Doubt"]},{"damage_healed":0,"gold_gain":75,"player_choice":"Gather Gold","damage_taken":11,"max_hp_gain":0,"max_hp_loss":0,"event_name":"World of Goop","floor":11,"gold_loss":0},{"cards_removed":["Doubt"],"damage_healed":0,"gold_gain":0,"player_choice":"Forget","damage_taken":0,"max_hp_gain":0,"max_hp_loss":0,"event_name":"Living Wall","floor":14,"gold_loss":0},{"damage_healed":0,"gold_gain":0,"player_choice":"Ignored","damage_taken":0,"max_hp_gain":0,"max_hp_loss":0,"event_name":"Ghosts","floor":21,"gold_loss":0},{"damage_healed":0,"gold_gain":0,"player_choice":"Opened","damage_taken":0,"relics_obtained":["MawBank"],"max_hp_gain":0,"max_hp_loss":0,"event_name":"The Mausoleum","floor":24,"gold_loss":0},{"damage_healed":0,"gold_gain":0,"player_choice":"Joined the Cult","damage_taken":6,"max_hp_gain":0,"max_hp_loss":0,"event_name":"Nest","floor":30,"gold_loss":0,"cards_obtained":["RitualDagger"]},{"damage_healed":0,"gold_gain":0,"player_choice":"Relic","damage_taken":0,"max_hp_gain":0,"max_hp_loss":0,"event_name":"Wheel of Change","floor":31,"gold_loss":0},{"damage_healed":0,"gold_gain":0,"player_choice":"Ignored","damage_taken":0,"max_hp_gain":0,"max_hp_loss":0,"event_name":"SecretPortal","floor":36,"gold_loss":0},{"damage_healed":0,"gold_gain":0,"player_choice":"Memory 3","damage_taken":10,"max_hp_gain":0,"max_hp_loss":0,"event_name":"SensoryStone","floor":45,"gold_loss":0}],"is_beta":false,"boss_relics":[{"not_picked":["Black Star","Philosopher\u0027s Stone"],"picked":"Ectoplasm"},{"not_picked":["Snecko Eye","Calling Bell"],"picked":"Black Blood"}],"items_purged_floors":[],"is_endless":false,"potions_floor_spawned":[4,6,8,12,13,18,22,33,37,41,47],"killed_by":"Time Eater","ascension_level":0}