{"gold_per_floor":[111,36,49,199,63,63,89,102,102,112,147,147,147,1,1,78,78,88,288,323,323,336,336,347,372,422,422,422,422,472,492,492,565,565,580,580,84,101,101],"floor_reached":39,"playtime":1263,"items_purged":["Doubt","Defend_B"],"score":817,"play_id":"d96ab475-f65d-409a-b13f-ed40e716638c","local_time":"20181001061055","is_ascension_mode":true,"campfire_choices":[{"data":"Zap","floor":6,"key":"SMITH"},{"data":"FTL","floor":12,"key":"SMITH"},{"floor":15,"key":"REST"},{"floor":23,"key":"REST"},{"floor":27,"key":"REST"},{"data":"Biased Cognition","floor":29,"key":"SMITH"},{"data":"Defragment","floor":32,"key":"SMITH"}],"neow_cost":"NONE","seed_source_timestamp":466407497090224,"circlet_count":0,"master_deck":["Strike_B","Defend_B+1","Defend_B+1","Zap+1","Dualcast","AscendersBane","Streamline","Self Repair","Conserve Battery","Conserve Battery+1","Hologram+1","FTL+1","Chaos+1","Recycle+1","Biased Cognition+1","Redo+1","Double Energy+1","Coolheaded+1","Hologram+1","Compile Driver+1","Defragment+1","Echo Form","Redo+1","Madness+1","Madness+1","Conserve Battery+1"],"relics":["Cracked Core","NeowsBlessing","Toxic Egg 2","Ancient Tea Set","Centennial Puzzle","Sozu","Red Mask","Vajra","PreservedInsect","Pantograph","Empty Cage","Sundial","Anchor"],"potions_floor_usage":[11,22,25],"damage_taken":[{"damage":0,"enemies":"Jaw Worm","floor":1,"turns":1},{"damage":0,"enemies":"2 Louse","floor":3,"turns":1},{"damage":0,"enemies":"Lagavulin","floor":7,"turns":1},{"damage":4,"enemies":"Small Slimes","floor":8,"turns":3},{"damage":4,"enemies":"3 Louse","floor":10,"turns":4},{"damage":34,"enemies":"Gremlin Nob","floor":11,"turns":4},{"damage":2,"enemies":"The Guardian","floor":16,"turns":10},{"damage":23,"enemies":"Shell Parasite","floor":18,"turns":4},{"damage":41,"enemies":"Masked Bandits","floor":20,"turns":5},{"damage":14,"enemies":"Spheric Guardian","floor":22,"turns":4},{"damage":5,"enemies":"Snecko","floor":24,"turns":5},{"damage":25,"enemies":"Slavers","floor":25,"turns":5},{"damage":4,"enemies":"Centurion and Healer","floor":31,"turns":4},{"damage":54,"enemies":"Collector","floor":33,"turns":9},{"damage":0,"enemies":"3 Shapes","floor":35,"turns":5},{"damage":18,"enemies":"Orb Walker","floor":38,"turns":4},{"damage":57,"enemies":"3 Darklings","floor":39,"turns":3}],"seed_played":"-8885130376612436845","potions_obtained":[{"floor":3,"key":"Poison Potion"},{"floor":7,"key":"SpeedPotion"},{"floor":16,"key":"FearPotion"}],"is_trial":false,"path_per_floor":["M","?","M","?","$","R","E","M","T","M","E","R","?","$","R","B",null,"M","?","?","?","M","R","M","E","T","R","T","R","?","M","R","B",null,"M","?","$","M"],"character_chosen":"DEFECT","items_purchased":["Conserve Battery","Recycle+1","Sundial","Anchor","Conserve Battery+1"],"campfire_rested":3,"item_purchase_floors":[5,14,37,37,37],"current_hp_per_floor":[64,64,64,64,64,64,71,71,71,71,44,44,23,23,44,49,66,50,50,16,16,9,30,32,14,14,35,35,35,28,31,31,9,56,70,57,57,46,0],"gold":101,"neow_bonus":"THREE_ENEMY_KILL","is_prod":false,"is_daily":false,"chose_seed":false,"campfire_upgraded":4,"win_rate":0,"timestamp":1538341855,"path_taken":["M","?","M","?","$","R","E","?","T","M","E","R","?","$","R","BOSS","M","?","?","?","M","R","?","E","T","R","?","R","?","M","R","BOSS","M","?","$","M","M"],"build_version":"2018-09-27","purchased_purges":2,"victory":false,"max_hp_per_floor":[71,71,71,71,71,71,71,71,71,71,71,71,71,71,71,71,71,71,71,71,71,71,71,71,71,71,71,71,71,71,71,71,71,71,71,71,71,71,71],"card_choices":[{"not_picked":["Steam","Static Discharge"],"picked":"Streamline","floor":1},{"not_picked":["Consume","Steam Power"],"picked":"Self Repair","floor":3},{"not_picked":["Buffer","Self Repair"],"picked":"Conserve Battery","floor":7},{"not_picked":["Genetic Algorithm+1","Steam Power+1"],"picked":"Hologram+1","floor":8},{"not_picked":["Loop","Heatsinks"],"picked":"FTL","floor":10},{"not_picked":["Biased Cognition","Cold Snap"],"picked":"Chaos+1","floor":11},{"not_picked":["Amplify+1","Hyperbeam"],"picked":"Biased Cognition","floor":16},{"not_picked":["Blizzard","Steam+1"],"picked":"Redo+1","floor":18},{"not_picked":["Stack+1","Hello World"],"picked":"Double Energy+1","floor":20},{"not_picked":["Hologram+1","Heatsinks+1"],"picked":"Coolheaded+1","floor":22},{"not_picked":["Rebound","Hyperbeam"],"picked":"Hologram+1","floor":24},{"not_picked":["Cold Snap","Heatsinks"],"picked":"Compile Driver+1","floor":25},{"not_picked":["Double Energy+1","Go for the Eyes"],"picked":"Defragment","floor":31},{"not_picked":["Core Surge","Reboot+1"],"picked":"Echo Form","floor":33},{"not_picked":["Genetic Algorithm+1","Turbo+1"],"picked":"Redo+1","floor":35},{"not_picked":["Redo+1","Lockon","Steam+1"],"picked":"SKIP","floor":38}],"player_experience":727183,"relics_obtained":[{"floor":7,"key":"Toxic Egg 2"},{"floor":9,"key":"Ancient Tea Set"},{"floor":11,"key":"Centennial Puzzle"},{"floor":20,"key":"Red Mask"},{"floor":25,"key":"Vajra"},{"floor":26,"key":"PreservedInsect"},{"floor":28,"key":"Pantograph"}],"event_choices":[{"event_name":"The Cleric","player_choice":"Card Removal","floor":2,"damage_taken":0},{"event_name":"Liars Game","player_choice":"agreed","floor":4,"damage_taken":0},{"event_name":"Shining Light","player_choice":"Entered Light","floor":13,"damage_taken":0},{"event_name":"The Joust","player_choice":"Bet on Owner","floor":19,"damage_taken":0},{"event_name":"Masked Bandits","player_choice":"Fought Bandits","floor":20,"damage_taken":0},{"event_name":"Back to Basics","player_choice":"Elegance","floor":21,"damage_taken":0},{"event_name":"FaceTrader","player_choice":"Touch","floor":30,"damage_taken":0},{"event_name":"Winding Halls","player_choice":"Embrace Madness","floor":36,"damage_taken":0}],"is_beta":false,"boss_relics":[{"not_picked":["Eternal Feather","Snecko Eye"],"picked":"Sozu"},{"not_picked":["Fusion Hammer","Velvet Choker"],"picked":"Empty Cage"}],"items_purged_floors":[5,14],"is_endless":false,"potions_floor_spawned":[3,7,10,16,18,24,25,31,35],"killed_by":"3 Darklings","ascension_level":18}