{"gold_per_floor":[109,129,229,239,239,256,274,27,52,127,143,153,163,88,88,190,190,210,210,223,223],"floor_reached":21,"playtime":1012,"items_purged":["Strike_B"],"score":273,"play_id":"901dd740-f58c-497b-bbbf-5a7070b6cc0b","local_time":"20180902124232","is_ascension_mode":true,"campfire_choices":[{"data":"Discovery","floor":15.0,"key":"SMITH"}],"neow_cost":"","seed_source_timestamp":0,"circlet_count":0,"master_deck":["Strike_B","Strike_B","Strike_B","Defend_B","Defend_B","Defend_B+1","Defend_B","Zap","Dualcast","Redo","Redo+1","Redo","Ball Lightning","Discovery+1","Redo","Genetic Algorithm","Creative AI","Streamline","Streamline+1"],"special_seed":0,"relics":["Cracked Core","Happy Flower","Orichalcum","Inserter"],"potions_floor_usage":[20],"damage_taken":[{"damage":13.0,"enemies":"Jaw Worm","floor":1.0,"turns":4.0},{"damage":1.0,"enemies":"Cultist","floor":2.0,"turns":3.0},{"damage":0.0,"enemies":"Small Slimes","floor":4.0,"turns":2.0},{"damage":0.0,"enemies":"Exordium Thugs","floor":6.0,"turns":4.0},{"damage":5.0,"enemies":"Blue Slaver","floor":7.0,"turns":3.0},{"damage":4.0,"enemies":"Red Slaver","floor":11.0,"turns":3.0},{"damage":4.0,"enemies":"Looter","floor":12.0,"turns":3.0},{"damage":0.0,"enemies":"Large Slime","floor":13.0,"turns":4.0},{"damage":0.0,"enemies":"Slime Boss","floor":16.0,"turns":6.0},{"damage":43.0,"enemies":"2 Thieves","floor":18.0,"turns":4.0},{"damage":18.0,"enemies":"Spheric Guardian","floor":20.0,"turns":7.0},{"damage":18,"enemies":"Snake Plant","floor":21,"turns":2}],"seed_played":"20901061850666302","potions_obtained":[{"floor":1.0,"key":"Block Potion"},{"floor":6.0,"key":"Weak Potion"},{"floor":11.0,"key":"Energy Potion"},{"floor":16.0,"key":"SkillPotion"},{"floor":20,"key":"Fruit Juice"}],"is_trial":false,"path_per_floor":["M","M","?","M","?","M","M","$","T","?","M","M","M","$","R","B",null,"M","?","M"],"character_chosen":"DEFECT","items_purchased":["Discovery","Happy Flower"],"campfire_rested":0,"item_purchase_floors":[8,8],"current_hp_per_floor":[62,61,61,61,46,46,41,41,41,30,26,22,22,22,22,22,75,32,25,12,0],"gold":223,"neow_bonus":"","is_prod":false,"is_daily":false,"chose_seed":false,"campfire_upgraded":1,"win_rate":0,"timestamp":1535857952,"path_taken":["M","M","?","M","?","M","?","$","T","?","M","M","M","$","R","BOSS","M","?","?","M"],"build_version":"2018-08-30","purchased_purges":1,"victory":false,"max_hp_per_floor":[75,75,75,75,75,75,75,75,75,75,75,75,75,75,75,75,75,75,75,80,80],"card_choices":[{"not_picked":["Reprogram","Steam"],"picked":"Redo","floor":1.0},{"not_picked":["Steam","Rebound"],"picked":"Redo","floor":2.0},{"not_picked":["Compile Driver","Barrage"],"picked":"Redo","floor":4.0},{"not_picked":["Buffer","Blizzard"],"picked":"Ball Lightning","floor":6.0},{"not_picked":["Undo","Conserve Battery","Rebound"],"picked":"SKIP","floor":7.0},{"not_picked":["Fusion","Go for the Eyes"],"picked":"Redo","floor":11.0},{"not_picked":["Scrape","Conserve Battery","Blizzard"],"picked":"SKIP","floor":12.0},{"not_picked":["Double Energy","Steam Power"],"picked":"Genetic Algorithm","floor":13.0},{"not_picked":["Seek","Buffer"],"picked":"Creative AI","floor":16.0},{"not_picked":["Hologram","Barrage+1"],"picked":"Streamline","floor":18.0},{"not_picked":["Double Energy","Cold Snap"],"picked":"Streamline+1","floor":20}],"player_experience":105021,"relics_obtained":[{"floor":9.0,"key":"Orichalcum"}],"event_choices":[{"event_name":"Wheel of Change","player_choice":"Gold","floor":3.0,"damage_taken":0.0},{"event_name":"Shining Light","player_choice":"Entered Light","floor":5.0,"damage_taken":0.0},{"event_name":"World of Goop","player_choice":"Gather Gold","floor":10.0,"damage_taken":0.0},{"event_name":"Wheel of Change","player_choice":"Damage","floor":19.0,"damage_taken":0.0}],"is_beta":false,"boss_relics":[{"not_picked":["Lizard Tail","Calling Bell"],"picked":"Inserter"}],"items_purged_floors":[14],"is_endless":false,"potions_floor_spawned":[1,6,11,16,20],"killed_by":"Snake Plant","ascension_level":2}