{"gold_per_floor":[19,19,94,109,109,140,40,40,40,56,56,81,81,81,81,177,177,188,42,42,62,79,79,113,113,140,171,171,0,0,0,0,0],"floor_reached":33,"playtime":1807,"items_purged":["Strike_G"],"score":355,"play_id":"0c1ea237-0c63-400e-802b-90af73508061","local_time":"20180909194406","is_ascension_mode":true,"campfire_choices":[{"floor":8,"key":"REST"},{"data":"Terror","floor":11,"key":"SMITH"},{"data":"Dash","floor":13,"key":"SMITH"},{"data":"Predator","floor":15,"key":"SMITH"},{"data":"Noxious Fumes","floor":23,"key":"SMITH"},{"data":"Backflip","floor":25,"key":"SMITH"},{"data":"Bane","floor":28,"key":"SMITH"},{"data":"Poisoned Stab","floor":30,"key":"SMITH"},{"data":"Ghostly","floor":32,"key":"SMITH"}],"neow_cost":"NO_GOLD","seed_source_timestamp":1079855999020463,"circlet_count":0,"master_deck":["Defend_G","Defend_G","Defend_G","Strike_G","Strike_G","Strike_G","Survivor","Neutralize","Terror+1","Dagger Spray","Backflip+1","Poisoned Stab+1","Dash+1","Predator+1","Corpse Explosion","Noxious Fumes+1","PiercingWail+1","Flying Knee","Bane+1","Ghostly+1","Ghostly","Ghostly","Ghostly","Ghostly"],"relics":["Ring of the Snake","Pantograph","Bag of Preparation","Kunai","Incense Burner","Lizard Tail","Bronze Scales","Nilry\u0027s Codex","Gremlin Horn","Anchor","Ancient Tea Set"],"potions_floor_usage":[16,21,24,24],"damage_taken":[{"damage":0,"enemies":"Jaw Worm","floor":1,"turns":5},{"damage":0,"enemies":"Small Slimes","floor":4,"turns":4},{"damage":47,"enemies":"3 Sentries","floor":6,"turns":11},{"damage":0,"enemies":"Cultist","floor":10,"turns":3},{"damage":22,"enemies":"Gremlin Nob","floor":12,"turns":4},{"damage":1,"enemies":"Slime Boss","floor":16,"turns":9},{"damage":0,"enemies":"Chosen","floor":18,"turns":3},{"damage":6,"enemies":"Shell Parasite","floor":21,"turns":5},{"damage":6,"enemies":"Cultist and Chosen","floor":22,"turns":4},{"damage":15,"enemies":"Book of Stabbing","floor":24,"turns":4},{"damage":8,"enemies":"Gremlin Leader","floor":27,"turns":5},{"damage":75,"enemies":"Champ","floor":33,"turns":11}],"seed_played":"-1897745897028995815","potions_obtained":[{"floor":1,"key":"Swift Potion"},{"floor":6,"key":"Ancient Potion"},{"floor":16,"key":"Poison Potion"},{"floor":21,"key":"PowerPotion"},{"floor":22,"key":"Dexterity Potion"}],"is_trial":false,"path_per_floor":["M","?","?","M","?","E","$","R","T","M","R","E","R","?","R","B",null,"M","$","?","M","M","R","E","R","T","E","R","?","R","?","R"],"character_chosen":"THE_SILENT","items_purchased":["Backflip","Bronze Scales"],"campfire_rested":1,"item_purchase_floors":[7,19],"current_hp_per_floor":[70,70,59,59,59,12,12,33,33,33,33,11,11,11,11,35,70,70,70,54,48,42,42,27,27,27,19,19,19,19,19,19,0],"gold":0,"neow_bonus":"REMOVE_TWO","is_prod":false,"is_daily":false,"chose_seed":false,"campfire_upgraded":8,"win_rate":0,"timestamp":1536488046,"path_taken":["M","?","?","M","?","E","?","R","T","M","R","E","R","?","R","BOSS","M","$","?","M","M","R","E","R","T","E","R","?","R","?","R","BOSS"],"build_version":"2018-09-06","purchased_purges":1,"victory":false,"max_hp_per_floor":[70,70,70,70,70,70,70,70,70,70,70,70,70,70,70,70,70,70,70,70,70,70,70,70,70,70,70,70,70,70,35,35,35],"card_choices":[{"not_picked":["Quick Slash","Deadly Poison"],"picked":"Terror","floor":1},{"not_picked":["Bouncing Flask","Accuracy"],"picked":"Dagger Spray","floor":4},{"not_picked":["Outmaneuver","Accuracy","Choke"],"picked":"SKIP","floor":6},{"not_picked":["Outmaneuver","Bane"],"picked":"Poisoned Stab","floor":10},{"not_picked":["PiercingWail","All Out Attack"],"picked":"Dash","floor":12},{"not_picked":["Die Die Die","Tools of the Trade"],"picked":"Corpse Explosion","floor":16},{"not_picked":["Predator","Underhanded Strike"],"picked":"Noxious Fumes","floor":18},{"not_picked":["Concentrate","Blade Dance"],"picked":"PiercingWail+1","floor":21},{"not_picked":["Quick Slash","Poisoned Stab"],"picked":"Flying Knee","floor":22},{"not_picked":["Acrobatics+1","Storm of Steel","Blade Dance"],"picked":"SKIP","floor":24},{"not_picked":["Catalyst","Dagger Throw+1"],"picked":"Bane","floor":27}],"player_experience":163842,"relics_obtained":[{"floor":6,"key":"Bag of Preparation"},{"floor":9,"key":"Kunai"},{"floor":12,"key":"Incense Burner"},{"floor":20,"key":"Nilry\u0027s Codex"},{"floor":24,"key":"Gremlin Horn"},{"floor":26,"key":"Anchor"},{"floor":27,"key":"Ancient Tea Set"}],"event_choices":[{"event_name":"The Cleric","player_choice":"Leave","floor":2,"damage_taken":0},{"event_name":"World of Goop","player_choice":"Gather Gold","floor":3,"damage_taken":0},{"event_name":"WeMeetAgain","player_choice":"Potion","floor":5,"damage_taken":0},{"event_name":"Transmorgrifier","player_choice":"Transform","floor":14,"damage_taken":0},{"event_name":"Cursed Tome","player_choice":"Obtained Book","floor":20,"damage_taken":0},{"event_name":"Masked Bandits","player_choice":"Paid Fearfully","floor":29,"damage_taken":0},{"event_name":"Ghosts","player_choice":"Became a Ghost","floor":31,"damage_taken":0}],"is_beta":false,"boss_relics":[{"not_picked":["HoveringKite","Runic Dome"],"picked":"Lizard Tail"}],"items_purged_floors":[7],"is_endless":false,"potions_floor_spawned":[1,6,16,21,22],"killed_by":"Champ","ascension_level":3}