{"gold_per_floor":[20,20,35,49,65,95,69,79,79,79,95,95,95,17,17,93,93,103,103,103,28,48,48,65,65],"floor_reached":25,"playtime":781,"items_purged":["Strike_B"],"score":510,"play_id":"f61ddedb-6df1-4ffe-b25f-dab7a81907d9","local_time":"20181216202859","is_ascension_mode":true,"campfire_choices":[{"floor":10,"key":"REST"},{"data":"Zap","floor":12,"key":"SMITH"},{"data":"Consume","floor":15,"key":"SMITH"},{"floor":23,"key":"REST"}],"neow_cost":"NO_GOLD","seed_source_timestamp":267201674841681,"circlet_count":0,"master_deck":["AscendersBane","Strike_B","Defend_B","Defend_B","Zap+1","Cold Snap","Conserve Battery","Leap","Machine Learning","Cold Snap","Consume+1","Melter","Capacitor","Electrodynamics","Go for the Eyes+1","Conserve Battery+1","Rip and Tear+1","Compile Driver","Ball Lightning","Reinforced Body"],"relics":["Cracked Core","Bottled Lightning","Calipers","Astrolabe"],"potions_floor_usage":[6,6,16],"damage_taken":[{"damage":1,"enemies":"Cultist","floor":1,"turns":3},{"damage":12,"enemies":"Small Slimes","floor":3,"turns":4},{"damage":10,"enemies":"2 Louse","floor":4,"turns":3},{"damage":6,"enemies":"Large Slime","floor":5,"turns":8},{"damage":12,"enemies":"Lagavulin","floor":6,"turns":6},{"damage":13,"enemies":"Exordium Thugs","floor":7,"turns":4},{"damage":4,"enemies":"Looter","floor":8,"turns":4},{"damage":9,"enemies":"Red Slaver","floor":11,"turns":4},{"damage":0,"enemies":"The Guardian","floor":16,"turns":13},{"damage":24,"enemies":"Shell Parasite","floor":18,"turns":5},{"damage":8,"enemies":"Chosen","floor":22,"turns":5},{"damage":13,"enemies":"Centurion and Healer","floor":24,"turns":7},{"damage":20,"enemies":"Slavers","floor":25,"turns":2}],"seed_played":"-1339093957674629232","potions_obtained":[{"floor":3,"key":"FocusPotion"},{"floor":4,"key":"FocusPotion"},{"floor":7,"key":"GamblersBrew"},{"floor":8,"key":"Poison Potion"},{"floor":22,"key":"FearPotion"}],"is_trial":false,"path_per_floor":["M","?","M","M","M","E","M","M","T","R","M","R","?","$","R","B",null,"M","?","?","$","M","R","M","E"],"character_chosen":"DEFECT","items_purchased":["Capacitor"],"campfire_rested":2,"item_purchase_floors":[14],"current_hp_per_floor":[63,63,51,41,35,23,10,6,6,27,18,18,23,23,23,23,63,39,39,17,17,9,33,20,0],"gold":65,"neow_bonus":"REMOVE_TWO","is_prod":false,"is_daily":false,"chose_seed":false,"campfire_upgraded":2,"win_rate":0,"timestamp":1544959739,"path_taken":["M","?","M","M","M","E","M","M","T","R","M","R","?","$","R","BOSS","M","?","?","$","M","R","?","E"],"build_version":"2018-12-13","purchased_purges":1,"victory":false,"max_hp_per_floor":[71,71,71,71,71,71,71,71,71,71,71,71,76,76,76,76,76,76,76,81,81,81,81,81,81],"card_choices":[{"not_picked":["Go for the Eyes","Hologram"],"picked":"Cold Snap","floor":1},{"not_picked":["Rebound","Aggregate"],"picked":"Conserve Battery","floor":3},{"not_picked":["Redo","Hologram"],"picked":"Leap","floor":4},{"not_picked":["Steam","Streamline"],"picked":"Machine Learning","floor":5},{"not_picked":["Hyperbeam","Loop"],"picked":"Cold Snap","floor":6},{"not_picked":["Beam Cell","Reprogram"],"picked":"Consume","floor":7},{"not_picked":["Gash","Static Discharge","Barrage"],"picked":"SKIP","floor":8},{"not_picked":["Tempest","Double Energy"],"picked":"Melter","floor":11},{"not_picked":["Multi-Cast","Amplify"],"picked":"Electrodynamics","floor":16},{"not_picked":["Lockon","Force Field"],"picked":"Compile Driver","floor":18},{"not_picked":["Compile Driver","Barrage"],"picked":"Ball Lightning","floor":22},{"not_picked":["Melter","Go for the Eyes"],"picked":"Reinforced Body","floor":24}],"player_experience":803411,"relics_obtained":[{"floor":6,"key":"Bottled Lightning"},{"floor":9,"key":"Calipers"}],"event_choices":[{"damage_healed":0,"gold_gain":0,"player_choice":"Ignored","damage_taken":0,"max_hp_gain":0,"max_hp_loss":0,"event_name":"Golden Idol","floor":2,"gold_loss":0},{"damage_healed":0,"gold_gain":0,"player_choice":"Donut","damage_taken":0,"max_hp_gain":5,"max_hp_loss":0,"event_name":"Big Fish","floor":13,"gold_loss":0},{"damage_healed":0,"gold_gain":0,"player_choice":"Ignored","damage_taken":0,"max_hp_gain":0,"max_hp_loss":0,"event_name":"Ghosts","floor":19,"gold_loss":0},{"damage_healed":0,"gold_gain":0,"player_choice":"Shed Blood","damage_taken":27,"max_hp_gain":5,"max_hp_loss":0,"event_name":"Forgotten Altar","floor":20,"gold_loss":0}],"is_beta":false,"boss_relics":[{"not_picked":["Runic Dome","Nuclear Battery"],"picked":"Astrolabe"}],"items_purged_floors":[21],"is_endless":false,"potions_floor_spawned":[3,4,7,8,22,24],"killed_by":"Slavers","ascension_level":20}