{"gold_per_floor":[110,127,77,87,102,136,136,171,171,196,196,226,244,18,18,117,117,117,77,90,102,201,201,101,101,126,146,146,146,172,187,187,284,284,295,310,363,378,15,15,28,47,47,47,82,182,182,182,182,182],"floor_reached":51,"playtime":2550,"items_purged":["Strike_B","Strike_B","Strike_B"],"score":890,"play_id":"58805c27-5627-480c-bd85-69a4449dfabe","local_time":"20190216210605","is_ascension_mode":true,"campfire_choices":[{"data":"Zap","floor":7.0,"key":"SMITH"},{"data":"Capacitor","floor":11.0,"key":"SMITH"},{"data":"Hologram","floor":15.0,"key":"SMITH"},{"data":"Fission","floor":23.0,"key":"SMITH"},{"data":"Ball Lightning","floor":25.0,"key":"SMITH"},{"data":"Compile Driver","floor":29.0,"key":"SMITH"},{"data":"Leap","floor":32.0,"key":"SMITH"},{"data":"Defragment","floor":40.0,"key":"SMITH"},{"data":"Echo Form","floor":44,"key":"SMITH"},{"data":"1","floor":49,"key":"LIFT"}],"neow_cost":"NONE","seed_source_timestamp":21937138396400,"circlet_count":0,"master_deck":["Defend_B","Defend_B","Defend_B","Zap+1","Dualcast","Compile Driver+1","Ball Lightning+1","BootSequence","Leap+1","White Noise","Capacitor+1","Hologram+1","Fission+1","Ball Lightning+1","Glacier","Chaos+1","Echo Form+1","Loop+1","White Noise","Defragment+1","Go for the Eyes+1","Lockon+1","Echo Form","Thinking Ahead"],"special_seed":0,"relics":["Cracked Core","Meat on the Bone","Ice Cream","Darkstone Periapt","Kunai","Symbiotic Virus","Omamori","Nuclear Battery","Anchor","Bird Faced Urn","Cursed Key","Ginger","Mercury Hourglass","Girya","Regal Pillow","Incense Burner"],"potions_floor_usage":[41,45,45,50],"damage_taken":[{"damage":7.0,"enemies":"Jaw Worm","floor":1.0,"turns":3.0},{"damage":6.0,"enemies":"Small Slimes","floor":2.0,"turns":2.0},{"damage":1.0,"enemies":"Cultist","floor":4.0,"turns":3.0},{"damage":2.0,"enemies":"3 Louse","floor":5.0,"turns":3.0},{"damage":16.0,"enemies":"Gremlin Nob","floor":6.0,"turns":4.0},{"damage":12.0,"enemies":"3 Sentries","floor":8.0,"turns":6.0},{"damage":10.0,"enemies":"Lagavulin","floor":10.0,"turns":6.0},{"damage":21.0,"enemies":"3 Sentries","floor":12.0,"turns":6.0},{"damage":4.0,"enemies":"Blue Slaver","floor":13.0,"turns":3.0},{"damage":4.0,"enemies":"The Guardian","floor":16.0,"turns":9.0},{"damage":0.0,"enemies":"3 Byrds","floor":18.0,"turns":1.0},{"damage":11.0,"enemies":"Spheric Guardian","floor":20.0,"turns":4.0},{"damage":0.0,"enemies":"Chosen and Byrds","floor":21.0,"turns":4.0},{"damage":4.0,"enemies":"Snecko","floor":27.0,"turns":3.0},{"damage":0.0,"enemies":"Book of Stabbing","floor":30.0,"turns":5.0},{"damage":0.0,"enemies":"Centurion and Healer","floor":31.0,"turns":5.0},{"damage":80.0,"enemies":"Collector","floor":33.0,"turns":12.0},{"damage":2.0,"enemies":"3 Shapes","floor":35.0,"turns":5.0},{"damage":0.0,"enemies":"Orb Walker","floor":36.0,"turns":3.0},{"damage":38.0,"enemies":"2 Orb Walkers","floor":37.0,"turns":6.0},{"damage":3.0,"enemies":"3 Darklings","floor":38.0,"turns":4.0},{"damage":30,"enemies":"Writhing Mass","floor":41,"turns":4},{"damage":1,"enemies":"Transient","floor":42,"turns":5},{"damage":15,"enemies":"Reptomancer","floor":45,"turns":6},{"damage":0,"enemies":"Mind Bloom Boss Battle","floor":46,"turns":5},{"damage":46,"enemies":"Time Eater","floor":50,"turns":7}],"seed_played":"8542920021916858076","potions_obtained":[{"floor":8.0,"key":"SmokeBomb"},{"floor":10.0,"key":"EssenceOfSteel"},{"floor":12.0,"key":"AttackPotion"},{"floor":19.0,"key":"Weak Potion"},{"floor":19.0,"key":"Fruit Juice"},{"floor":19.0,"key":"FairyPotion"},{"floor":21.0,"key":"AttackPotion"},{"floor":33.0,"key":"Weak Potion"},{"floor":36.0,"key":"Poison Potion"},{"floor":42,"key":"Explosive Potion"},{"floor":45,"key":"Fruit Juice"},{"floor":46,"key":"SkillPotion"}],"is_trial":false,"path_per_floor":["M","M","?","M","M","E","R","E","T","E","R","E","M","$","R","B",null,"M","?","M","M","?","R","$","R","T","M","?","R","E","M","R","B",null,"M","M","?","M","$","R","M","M","T","R","E","?","?","?","R","B",null],"character_chosen":"DEFECT","items_purchased":["Omamori","Mercury Hourglass"],"campfire_rested":0,"item_purchase_floors":[14,39],"current_hp_per_floor":[68,62,62,61,59,43,43,43,43,45,45,36,44,44,44,40,75,75,80,69,69,69,69,69,69,69,65,80,80,80,80,80,20,80,80,80,52,61,61,61,49,64,64,64,70,82,82,82,82,57],"gold":182,"neow_bonus":"THREE_CARDS","is_prod":false,"is_daily":false,"chose_seed":false,"campfire_upgraded":9,"win_rate":0,"timestamp":1550343965,"path_taken":["M","M","?","M","M","E","R","E","T","E","R","E","M","$","R","BOSS","M","?","?","M","?","R","$","R","T","M","?","R","E","M","R","BOSS","M","M","?","M","$","R","M","M","T","R","E","?","?","?","R","BOSS"],"build_version":"2019-01-23","purchased_purges":3,"victory":true,"max_hp_per_floor":[75,75,75,75,75,75,75,75,75,75,75,75,75,75,75,75,75,75,80,80,80,80,80,80,80,80,80,80,80,80,80,80,80,80,80,80,80,80,80,80,80,80,80,80,85,85,85,85,85,85],"card_choices":[{"not_picked":["FTL","Storm"],"picked":"Compile Driver","floor":0.0},{"not_picked":["Turbo","Go for the Eyes"],"picked":"Ball Lightning","floor":1.0},{"not_picked":["Go for the Eyes","Beam Cell","Streamline"],"picked":"SKIP","floor":2.0},{"not_picked":["Cold Snap","Leap"],"picked":"BootSequence","floor":4.0},{"not_picked":["Streamline","Rebound"],"picked":"Leap","floor":5.0},{"not_picked":["Hello World","Fusion","Rebound"],"picked":"SKIP","floor":6.0},{"not_picked":["Reprogram","Cold Snap"],"picked":"White Noise","floor":8.0},{"not_picked":["Hologram","FTL"],"picked":"Capacitor","floor":10.0},{"not_picked":["Aggregate","Turbo"],"picked":"Hologram","floor":12.0},{"not_picked":["Stack","Hologram","Beam Cell"],"picked":"SKIP","floor":13.0},{"not_picked":["Thunder Strike","Amplify"],"picked":"Fission","floor":16.0},{"not_picked":["Gash","Leap"],"picked":"Ball Lightning+1","floor":20.0},{"not_picked":["BootSequence","Streamline+1","Sunder"],"picked":"SKIP","floor":21.0},{"not_picked":["Chaos","Redo"],"picked":"Glacier","floor":27.0},{"not_picked":["Stack","Meteor Strike","Lockon"],"picked":"SKIP","floor":30.0},{"not_picked":["Barrage","Steam+1"],"picked":"Chaos+1","floor":31.0},{"not_picked":["Reboot","Buffer"],"picked":"Echo Form","floor":33.0},{"not_picked":["Beam Cell","Cold Snap+1"],"picked":"Loop+1","floor":35.0},{"not_picked":["Go for the Eyes+1","Turbo+1"],"picked":"White Noise","floor":36.0},{"not_picked":["Skim+1","Reinforced Body+1"],"picked":"Defragment","floor":37.0},{"not_picked":["Barrage","Ball Lightning+1","Steam+1"],"picked":"SKIP","floor":38.0},{"not_picked":["Barrage","Lockon"],"picked":"Go for the Eyes+1","floor":41},{"not_picked":["Redo","Sweeping Beam","Leap+1"],"picked":"SKIP","floor":42},{"not_picked":["Reinforced Body","Aggregate+1"],"picked":"Lockon+1","floor":45},{"not_picked":["White Noise","Stack"],"picked":"Echo Form","floor":46},{"not_picked":["Impatience","The Bomb"],"picked":"Thinking Ahead","floor":47}],"player_experience":778283,"relics_obtained":[{"floor":6.0,"key":"Meat on the Bone"},{"floor":8.0,"key":"Ice Cream"},{"floor":9.0,"key":"Darkstone Periapt"},{"floor":10.0,"key":"Kunai"},{"floor":12.0,"key":"Symbiotic Virus"},{"floor":26.0,"key":"Anchor"},{"floor":30.0,"key":"Bird Faced Urn"},{"floor":37.0,"key":"Ginger"},{"floor":43,"key":"Girya"},{"floor":45,"key":"Regal Pillow"},{"floor":46,"key":"Incense Burner"}],"event_choices":[{"cards_removed":["Strike_B"],"damage_healed":0.0,"max_hp_gain":0.0,"max_hp_loss":0.0,"gold_gain":0.0,"event_name":"The Cleric","player_choice":"Card Removal","floor":3.0,"gold_loss":50.0,"damage_taken":0.0},{"damage_healed":0.0,"max_hp_gain":0.0,"max_hp_loss":0.0,"gold_gain":0.0,"event_name":"The Woman in Blue","player_choice":"Bought 3 Potions","floor":19.0,"gold_loss":0.0,"damage_taken":0.0},{"damage_healed":0.0,"max_hp_gain":0.0,"max_hp_loss":0.0,"gold_gain":99.0,"event_name":"Nest","player_choice":"Stole From Cult","floor":22.0,"gold_loss":0.0,"damage_taken":0.0},{"damage_healed":26.0,"max_hp_gain":0.0,"max_hp_loss":0.0,"gold_gain":0.0,"event_name":"The Library","player_choice":"Heal","floor":28.0,"gold_loss":0.0,"damage_taken":0.0},{"damage_healed":0.0,"max_hp_gain":0.0,"max_hp_loss":0.0,"gold_gain":0.0,"event_name":"Mysterious Sphere","player_choice":"Fight","floor":37.0,"gold_loss":0.0,"damage_taken":0.0},{"damage_healed":0,"gold_gain":0,"player_choice":"Fight","damage_taken":0,"max_hp_gain":0,"max_hp_loss":0,"event_name":"MindBloom","floor":46,"gold_loss":0},{"damage_healed":0,"gold_gain":0,"player_choice":"Memory 1","damage_taken":0,"max_hp_gain":0,"max_hp_loss":0,"event_name":"SensoryStone","floor":47,"gold_loss":0},{"cards_removed":["Defend_B"],"damage_healed":0,"gold_gain":0,"player_choice":"Purged","damage_taken":0,"max_hp_gain":0,"max_hp_loss":0,"event_name":"Purifier","floor":48,"gold_loss":0}],"is_beta":false,"boss_relics":[{"not_picked":["Eternal Feather","Busted Crown"],"picked":"Nuclear Battery"},{"not_picked":["Fusion Hammer","Snecko Eye"],"picked":"Cursed Key"}],"items_purged_floors":[14,24,39],"is_endless":false,"potions_floor_spawned":[8,10,12,13,18,21,33,36,42,45,46],"ascension_level":4}