{"gold_per_floor":[109,125,56,231,231,231,231,256,256,275,275,45,45,58,58,159,159,173,184,208,219,229,229],"floor_reached":23,"playtime":779,"items_purged":["Strike_G"],"score":241,"play_id":"abaeecc0-61b9-4b9a-9b0b-3cc05194ce80","local_time":"20181209163040","is_ascension_mode":false,"campfire_choices":[{"data":"Footwork","floor":7,"key":"SMITH"},{"floor":11,"key":"RECALL"},{"data":"Bane","floor":13,"key":"SMITH"},{"data":"Deadly Poison","floor":15,"key":"SMITH"}],"neow_cost":"PERCENT_DAMAGE","seed_source_timestamp":213137725455372,"circlet_count":0,"master_deck":["Defend_G","Defend_G","Defend_G","Defend_G","Defend_G","Strike_G","Strike_G","Strike_G","Strike_G","Survivor","Neutralize","Deadly Poison+1","Footwork+1","Footwork+1","Bane+1","Burst","Acrobatics","Malaise","Doubt","Dagger Throw+1","Catalyst+1"],"relics":["Ring of the Snake","Omamori","Ancient Tea Set","Calling Bell","Art of War","Ornamental Fan","Turnip","Lantern"],"potions_floor_usage":[18,22,23],"damage_taken":[{"damage":0,"enemies":"Jaw Worm","floor":1,"turns":6},{"damage":0,"enemies":"Small Slimes","floor":2,"turns":3},{"damage":15,"enemies":"Lagavulin","floor":8,"turns":11},{"damage":4,"enemies":"Cultist","floor":10,"turns":3},{"damage":0,"enemies":"Exordium Wildlife","floor":14,"turns":4},{"damage":0,"enemies":"The Guardian","floor":16,"turns":9},{"damage":9,"enemies":"3 Byrds","floor":18,"turns":7},{"damage":4,"enemies":"Chosen","floor":19,"turns":8},{"damage":27,"enemies":"Snecko","floor":21,"turns":7},{"damage":14,"enemies":"Centurion and Healer","floor":22,"turns":12},{"damage":26,"enemies":"Slavers","floor":23,"turns":3}],"seed_played":"-1374837258049056942","potions_obtained":[{"floor":8,"key":"Ancient Potion"},{"floor":10,"key":"Fire Potion"},{"floor":14,"key":"AttackPotion"},{"floor":16,"key":"SkillPotion"},{"floor":19,"key":"Ancient Potion"}],"is_trial":false,"path_per_floor":["M","M","$","?","?","?","R","E","T","M","R","$","R","M","R","B",null,"M","M","T","M","M","E"],"character_chosen":"THE_SILENT","items_purchased":["Footwork","Ancient Tea Set"],"campfire_rested":0,"item_purchase_floors":[3,12],"current_hp_per_floor":[63,63,63,63,56,56,56,41,41,37,37,37,37,37,37,37,84,75,71,71,44,30,4],"gold":229,"neow_bonus":"TWENTY_PERCENT_HP_BONUS","is_prod":false,"is_daily":false,"chose_seed":false,"campfire_upgraded":3,"win_rate":0,"timestamp":1544340640,"path_taken":["M","M","$","?","?","?","R","E","T","?","R","$","R","M","R","BOSS","M","M","?","M","M","E"],"build_version":"2018-12-06","purchased_purges":1,"victory":false,"max_hp_per_floor":[84,84,84,84,84,84,84,84,84,84,84,84,84,84,84,84,84,84,84,84,84,84,84],"card_choices":[{"not_picked":["Flying Knee","Poisoned Stab"],"picked":"Deadly Poison","floor":1},{"not_picked":["Acrobatics","Deflect"],"picked":"Footwork","floor":2},{"not_picked":["Slice","Outmaneuver"],"picked":"Bane","floor":8},{"not_picked":["Finisher","Well Laid Plans"],"picked":"Burst","floor":10},{"not_picked":["Quick Slash","Prepared"],"picked":"Acrobatics","floor":14},{"not_picked":["Grand Finale","Bullet Time"],"picked":"Malaise","floor":16},{"not_picked":["PiercingWail","Heel Hook","Dagger Throw"],"picked":"SKIP","floor":18},{"not_picked":["Dagger Spray","Infinite Blades+1","Quick Slash"],"picked":"SKIP","floor":19},{"not_picked":["Flechettes","Dagger Spray"],"picked":"Dagger Throw+1","floor":21},{"not_picked":["PiercingWail","Backflip"],"picked":"Catalyst+1","floor":22}],"player_experience":770587,"relics_obtained":[{"floor":8,"key":"Omamori"},{"floor":17,"key":"Art of War"},{"floor":17,"key":"Ornamental Fan"},{"floor":17,"key":"Turnip"},{"floor":20,"key":"Lantern"}],"event_choices":[{"damage_healed":0,"gold_gain":175,"player_choice":"AGREE","damage_taken":0,"max_hp_gain":0,"max_hp_loss":0,"event_name":"Liars Game","floor":4,"gold_loss":0,"cards_obtained":["Doubt"]},{"cards_removed":["Doubt"],"damage_healed":0,"gold_gain":0,"player_choice":"Card Removal","damage_taken":7,"max_hp_gain":0,"max_hp_loss":0,"event_name":"Golden Wing","floor":5,"gold_loss":0},{"damage_healed":0,"gold_gain":0,"player_choice":"Grow","damage_taken":0,"max_hp_gain":0,"max_hp_loss":0,"event_name":"Living Wall","floor":6,"gold_loss":0,"cards_upgraded":["Footwork"]}],"is_beta":false,"boss_relics":[{"not_picked":["Ring of the Serpent","WristBlade"],"picked":"Calling Bell"}],"items_purged_floors":[12],"is_endless":false,"potions_floor_spawned":[8,10,14,16,19],"killed_by":"Slavers","ascension_level":0}