{"gold_per_floor":[119,69,144,16,33,33,68,81,127,158,170,182,211,223],"floor_reached":14,"playtime":448,"items_purged":["Strike_G"],"score":113,"play_id":"5b7614aa-4d2d-43f5-840f-c6e4748cd071","local_time":"20181102161437","is_ascension_mode":true,"campfire_choices":[{"data":"Envenom","floor":6,"key":"SMITH"},{"floor":12,"key":"REST"}],"neow_cost":"CURSE","seed_source_timestamp":460451514000359,"circlet_count":0,"master_deck":["Defend_G","Defend_G+1","Defend_G+1","Defend_G","Defend_G","Strike_G","Strike_G","Strike_G","Strike_G","Survivor","Neutralize","Envenom+1","Riddle With Holes","Poisoned Stab","Skewer","Crippling Poison","Venomology"],"relics":["Ring of the Snake","War Paint","MawBank","Vajra"],"potions_floor_usage":[],"damage_taken":[{"damage":0,"enemies":"2 Louse","floor":1,"turns":3},{"damage":10,"enemies":"Small Slimes","floor":5,"turns":4},{"damage":22,"enemies":"Lagavulin","floor":7,"turns":6},{"damage":0,"enemies":"Cultist","floor":8,"turns":3},{"damage":11,"enemies":"3 Louse","floor":10,"turns":3},{"damage":30,"enemies":"Lots of Slimes","floor":13,"turns":4},{"damage":4,"enemies":"Exordium Thugs","floor":14,"turns":1}],"seed_played":"3394133404758871373","potions_obtained":[{"floor":5,"key":"SteroidPotion"}],"is_trial":false,"path_per_floor":["M","?","?","$","M","R","E","M","T","M","?","R","M","M"],"character_chosen":"THE_SILENT","items_purchased":["Poisoned Stab"],"campfire_rested":1,"item_purchase_floors":[4],"current_hp_per_floor":[70,70,59,59,49,49,27,27,27,16,13,34,4,0],"gold":223,"neow_bonus":"THREE_RARE_CARDS","is_prod":false,"is_daily":false,"chose_seed":false,"campfire_upgraded":1,"win_rate":0,"timestamp":1541137477,"path_taken":["M","?","?","$","M","R","E","M","T","M","?","R","M","M"],"build_version":"2018-11-01","purchased_purges":1,"victory":false,"max_hp_per_floor":[70,70,70,70,70,70,70,70,70,70,70,70,70,70],"card_choices":[{"not_picked":["Glass Knife","Doppelganger"],"picked":"Envenom","floor":0},{"not_picked":["Expertise","Eviscerate"],"picked":"Riddle With Holes","floor":1},{"not_picked":["Underhanded Strike","Prepared","Sucker Punch"],"picked":"SKIP","floor":5},{"not_picked":["Blade Dance","Poisoned Stab"],"picked":"Skewer","floor":7},{"not_picked":["Flying Knee","Outmaneuver"],"picked":"Crippling Poison","floor":8},{"not_picked":["Finisher","Endless Agony","Sucker Punch"],"picked":"SKIP","floor":10},{"not_picked":["Predator","Outmaneuver"],"picked":"Venomology","floor":13}],"player_experience":365603,"relics_obtained":[{"floor":7,"key":"War Paint"},{"floor":9,"key":"MawBank"}],"event_choices":[{"cards_removed":["Regret"],"damage_healed":0,"gold_gain":0,"player_choice":"Card Removal","damage_taken":0,"max_hp_gain":0,"max_hp_loss":0,"event_name":"The Cleric","floor":2,"gold_loss":50},{"damage_healed":0,"gold_gain":75,"player_choice":"Gather Gold","damage_taken":11,"max_hp_gain":0,"max_hp_loss":0,"event_name":"World of Goop","floor":3,"gold_loss":0},{"damage_healed":0,"gold_gain":0,"player_choice":"Success","damage_taken":3,"relics_obtained":["Vajra"],"max_hp_gain":0,"max_hp_loss":0,"event_name":"Scrap Ooze","floor":11,"gold_loss":0}],"is_beta":false,"boss_relics":[],"items_purged_floors":[4],"is_endless":false,"potions_floor_spawned":[5],"killed_by":"Exordium Thugs","ascension_level":5}