{"gold_per_floor":[110,126,143,93,93,93,104,104,185,200,200,200,219,253,253,253],"floor_reached":16,"playtime":537,"items_purged":[],"score":117,"play_id":"43d21072-971f-48e8-a0ea-f9daf8c1db20","local_time":"20180916193304","is_ascension_mode":true,"campfire_choices":[{"data":"Echo Form","floor":6,"key":"SMITH"},{"data":"Zap","floor":8,"key":"SMITH"},{"data":"Rip and Tear","floor":11,"key":"SMITH"},{"data":"Reinforced Body","floor":15,"key":"SMITH"}],"neow_cost":"TEN_PERCENT_HP_LOSS","seed_source_timestamp":265253758729959,"circlet_count":0,"master_deck":["Strike_B","Strike_B","Strike_B","Defend_B","Defend_B","Defend_B","Defend_B","Zap+1","Dualcast","Echo Form+1","Rip and Tear+1","Coolheaded","Ball Lightning","Conserve Battery","Rip and Tear","Regret","Reinforced Body+1"],"special_seed":0,"relics":["Cracked Core","Symbiotic Virus","Lantern","Pen Nib"],"potions_floor_usage":[14,14],"damage_taken":[{"damage":6,"enemies":"Cultist","floor":1,"turns":5},{"damage":6,"enemies":"2 Louse","floor":2,"turns":3},{"damage":6,"enemies":"Small Slimes","floor":3,"turns":4},{"damage":6,"enemies":"Looter","floor":7,"turns":2},{"damage":0,"enemies":"2 Fungi Beasts","floor":10,"turns":2},{"damage":11,"enemies":"Exordium Thugs","floor":13,"turns":4},{"damage":3,"enemies":"Lagavulin","floor":14,"turns":4},{"damage":33,"enemies":"Hexaghost","floor":16,"turns":4}],"seed_played":"-2916712507519692370","potions_obtained":[{"floor":1,"key":"FearPotion"},{"floor":7,"key":"Strength Potion"}],"is_trial":false,"path_per_floor":["M","M","M","?","?","R","M","R","T","M","R","?","M","E","R"],"character_chosen":"DEFECT","items_purchased":[],"campfire_rested":0,"item_purchase_floors":[],"current_hp_per_floor":[62,56,50,50,50,50,44,44,44,44,44,44,33,30,30,0],"gold":253,"neow_bonus":"THREE_RARE_CARDS","is_prod":false,"is_daily":false,"chose_seed":false,"campfire_upgraded":4,"win_rate":0,"timestamp":1537092184,"path_taken":["M","?","?","?","?","R","M","R","T","M","R","?","M","E","R","BOSS"],"build_version":"2018-09-06","purchased_purges":0,"victory":false,"max_hp_per_floor":[68,68,68,68,68,68,68,68,68,68,68,68,68,68,68,68],"card_choices":[{"not_picked":["Hyperbeam","Buffer"],"picked":"Echo Form","floor":0},{"not_picked":["Reinforced Body","Go for the Eyes"],"picked":"Rip and Tear","floor":1},{"not_picked":["Hologram","Turbo"],"picked":"Coolheaded","floor":2},{"not_picked":["Steam","Go for the Eyes"],"picked":"Ball Lightning","floor":3},{"not_picked":["Sweeping Beam","Coolheaded"],"picked":"Conserve Battery","floor":7},{"not_picked":["Beam Cell","Darkness"],"picked":"Rip and Tear","floor":10},{"not_picked":["Aggregate","Go for the Eyes","Steam"],"picked":"SKIP","floor":13},{"not_picked":["Compile Driver","Steam"],"picked":"Reinforced Body","floor":14}],"player_experience":182790,"relics_obtained":[{"floor":9,"key":"Symbiotic Virus"},{"floor":14,"key":"Pen Nib"}],"event_choices":[{"event_name":"The Cleric","player_choice":"Card Removal","floor":4,"damage_taken":0},{"event_name":"Liars Game","player_choice":"disagreed","floor":5,"damage_taken":0},{"event_name":"Big Fish","player_choice":"Box","floor":12,"damage_taken":0}],"is_beta":false,"boss_relics":[],"items_purged_floors":[],"is_endless":false,"potions_floor_spawned":[1,7],"killed_by":"Hexaghost","ascension_level":3}