{"gold_per_floor":[214,277,287,287,57,90,90,115,115,23,41,62,81,81],"floor_reached":14,"playtime":552,"items_purged":["Injury"],"score":92,"play_id":"1299dde8-0346-4b7d-97e1-28ce94078b62","local_time":"20190120101432","is_ascension_mode":false,"campfire_choices":[{"data":"Footwork","floor":7,"key":"SMITH"}],"neow_cost":"NONE","seed_source_timestamp":99246073256838,"circlet_count":0,"master_deck":["Defend_G","Defend_G","Defend_G","Defend_G","Defend_G","Strike_G","Strike_G","Strike_G","Strike_G","Strike_G","Survivor","Neutralize","All Out Attack","Quick Slash","Footwork+1","Skewer","Dagger Throw","Terror","Footwork"],"relics":["Ring of the Snake","Golden Idol","Ancient Tea Set","Torii","The Courier"],"potions_floor_usage":[13],"damage_taken":[{"damage":4,"enemies":"Small Slimes","floor":1,"turns":7},{"damage":0,"enemies":"Jaw Worm","floor":3,"turns":4},{"damage":45,"enemies":"Lagavulin","floor":6,"turns":12},{"damage":0,"enemies":"2 Louse","floor":8,"turns":2},{"damage":10,"enemies":"Looter","floor":11,"turns":3},{"damage":6,"enemies":"3 Louse","floor":12,"turns":2},{"damage":1,"enemies":"Blue Slaver","floor":13,"turns":4},{"damage":0,"enemies":"Exordium Thugs","floor":14,"turns":1}],"seed_played":"-1884431525413548247","potions_obtained":[{"floor":12,"key":"AttackPotion"},{"floor":13,"key":"Weak Potion"}],"is_trial":false,"path_per_floor":["M","?","M","?","$","E","R","M","T","$","M","M","M","M"],"character_chosen":"THE_SILENT","items_purchased":["Footwork","Ancient Tea Set","Terror"],"campfire_rested":0,"item_purchase_floors":[5,5,10],"current_hp_per_floor":[66,66,66,66,66,21,21,21,21,21,11,5,4,4],"gold":81,"neow_bonus":"HUNDRED_GOLD","is_prod":false,"is_daily":false,"chose_seed":false,"campfire_upgraded":1,"win_rate":0,"timestamp":1547941472,"path_taken":["M","?","M","?","$","E","R","M","T","$","M","M","M","M"],"build_version":"2019-01-17v2","purchased_purges":1,"victory":false,"max_hp_per_floor":[70,70,70,70,70,70,70,70,70,70,70,70,70,70],"card_choices":[{"not_picked":["Dagger Throw","Deadly Poison"],"picked":"All Out Attack","floor":1},{"not_picked":["Well Laid Plans","Masterful Stab"],"picked":"Quick Slash","floor":3},{"not_picked":["Doppelganger","Bane"],"picked":"Skewer","floor":6},{"not_picked":["Slice","Poisoned Stab"],"picked":"Dagger Throw","floor":8},{"not_picked":["Bane","Quick Slash","Acrobatics"],"picked":"SKIP","floor":11},{"not_picked":["Endless Agony","Flying Knee"],"picked":"Footwork","floor":12},{"not_picked":["Dodge and Roll","Blade Dance","Catalyst"],"picked":"SKIP","floor":13}],"player_experience":437609,"relics_obtained":[{"floor":6,"key":"Torii"},{"floor":9,"key":"The Courier"}],"event_choices":[{"damage_healed":0,"gold_gain":63,"player_choice":"Gained Gold","damage_taken":0,"max_hp_gain":0,"max_hp_loss":0,"event_name":"Golden Wing","floor":2,"gold_loss":0},{"damage_healed":0,"gold_gain":0,"player_choice":"Take Wound","damage_taken":0,"relics_obtained":["Golden Idol"],"max_hp_gain":0,"max_hp_loss":0,"event_name":"Golden Idol","floor":4,"gold_loss":0,"cards_obtained":["Injury"]}],"is_beta":false,"boss_relics":[],"items_purged_floors":[10],"is_endless":false,"potions_floor_spawned":[12,13],"killed_by":"Exordium Thugs","ascension_level":0}