{"gold_per_floor":[115,40,57,84,84,84,113,113,139,139,173,186,204,268,268,343,343,355,355,373,403,414,449,449,449,449,122,122,133,8,20,20,99,149,165,165,55,74,174,206,206,206],"floor_reached":42,"playtime":1233,"items_purged":["Defend_G","Defend_G","Defend_G"],"score":955,"play_id":"4f74649e-8f2f-45b6-a5a9-4670971ecd67","local_time":"20190107041835","is_ascension_mode":true,"campfire_choices":[{"data":"Neutralize","floor":6.0,"key":"SMITH"},{"data":"All Out Attack","floor":8.0,"key":"SMITH"},{"data":"Poisoned Stab","floor":10.0,"key":"SMITH"},{"data":"Noxious Fumes","floor":15.0,"key":"SMITH"},{"data":"Bouncing Flask","floor":25.0,"key":"SMITH"},{"floor":28.0,"key":"REST"},{"data":"Catalyst","floor":32.0,"key":"SMITH"},{"floor":41,"key":"REST"}],"neow_cost":"NONE","seed_source_timestamp":1256638304239692,"circlet_count":0,"master_deck":["AscendersBane","Defend_G+1","Survivor","Neutralize+1","Acrobatics+1","Poisoned Stab+1","Deflect","All Out Attack+1","Bouncing Flask+1","Dagger Throw+1","Noxious Fumes+1","Glass Knife","Bite","Bite","Bite","Bite","Cloak And Dagger+1","Backflip","Poisoned Stab+1","Calculated Gamble","Blur+1","Catalyst+1","Die Die Die","Dash","Terror","Caltrops","Envenom"],"special_seed":0,"relics":["Ring of the Snake","NeowsBlessing","Happy Flower","Bag of Preparation","Bronze Scales","Velvet Choker","Red Mask","Ancient Tea Set","War Paint","TwistedFunnel","Tiny House","FossilizedHelix","Anchor"],"potions_floor_usage":[40,42],"damage_taken":[{"damage":0.0,"enemies":"Cultist","floor":1.0,"turns":1.0},{"damage":0.0,"enemies":"Jaw Worm","floor":3.0,"turns":1.0},{"damage":0.0,"enemies":"Gremlin Nob","floor":7.0,"turns":1.0},{"damage":19.0,"enemies":"Lagavulin","floor":11.0,"turns":7.0},{"damage":0.0,"enemies":"Small Slimes","floor":12.0,"turns":2.0},{"damage":3.0,"enemies":"2 Fungi Beasts","floor":13.0,"turns":2.0},{"damage":12.0,"enemies":"Hexaghost","floor":16.0,"turns":7.0},{"damage":16.0,"enemies":"2 Thieves","floor":18.0,"turns":3.0},{"damage":6.0,"enemies":"3 Byrds","floor":20.0,"turns":2.0},{"damage":11.0,"enemies":"Masked Bandits","floor":21.0,"turns":4.0},{"damage":13.0,"enemies":"Snake Plant","floor":22.0,"turns":4.0},{"damage":30.0,"enemies":"Book of Stabbing","floor":23.0,"turns":4.0},{"damage":0.0,"enemies":"Snecko","floor":29.0,"turns":3.0},{"damage":3.0,"enemies":"Centurion and Healer","floor":31.0,"turns":5.0},{"damage":60,"enemies":"Automaton","floor":33,"turns":7},{"damage":12,"enemies":"Orb Walker","floor":35,"turns":3},{"damage":27,"enemies":"3 Darklings","floor":38,"turns":3},{"damage":12,"enemies":"Mind Bloom Boss Battle","floor":39,"turns":4},{"damage":18,"enemies":"Giant Head","floor":40,"turns":6},{"damage":50,"enemies":"Reptomancer","floor":42,"turns":4}],"seed_played":"518311662684793091","potions_obtained":[{"floor":3.0,"key":"Dexterity Potion"},{"floor":7.0,"key":"EssenceOfSteel"},{"floor":11.0,"key":"LiquidBronze"},{"floor":13.0,"key":"Poison Potion"},{"floor":18.0,"key":"Block Potion"},{"floor":20.0,"key":"Strength Potion"},{"floor":23.0,"key":"SneckoOil"},{"floor":31.0,"key":"SpeedPotion"},{"floor":34,"key":"EssenceOfSteel"},{"floor":38,"key":"GhostInAJar"}],"is_trial":false,"path_per_floor":["M","$","M","T","?","R","E","R","T","R","E","M","M","?","R","B",null,"M","?","M","?","M","E","?","R","T","$","R","M","$","M","R","B",null,"M","?","?","M","?","E","R","E"],"character_chosen":"THE_SILENT","items_purchased":["TwistedFunnel"],"campfire_rested":2,"item_purchase_floors":[27],"current_hp_per_floor":[59,59,59,59,59,59,59,59,59,59,40,42,41,41,41,31,57,43,43,43,44,39,11,11,11,11,11,30,40,40,49,49,11,57,51,51,51,28,20,14,35,0],"gold":206,"neow_bonus":"THREE_ENEMY_KILL","is_prod":false,"is_daily":false,"chose_seed":false,"campfire_upgraded":6,"win_rate":0,"timestamp":1546802315,"path_taken":["M","$","M","?","?","R","E","R","T","R","E","M","?","?","R","BOSS","M","?","M","?","M","E","?","R","T","?","R","M","$","M","R","BOSS","M","?","?","?","?","E","R","E"],"build_version":"2019-01-03v4","purchased_purges":3,"victory":false,"max_hp_per_floor":[66,66,66,66,66,66,66,66,66,66,66,66,66,66,66,66,66,66,66,66,66,66,66,66,66,66,66,66,66,66,66,66,66,71,71,71,71,71,71,71,71,71],"card_choices":[{"not_picked":["Setup","Prepared"],"picked":"Acrobatics","floor":1.0},{"not_picked":["Dodge and Roll","Backflip"],"picked":"Poisoned Stab","floor":3.0},{"not_picked":["Heel Hook","Tactician"],"picked":"All Out Attack","floor":7.0},{"not_picked":["Outmaneuver","Deadly Poison"],"picked":"Bouncing Flask","floor":11.0},{"not_picked":["Concentrate","Quick Slash"],"picked":"Dagger Throw","floor":12.0},{"not_picked":["Eviscerate","Bane"],"picked":"Noxious Fumes","floor":13.0},{"not_picked":["Storm of Steel","A Thousand Cuts"],"picked":"Glass Knife","floor":16.0},{"not_picked":["Sucker Punch","Distraction","Acrobatics"],"picked":"SKIP","floor":18.0},{"not_picked":["Dagger Spray","Prepared"],"picked":"Cloak And Dagger+1","floor":20.0},{"not_picked":["Wraith Form v2","Cloak And Dagger"],"picked":"Backflip","floor":21.0},{"not_picked":["Backflip","Quick Slash"],"picked":"Poisoned Stab","floor":22.0},{"not_picked":["Outmaneuver","Prepared"],"picked":"Calculated Gamble","floor":23.0},{"not_picked":["Cloak And Dagger","Sucker Punch"],"picked":"Blur+1","floor":29.0},{"not_picked":["PiercingWail","Dodge and Roll"],"picked":"Catalyst","floor":31.0},{"not_picked":["Storm of Steel","Phantasmal Killer"],"picked":"Die Die Die","floor":33},{"not_picked":["Deflect","Finisher"],"picked":"Dash","floor":34},{"not_picked":["Cloak And Dagger","Slice+1"],"picked":"Terror","floor":35},{"not_picked":["Prepared","Endless Agony+1"],"picked":"Caltrops","floor":38},{"not_picked":["Bullet Time","Quick Slash"],"picked":"Envenom","floor":40}],"player_experience":839091,"relics_obtained":[{"floor":4.0,"key":"Happy Flower"},{"floor":7.0,"key":"Bag of Preparation"},{"floor":9.0,"key":"Bronze Scales"},{"floor":11.0,"key":"Blood Vial"},{"floor":21.0,"key":"Red Mask"},{"floor":23.0,"key":"Ancient Tea Set"},{"floor":26.0,"key":"War Paint"},{"floor":39,"key":"FossilizedHelix"},{"floor":40,"key":"Anchor"}],"event_choices":[{"damage_healed":0.0,"max_hp_gain":0.0,"max_hp_loss":0.0,"gold_gain":0.0,"cards_transformed":["Strike_G"],"event_name":"Transmorgrifier","player_choice":"Transformed","floor":5.0,"gold_loss":0.0,"damage_taken":0.0,"cards_obtained":["Deflect"]},{"damage_healed":0.0,"max_hp_gain":0.0,"max_hp_loss":0.0,"gold_gain":64.0,"event_name":"Golden Wing","player_choice":"Gained Gold","floor":14.0,"gold_loss":0.0,"damage_taken":0.0},{"damage_healed":0.0,"max_hp_gain":0.0,"max_hp_loss":0.0,"gold_gain":0.0,"event_name":"Vampires","player_choice":"Became a vampire (Vial)","floor":19.0,"relics_lost":["Blood Vial"],"gold_loss":0.0,"damage_taken":0.0,"cards_obtained":["Bite","Bite","Bite","Bite","Bite"]},{"damage_healed":0.0,"max_hp_gain":0.0,"max_hp_loss":0.0,"gold_gain":0.0,"event_name":"Masked Bandits","player_choice":"Fought Bandits","floor":21.0,"gold_loss":0.0,"damage_taken":0.0},{"damage_healed":0.0,"max_hp_gain":0.0,"max_hp_loss":0.0,"gold_gain":0.0,"event_name":"Ghosts","player_choice":"Ignored","floor":24.0,"gold_loss":0.0,"damage_taken":0.0},{"cards_removed":["Defend_G"],"damage_healed":0,"gold_gain":0,"player_choice":"Removed Skill","damage_taken":0,"max_hp_gain":0,"max_hp_loss":0,"event_name":"Falling","floor":36,"gold_loss":0},{"cards_removed":["Bite"],"damage_healed":0,"gold_gain":0,"player_choice":"Upgrade and Remove","damage_taken":0,"max_hp_gain":0,"max_hp_loss":0,"event_name":"Designer","floor":37,"gold_loss":110,"cards_upgraded":["Poisoned Stab"]},{"damage_healed":0,"gold_gain":0,"player_choice":"Fight","damage_taken":0,"max_hp_gain":0,"max_hp_loss":0,"event_name":"MindBloom","floor":39,"gold_loss":0}],"is_beta":false,"boss_relics":[{"not_picked":["White Beast Statue","Lizard Tail"],"picked":"Velvet Choker"},{"not_picked":["Ring of the Serpent","Runic Dome"],"picked":"Tiny House"}],"items_purged_floors":[2,27,30],"is_endless":false,"potions_floor_spawned":[3,7,11,13,18,20,23,31,38],"killed_by":"Reptomancer","ascension_level":19}