{"gold_per_floor":[109,119,119,135,155,189,189,216,216,39,65,125,125,125,125,230,230,244,159,187,187,33,33,45,57,57,75,94,94,120,20,20,125,125,142,155,171,171,189,224,224,324,349,368,368,385,607,635,635,635,635,635,40,65,65],"floor_reached":55,"playtime":4284,"items_purged":["Strike_R","Strike_R","Strike_R"],"score":969,"play_id":"7dadce47-3e65-4856-9f53-0be3f4ed2d25","local_time":"20190205090246","is_ascension_mode":true,"campfire_choices":[{"data":"Uppercut","floor":7.0,"key":"SMITH"},{"data":"Pommel Strike","floor":13.0,"key":"SMITH"},{"floor":15.0,"key":"REST"},{"data":"Demon Form","floor":23.0,"key":"SMITH"},{"data":"Flame Barrier","floor":29.0,"key":"SMITH"},{"data":"Bash","floor":32.0,"key":"SMITH"},{"data":"Corruption","floor":41.0,"key":"SMITH"},{"floor":45.0,"key":"RECALL"},{"data":"Metallicize","floor":49.0,"key":"SMITH"},{"data":"Shrug It Off","floor":52,"key":"SMITH"}],"neow_cost":"NONE","seed_source_timestamp":1116754053007470,"circlet_count":0,"master_deck":["Strike_R+1","Strike_R+1","Defend_R","Defend_R","Defend_R","Defend_R","Bash+1","Headbutt","Uppercut+1","Metallicize+1","Flame Barrier+1","Pommel Strike+1","Pummel+1","Whirlwind+1","Sword Boomerang+1","Iron Wave+1","Twin Strike+1","Demon Form+1","Clothesline+1","True Grit+1","Uppercut+1","Reaper+1","Shrug It Off+1","Disarm+1","True Grit+1","Corruption+1","True Grit+1","Iron Wave+1","Shrug It Off+1","Rage+1","Seeing Red+1","Dramatic Entrance+1","Shrug It Off","Twin Strike+1","Metallicize"],"special_seed":0,"relics":["Burning Blood","Regal Pillow","Molten Egg 2","Meat on the Bone","Whetstone","Thread and Needle","Mark of Pain","Strawberry","Red Mask","MutagenicStrength","Bronze Scales","Mango","Lantern","Eternal Feather","Pocketwatch","Du-Vu Doll","Gremlin Horn","Pantograph","Calipers"],"potions_floor_usage":[],"damage_taken":[{"damage":5.0,"enemies":"Small Slimes","floor":1.0,"turns":3.0},{"damage":6.0,"enemies":"Cultist","floor":2.0,"turns":3.0},{"damage":2.0,"enemies":"2 Louse","floor":4.0,"turns":2.0},{"damage":13.0,"enemies":"Exordium Wildlife","floor":5.0,"turns":4.0},{"damage":29.0,"enemies":"3 Sentries","floor":6.0,"turns":11.0},{"damage":27.0,"enemies":"Lagavulin","floor":8.0,"turns":6.0},{"damage":14.0,"enemies":"3 Sentries","floor":11.0,"turns":4.0},{"damage":11.0,"enemies":"Lagavulin Event","floor":12.0,"turns":5.0},{"damage":31.0,"enemies":"Slime Boss","floor":16.0,"turns":8.0},{"damage":0.0,"enemies":"Spheric Guardian","floor":18.0,"turns":3.0},{"damage":30.0,"enemies":"Masked Bandits","floor":20.0,"turns":4.0},{"damage":4.0,"enemies":"2 Thieves","floor":24.0,"turns":2.0},{"damage":24.0,"enemies":"Snake Plant","floor":25.0,"turns":3.0},{"damage":6.0,"enemies":"Centurion and Healer","floor":27.0,"turns":3.0},{"damage":0.0,"enemies":"Snecko","floor":28.0,"turns":3.0},{"damage":1.0,"enemies":"Gremlin Leader","floor":30.0,"turns":5.0},{"damage":38.0,"enemies":"Champ","floor":33.0,"turns":7.0},{"damage":3.0,"enemies":"Orb Walker","floor":35.0,"turns":2.0},{"damage":34.0,"enemies":"3 Darklings","floor":36.0,"turns":4.0},{"damage":18.0,"enemies":"Sphere and 2 Shapes","floor":37.0,"turns":4.0},{"damage":11.0,"enemies":"Transient","floor":39.0,"turns":5.0},{"damage":45.0,"enemies":"Giant Head","floor":40.0,"turns":8.0},{"damage":0.0,"enemies":"Mind Bloom Boss Battle","floor":42.0,"turns":5.0},{"damage":9.0,"enemies":"4 Shapes","floor":44.0,"turns":7.0},{"damage":0.0,"enemies":"Maw","floor":46.0,"turns":5.0},{"damage":26.0,"enemies":"Reptomancer","floor":48.0,"turns":6.0},{"damage":28.0,"enemies":"Awakened One","floor":50.0,"turns":12.0},{"damage":99,"enemies":"Shield and Spear","floor":54,"turns":7},{"damage":61,"enemies":"The Heart","floor":55,"turns":3}],"seed_played":"-356700788040924352","potions_obtained":[{"floor":3.0,"key":"Block Potion"},{"floor":3.0,"key":"PowerPotion"},{"floor":3.0,"key":"SpeedPotion"},{"floor":4.0,"key":"PowerPotion"},{"floor":12.0,"key":"Poison Potion"},{"floor":16.0,"key":"PowerPotion"},{"floor":20.0,"key":"Explosive Potion"},{"floor":27.0,"key":"AttackPotion"},{"floor":28.0,"key":"FearPotion"},{"floor":37.0,"key":"SmokeBomb"},{"floor":40.0,"key":"SteroidPotion"},{"floor":42.0,"key":"PowerPotion"}],"is_trial":false,"path_per_floor":["M","M","?","M","M","E","R","E","T","$","E","?","R","?","R","B",null,"M","?","?","?","$","R","M","M","T","M","M","R","E","$","R","B",null,"M","M","M","?","M","E","R","?","T","M","R","M","?","E","R","B",null,"R","$","E","B"],"character_chosen":"IRONCLAD","items_purchased":["Whirlwind+1","Sword Boomerang+1","Bronze Scales","Dramatic Entrance+1","Pantograph","Shrug It Off","Twin Strike+1","Metallicize"],"campfire_rested":1,"item_purchase_floors":[10,10,22,53,53,53,53,53],"current_hp_per_floor":[88,88,88,88,81,58,58,37,37,37,41,48,48,48,88,63,82,88,95,71,71,71,71,73,55,69,69,75,75,80,80,80,60,97,109,101,89,89,98,71,86,92,92,103,109,109,109,89,107,85,103,109,109,28,0],"gold":65,"neow_bonus":"TEN_PERCENT_HP_BONUS","is_prod":false,"is_daily":false,"chose_seed":false,"campfire_upgraded":8,"win_rate":0,"timestamp":1549386166,"path_taken":["M","M","?","?","?","E","R","E","T","$","E","?","R","?","R","BOSS","M","?","?","?","$","R","?","M","T","M","M","R","E","?","R","BOSS","M","M","M","?","M","E","R","?","T","M","R","M","?","E","R","BOSS","R","$","E","BOSS"],"build_version":"2019-01-23","purchased_purges":3,"victory":false,"max_hp_per_floor":[88,88,88,88,88,88,88,88,88,88,88,88,88,88,88,88,88,88,95,95,95,95,95,95,95,109,109,109,109,109,109,109,109,109,109,109,109,109,109,109,109,109,109,109,109,109,109,109,109,109,109,109,109,109,109],"card_choices":[{"not_picked":["Heavy Blade","Twin Strike"],"picked":"Headbutt","floor":1.0},{"not_picked":["Perfected Strike","Warcry"],"picked":"Uppercut","floor":2.0},{"not_picked":["Havoc","Burning Pact"],"picked":"Metallicize","floor":4.0},{"not_picked":["Rupture","Bloodletting"],"picked":"Flame Barrier","floor":5.0},{"not_picked":["Armaments","Perfected Strike"],"picked":"Pommel Strike","floor":6.0},{"not_picked":["Brutality","Searing Blow"],"picked":"Pummel","floor":8.0},{"not_picked":["Reckless Charge+1","True Grit"],"picked":"Iron Wave+1","floor":11.0},{"not_picked":["Clash+1","Warcry"],"picked":"Twin Strike+1","floor":12.0},{"not_picked":["Berserk","Dark Embrace"],"picked":"Demon Form","floor":16.0},{"not_picked":["Headbutt+1","Havoc","Reckless Charge+1"],"picked":"SKIP","floor":18.0},{"not_picked":["Perfected Strike+1","Sever Soul+1"],"picked":"Clothesline+1","floor":24.0},{"not_picked":["Headbutt+1","Perfected Strike+1","Wild Strike+1"],"picked":"SKIP","floor":25.0},{"not_picked":["Twin Strike+1","Metallicize"],"picked":"True Grit+1","floor":27.0},{"not_picked":["Pummel+1","Hemokinesis+1"],"picked":"Uppercut+1","floor":28.0},{"not_picked":["Corruption","Flex+1"],"picked":"Seeing Red+1","floor":30.0},{"not_picked":["Barricade","Dark Embrace"],"picked":"Reaper+1","floor":33.0},{"not_picked":["Wild Strike+1","Entrench"],"picked":"Shrug It Off","floor":35.0},{"not_picked":["Warcry","Power Through"],"picked":"Disarm+1","floor":36.0},{"not_picked":["Wild Strike+1","Sentinel+1"],"picked":"True Grit+1","floor":37.0},{"not_picked":["Clash+1","Second Wind+1"],"picked":"Corruption","floor":39.0},{"not_picked":["Heavy Blade+1","Double Tap"],"picked":"True Grit+1","floor":40.0},{"not_picked":["Sever Soul+1","Fire Breathing+1"],"picked":"Iron Wave+1","floor":42.0},{"not_picked":["Iron Wave+1","Thunderclap+1"],"picked":"Shrug It Off+1","floor":44.0},{"not_picked":["Clothesline+1","Havoc+1"],"picked":"Rage+1","floor":46.0},{"not_picked":["Hemokinesis+1","Wild Strike+1"],"picked":"Seeing Red+1","floor":48.0},{"not_picked":["Clash+1","Entrench+1","Perfected Strike+1"],"picked":"SKIP","floor":54}],"player_experience":919626,"relics_obtained":[{"floor":6.0,"key":"Regal Pillow"},{"floor":8.0,"key":"Molten Egg 2"},{"floor":9.0,"key":"Meat on the Bone"},{"floor":11.0,"key":"Whetstone"},{"floor":12.0,"key":"Thread and Needle"},{"floor":20.0,"key":"Red Mask"},{"floor":26.0,"key":"Mango"},{"floor":30.0,"key":"Lantern"},{"floor":40.0,"key":"Pocketwatch"},{"floor":42.0,"key":"Du-Vu Doll"},{"floor":48.0,"key":"Gremlin Horn"},{"floor":54,"key":"Calipers"}],"event_choices":[{"damage_healed":0.0,"max_hp_gain":0.0,"max_hp_loss":0.0,"gold_gain":0.0,"event_name":"Lab","player_choice":"Got Potions","floor":3.0,"gold_loss":0.0,"damage_taken":0.0},{"damage_healed":0.0,"max_hp_gain":0.0,"max_hp_loss":0.0,"gold_gain":30.0,"event_name":"Dead Adventurer","player_choice":"Searched \u00273\u0027 times","floor":12.0,"gold_loss":0.0,"damage_taken":0.0},{"damage_healed":0.0,"max_hp_gain":0.0,"max_hp_loss":0.0,"gold_gain":0.0,"event_name":"Liars Game","player_choice":"Ignored","floor":14.0,"gold_loss":0.0,"damage_taken":0.0},{"damage_healed":0.0,"max_hp_gain":0.0,"max_hp_loss":0.0,"gold_gain":0.0,"event_name":"Addict","player_choice":"Obtained Relic","floor":19.0,"gold_loss":85.0,"damage_taken":0.0,"relics_obtained":["Strawberry"]},{"damage_healed":0.0,"max_hp_gain":0.0,"max_hp_loss":0.0,"gold_gain":0.0,"event_name":"Masked Bandits","player_choice":"Fought Bandits","floor":20.0,"gold_loss":0.0,"damage_taken":0.0},{"damage_healed":0.0,"max_hp_gain":0.0,"max_hp_loss":0.0,"gold_gain":0.0,"event_name":"Drug Dealer","player_choice":"Inject Mutagens","floor":21.0,"gold_loss":0.0,"damage_taken":0.0,"relics_obtained":["MutagenicStrength"]},{"cards_removed":["Seeing Red"],"damage_healed":0.0,"max_hp_gain":0.0,"max_hp_loss":0.0,"gold_gain":0.0,"event_name":"Falling","player_choice":"Removed Skill","floor":38.0,"gold_loss":0.0,"damage_taken":0.0},{"damage_healed":0.0,"max_hp_gain":0.0,"max_hp_loss":0.0,"gold_gain":0.0,"event_name":"MindBloom","player_choice":"Fight","floor":42.0,"gold_loss":0.0,"damage_taken":0.0},{"damage_healed":0.0,"max_hp_gain":0.0,"max_hp_loss":0.0,"gold_gain":222.0,"event_name":"Tomb of Lord Red Mask","player_choice":"Wore Mask","floor":47.0,"gold_loss":0.0,"damage_taken":0.0}],"is_beta":false,"boss_relics":[{"not_picked":["Ectoplasm","Pandora\u0027s Box"],"picked":"Mark of Pain"},{"not_picked":["Runic Dome","Runic Pyramid"],"picked":"Eternal Feather"}],"items_purged_floors":[10,31,53],"is_endless":false,"potions_floor_spawned":[4,5,12,16,20,24,27,28,37,40,42],"killed_by":"The Heart","ascension_level":5}