{"gold_per_floor":[113,123,123,140,156,183,183,214,514,543,555,583,50,69,69,167,167,179,212,212,127,137,171,171,188,188,188,205,34,60,79,79,174,224,235,235,289,42,42,42,60,79,79,109,35,47,47,75,75,75],"floor_reached":50,"playtime":4044,"items_purged":["Strike_B","Defend_B"],"score":756,"play_id":"01703221-8486-4221-a7e7-2698c5dfe8b2","local_time":"20180909161451","is_ascension_mode":true,"campfire_choices":[{"data":"Zap","floor":7,"key":"SMITH"},{"floor":15,"key":"REST"},{"floor":24,"key":"REST"},{"data":"Dualcast","floor":27,"key":"SMITH"},{"floor":32,"key":"REST"},{"data":"Loop","floor":40,"key":"SMITH"},{"floor":49,"key":"REST"}],"neow_cost":"","seed_source_timestamp":2151100529441349,"circlet_count":0,"master_deck":["Strike_B","Strike_B+1","Strike_B","Defend_B","Defend_B","Defend_B","Zap+1","Dualcast+1","Go for the Eyes","Compile Driver","Cold Snap","Chill","Hologram+1","Sweeping Beam","Leap+1","Defragment","Go for the Eyes","Hologram+1","Steam Power+1","Electrodynamics","Leap+1","RitualDagger","Ball Lightning","Conserve Battery+1","Stack+1","Tempest+1","Beam Cell+1","Loop+1","Hello World","FTL+1","FTL+1","All For One","Stack+1","Steam+1","Madness+1","Jack Of All Trades+1","Dramatic Entrance","Aggregate+1","Turbo+1","Conserve Battery+1","Melter","Tempest+1","Self Repair","Skim+1"],"relics":["Cracked Core","Dream Catcher","Toxic Egg 2","Old Coin","Peace Pipe","Orichalcum","Boot","Chemical X","Sozu","Red Mask","Mango","Ice Cream","Darkstone Periapt","Bottled Flame","Tiny House","Emotion Chip","Bottled Tornado","Matryoshka","Anchor"],"potions_floor_usage":[8,16,16,19,19],"damage_taken":[{"damage":1,"enemies":"Cultist","floor":1,"turns":3},{"damage":1,"enemies":"2 Louse","floor":2,"turns":2},{"damage":0,"enemies":"Jaw Worm","floor":4,"turns":2},{"damage":0,"enemies":"Exordium Wildlife","floor":5,"turns":3},{"damage":5,"enemies":"Gremlin Nob","floor":6,"turns":3},{"damage":17,"enemies":"Lagavulin","floor":8,"turns":4},{"damage":8,"enemies":"3 Sentries","floor":10,"turns":7},{"damage":1,"enemies":"Blue Slaver","floor":11,"turns":2},{"damage":16,"enemies":"Lagavulin","floor":12,"turns":5},{"damage":0,"enemies":"3 Louse","floor":14,"turns":2},{"damage":0,"enemies":"Slime Boss","floor":16,"turns":9},{"damage":0,"enemies":"Spheric Guardian","floor":18,"turns":3},{"damage":41,"enemies":"Masked Bandits","floor":19,"turns":5},{"damage":12,"enemies":"2 Thieves","floor":22,"turns":4},{"damage":6,"enemies":"Slavers","floor":23,"turns":3},{"damage":2,"enemies":"Centurion and Healer","floor":25,"turns":6},{"damage":0,"enemies":"Sentry and Sphere","floor":28,"turns":7},{"damage":4,"enemies":"Book of Stabbing","floor":30,"turns":5},{"damage":11,"enemies":"3 Cultists","floor":31,"turns":4},{"damage":46,"enemies":"Champ","floor":33,"turns":8},{"damage":11,"enemies":"3 Darklings","floor":35,"turns":6},{"damage":11,"enemies":"Mysterious Sphere","floor":37,"turns":4},{"damage":4,"enemies":"Orb Walker","floor":41,"turns":2},{"damage":48,"enemies":"Transient","floor":42,"turns":5},{"damage":0,"enemies":"Sphere and 2 Shapes","floor":44,"turns":3},{"damage":1,"enemies":"3 Darklings","floor":46,"turns":2},{"damage":8,"enemies":"Giant Head","floor":48,"turns":6},{"damage":29,"enemies":"Donu and Deca","floor":50,"turns":5}],"seed_played":"-1171143407800509412","potions_obtained":[{"floor":2,"key":"SpeedPotion"},{"floor":5,"key":"Regen Potion"},{"floor":12,"key":"SpeedPotion"},{"floor":14,"key":"SkillPotion"},{"floor":16,"key":"PowerPotion"}],"is_trial":false,"path_per_floor":["M","M","?","M","M","E","R","E","T","E","M","E","$","M","R","B",null,"M","?","?","?","M","E","R","M","T","R","M","$","E","M","R","B",null,"M","?","?","$","?","R","M","M","T","M","$","M","$","E","R"],"character_chosen":"DEFECT","items_purchased":["Defragment","Go for the Eyes","Boot","Chemical X","Loop","Bottled Tornado","Melter"],"campfire_rested":4,"item_purchase_floors":[13,13,13,13,29,38,45],"current_hp_per_floor":[74,73,58,58,58,53,53,45,45,37,36,20,20,20,42,42,75,75,34,28,42,30,24,50,48,48,48,48,48,44,33,59,13,94,83,73,62,62,62,62,58,10,10,10,10,9,9,1,29,0],"gold":75,"neow_bonus":"","is_prod":false,"is_daily":false,"chose_seed":false,"campfire_upgraded":3,"win_rate":0,"timestamp":1536534891,"path_taken":["M","M","?","M","?","E","R","E","T","E","M","E","$","M","R","BOSS","M","?","?","?","M","E","R","M","T","R","M","$","E","M","R","BOSS","M","?","?","?","?","R","M","M","T","M","$","M","$","E","R","BOSS"],"build_version":"2018-09-06","purchased_purges":2,"victory":false,"max_hp_per_floor":[75,75,75,75,75,75,75,75,75,75,75,75,75,75,75,75,75,75,75,75,89,89,89,89,89,89,89,89,89,89,89,89,89,94,94,94,94,94,94,94,94,94,94,94,94,94,94,94,94,94],"card_choices":[{"not_picked":["Hologram","Undo"],"picked":"Go for the Eyes","floor":1},{"not_picked":["Coolheaded","Sunder"],"picked":"Streamline","floor":2},{"not_picked":["Redo","Reprogram"],"picked":"Compile Driver","floor":4},{"not_picked":["Steam","Biased Cognition"],"picked":"Cold Snap","floor":5},{"not_picked":["Fusion","Stack"],"picked":"Chill","floor":6},{"not_picked":["Rainbow","Stack","Recycle"],"picked":"SKIP","floor":8},{"not_picked":["Beam Cell","Chaos+1"],"picked":"Hologram+1","floor":10},{"not_picked":["Double Energy+1","Thunder Strike"],"picked":"Sweeping Beam","floor":11},{"not_picked":["Go for the Eyes","Hyperbeam"],"picked":"Leap+1","floor":12},{"not_picked":["Scrape","Sweeping Beam"],"picked":"Hologram+1","floor":14},{"not_picked":["Doom and Gloom","Cold Snap"],"picked":"Steam Power+1","floor":15},{"not_picked":["Buffer","Amplify+1"],"picked":"Electrodynamics","floor":16},{"not_picked":["Rebound","Barrage","Hologram+1"],"picked":"SKIP","floor":18},{"not_picked":["Coolheaded+1","Static Discharge"],"picked":"Leap+1","floor":19},{"not_picked":["Redo+1","Conserve Battery+1"],"picked":"Ball Lightning","floor":22},{"not_picked":["Redo+1","Rebound+1"],"picked":"Conserve Battery+1","floor":23},{"not_picked":["Steam+1","Blizzard"],"picked":"Stack+1","floor":24},{"not_picked":["Auto Shields+1","Capacitor+1"],"picked":"Tempest+1","floor":25},{"not_picked":["Go for the Eyes","Compile Driver+1"],"picked":"Beam Cell+1","floor":28},{"not_picked":["Sweeping Beam","Stack+1"],"picked":"Hello World","floor":30},{"not_picked":["Heatsinks+1","Force Field+1"],"picked":"FTL","floor":31},{"not_picked":["Hologram+1","Compile Driver+1"],"picked":"FTL+1","floor":32},{"not_picked":["Machine Learning","Hyperbeam"],"picked":"All For One","floor":33},{"not_picked":["Sweeping Beam+1","Beam Cell"],"picked":"Stack+1","floor":34},{"not_picked":["Streamline+1","Barrage"],"picked":"Steam+1","floor":35},{"not_picked":["Trip+1","Metamorphosis+1"],"picked":"Madness+1","floor":36},{"not_picked":["Master of Strategy+1","Purity+1"],"picked":"Jack Of All Trades+1","floor":36},{"not_picked":["Secret Weapon+1","Enlightenment+1"],"picked":"Dramatic Entrance","floor":36},{"not_picked":["Hello World+1","Capacitor"],"picked":"Aggregate+1","floor":37},{"not_picked":["Cold Snap+1","Lockon+1"],"picked":"Turbo+1","floor":41},{"not_picked":["Scrape","Beam Cell+1","Go for the Eyes"],"picked":"SKIP","floor":42},{"not_picked":["Coolheaded+1","Rebound"],"picked":"Conserve Battery+1","floor":44},{"not_picked":["Beam Cell","Barrage+1"],"picked":"Tempest+1","floor":46},{"not_picked":["Sweeping Beam","Barrage+1"],"picked":"Self Repair","floor":48},{"not_picked":["Chaos+1","Rebound+1"],"picked":"Skim+1","floor":49}],"player_experience":336231,"relics_obtained":[{"floor":6,"key":"Dream Catcher"},{"floor":8,"key":"Toxic Egg 2"},{"floor":9,"key":"Old Coin"},{"floor":10,"key":"Peace Pipe"},{"floor":12,"key":"Orichalcum"},{"floor":19,"key":"Red Mask"},{"floor":23,"key":"Ice Cream"},{"floor":26,"key":"Darkstone Periapt"},{"floor":30,"key":"Bottled Flame"},{"floor":37,"key":"Emotion Chip"},{"floor":43,"key":"Matryoshka"},{"floor":48,"key":"Anchor"}],"event_choices":[{"event_name":"Shining Light","player_choice":"Entered Light","floor":3,"damage_taken":0},{"event_name":"Masked Bandits","player_choice":"Fought Bandits","floor":19,"damage_taken":0},{"event_name":"Nest","player_choice":"Joined the Cult","floor":20,"damage_taken":0},{"event_name":"Addict","player_choice":"Obtained Relic","floor":21,"damage_taken":0},{"event_name":"SensoryStone","player_choice":"Memory 3","floor":36,"damage_taken":0},{"event_name":"Mysterious Sphere","player_choice":"Fight","floor":37,"damage_taken":0},{"event_name":"Falling","player_choice":"Removed Attack","floor":39,"damage_taken":0}],"is_beta":false,"boss_relics":[{"not_picked":["Runic Pyramid","Ectoplasm"],"picked":"Sozu"},{"not_picked":["Runic Dome","Snecko Eye"],"picked":"Tiny House"}],"items_purged_floors":[13,29],"is_endless":false,"potions_floor_spawned":[2,5,12,14,16,19,22,30,31,35,37,41,46],"killed_by":"Donu and Deca","ascension_level":3}