{"gold_per_floor":[112,112,60,60,76,76,105,205,205,219,9,24,24,40,40,140,140,160,85,0,0,14,42,42,42,42,42,124,124],"floor_reached":29,"playtime":1170,"items_purged":[],"score":304,"play_id":"b2a3eebc-d08b-4351-aa6e-b2289c5fbfc5","local_time":"20180915144541","is_ascension_mode":true,"campfire_choices":[{"data":"Leap","floor":6,"key":"SMITH"},{"data":"Sunder","floor":15,"key":"SMITH"},{"data":"Tempest","floor":25,"key":"SMITH"},{"data":"Tempest","floor":27,"key":"SMITH"}],"neow_cost":"NONE","seed_source_timestamp":160999122780603,"circlet_count":0,"master_deck":["Strike_B","Strike_B","Defend_B","Defend_B","Defend_B","Defend_B","Zap","Dualcast","Leap+1","Ball Lightning+1","Sunder+1","Tempest+1","Aggregate","Tempest+1","Thunder Strike"],"relics":["Cracked Core","NeowsBlessing","Potion Belt","FossilizedHelix","Calipers","Lee\u0027s Waffle","White Beast Statue","WingedGreaves","Vajra","Frozen Egg 2","Dodecahedron","Question Card"],"potions_floor_usage":[10,16,16,18,23,23,29],"damage_taken":[{"damage":0,"enemies":"2 Louse","floor":1,"turns":1},{"damage":0,"enemies":"Small Slimes","floor":5,"turns":1},{"damage":0,"enemies":"Lagavulin","floor":7,"turns":1},{"damage":0,"enemies":"Jaw Worm","floor":10,"turns":3},{"damage":25,"enemies":"Exordium Thugs","floor":12,"turns":4},{"damage":0,"enemies":"2 Fungi Beasts","floor":14,"turns":2},{"damage":34,"enemies":"The Guardian","floor":16,"turns":8},{"damage":5,"enemies":"3 Byrds","floor":18,"turns":3},{"damage":0,"enemies":"Chosen","floor":22,"turns":4},{"damage":54,"enemies":"Book of Stabbing","floor":23,"turns":6},{"damage":33,"enemies":"Sentry and Sphere","floor":29,"turns":5}],"seed_played":"-5512285180558135266","potions_obtained":[{"floor":7,"key":"Poison Potion"},{"floor":10,"key":"Fruit Juice"},{"floor":12,"key":"Poison Potion"},{"floor":14,"key":"Explosive Potion"},{"floor":18,"key":"SpeedPotion"},{"floor":22,"key":"LiquidBronze"},{"floor":23,"key":"Dexterity Potion"}],"is_trial":false,"path_per_floor":["M","?","$","?","M","R","E","?","T","M","$","M","?","M","R","B",null,"M","?","?","?","M","E","T","R","T","R","T"],"character_chosen":"DEFECT","items_purchased":["Ball Lightning","Lee\u0027s Waffle"],"campfire_rested":0,"item_purchase_floors":[3,11],"current_hp_per_floor":[75,72,72,72,72,72,72,72,72,77,87,62,62,62,62,28,87,82,82,82,82,82,28,28,28,28,28,28,0],"gold":124,"neow_bonus":"THREE_ENEMY_KILL","is_prod":false,"is_daily":false,"chose_seed":false,"campfire_upgraded":4,"win_rate":0,"timestamp":1536988541,"path_taken":["M","?","?","?","M","R","E","?","T","M","$","M","?","M","R","BOSS","M","?","?","?","?","E","?","R","T","R","?","M"],"build_version":"2018-09-06","purchased_purges":0,"victory":false,"max_hp_per_floor":[75,75,75,75,75,75,75,75,75,80,87,87,87,87,87,87,87,87,87,87,87,87,87,87,87,87,87,87,87],"card_choices":[{"not_picked":["Sweeping Beam","Rip and Tear"],"picked":"Leap","floor":1},{"not_picked":["Stack","Coolheaded","Scrape"],"picked":"SKIP","floor":5},{"not_picked":["Conserve Battery","Double Energy"],"picked":"Sunder","floor":7},{"not_picked":["Sweeping Beam","Coolheaded"],"picked":"Tempest","floor":10},{"not_picked":["Barrage","Consume","Chaos"],"picked":"SKIP","floor":12},{"not_picked":["Hello World","Storm"],"picked":"Tempest","floor":14},{"not_picked":["Creative AI","Meteor Strike"],"picked":"Thunder Strike","floor":16},{"not_picked":["Skim","Force Field","Gash"],"picked":"SKIP","floor":18},{"not_picked":["Hologram","Recycle","Coolheaded"],"picked":"SKIP","floor":22},{"not_picked":["Recycle","Stack","Barrage+1"],"picked":"SKIP","floor":23}],"player_experience":181084,"relics_obtained":[{"floor":7,"key":"FossilizedHelix"},{"floor":9,"key":"Calipers"},{"floor":23,"key":"Vajra"},{"floor":24,"key":"Frozen Egg 2"},{"floor":26,"key":"Dodecahedron"},{"floor":28,"key":"Question Card"}],"event_choices":[{"event_name":"Scrap Ooze","player_choice":"success","floor":2,"damage_taken":3},{"event_name":"Upgrade Shrine","player_choice":"Upgraded","floor":4,"damage_taken":0},{"event_name":"Wheel of Change","player_choice":"Gold","floor":8,"damage_taken":0},{"event_name":"Transmorgrifier","player_choice":"Transform","floor":13,"damage_taken":0},{"event_name":"Beggar","player_choice":"Gave Gold","floor":19,"damage_taken":0},{"event_name":"Addict","player_choice":"Obtained Relic","floor":20,"damage_taken":0},{"event_name":"Masked Bandits","player_choice":"Paid Fearfully","floor":21,"damage_taken":0}],"is_beta":false,"boss_relics":[{"not_picked":["Pandora\u0027s Box","Velvet Choker"],"picked":"White Beast Statue"}],"items_purged_floors":[],"is_endless":false,"potions_floor_spawned":[7,10,12,14,18,22,23],"killed_by":"Sentry and Sphere","ascension_level":3}