{"gold_per_floor":[113,133,58,58,23,23,57,57,125,125,48,84,84,33,33,159,159,177,200,200,213,128,128,172,20,20,61,76,120,120,158,158,283,283,306,327,67,85,85,85,85,85],"floor_reached":43,"playtime":2468,"items_purged":["Strike_R","Strike_R"],"score":708,"play_id":"f834289b-2d3a-46cc-afc2-1237b5ca5039","local_time":"20190110203127","is_ascension_mode":false,"campfire_choices":[{"data":"Body Slam","floor":6,"key":"SMITH"},{"data":"Body Slam","floor":8,"key":"SMITH"},{"data":"Fire Breathing","floor":15,"key":"SMITH"},{"data":"Barricade","floor":23,"key":"SMITH"},{"floor":30,"key":"REST"},{"data":"Double Tap","floor":32,"key":"SMITH"},{"data":"Juggernaut","floor":40,"key":"SMITH"}],"neow_cost":"PERCENT_DAMAGE","seed_source_timestamp":3112061818153,"circlet_count":0,"master_deck":["Strike_R","Strike_R","Defend_R","Defend_R","Defend_R","Defend_R","Rampage","Body Slam+1","Body Slam+1","Iron Wave","Injury","Fire Breathing+1","Thunderclap","Shrug It Off","Barricade+1","Iron Wave","Shrug It Off","Shrug It Off","Hemokinesis","Spot Weakness+1","Body Slam+1","Dual Wield+1","Double Tap+1","Double Tap","Entrench+1","Combust","Juggernaut+1","Writhe"],"relics":["Burning Blood","Oddly Smooth Stone","Prayer Wheel","Self Forming Clay","Golden Idol","StoneCalendar","Dream Catcher","Velvet Choker","Champion Belt","Blue Candle","Meat on the Bone","Torii","Darkstone Periapt","Centennial Puzzle","Coffee Dripper","Gremlin Horn"],"potions_floor_usage":[7,28,42,42],"damage_taken":[{"damage":10,"enemies":"Jaw Worm","floor":1,"turns":5},{"damage":1,"enemies":"2 Louse","floor":2,"turns":2},{"damage":28,"enemies":"Gremlin Nob","floor":7,"turns":5},{"damage":7,"enemies":"3 Sentries","floor":12,"turns":7},{"damage":34,"enemies":"Hexaghost","floor":16,"turns":10},{"damage":14,"enemies":"2 Thieves","floor":18,"turns":5},{"damage":16,"enemies":"Spheric Guardian","floor":19,"turns":4},{"damage":13,"enemies":"Centurion and Healer","floor":21,"turns":6},{"damage":10,"enemies":"Gremlin Leader","floor":24,"turns":7},{"damage":13,"enemies":"Slavers","floor":27,"turns":6},{"damage":12,"enemies":"Snake Plant","floor":28,"turns":4},{"damage":32,"enemies":"Gremlin Leader","floor":29,"turns":7},{"damage":10,"enemies":"Book of Stabbing","floor":31,"turns":5},{"damage":6,"enemies":"Automaton","floor":33,"turns":8},{"damage":5,"enemies":"3 Shapes","floor":35,"turns":3},{"damage":26,"enemies":"3 Darklings","floor":36,"turns":4},{"damage":6,"enemies":"4 Shapes","floor":38,"turns":4},{"damage":62,"enemies":"Awakened One","floor":42,"turns":9}],"seed_played":"-6793786993724648563","potions_obtained":[{"floor":7,"key":"Fruit Juice"},{"floor":16,"key":"Regen Potion"},{"floor":27,"key":"Energy Potion"},{"floor":28,"key":"GamblersBrew"},{"floor":29,"key":"Regen Potion"},{"floor":35,"key":"AttackPotion"}],"is_trial":false,"path_per_floor":["M","M","$","?","?","R","E","R","T","?","$","E","?","$","R","B",null,"M","M","?","M","?","R","E","$","T","E","M","E","R","E","R","B",null,"M","M","$","M","?","R","?","B",null],"character_chosen":"IRONCLAD","items_purchased":["Fire Breathing","Shrug It Off","Shrug It Off","Gremlin Horn"],"campfire_rested":1,"item_purchase_floors":[11,14,25,37],"current_hp_per_floor":[52,57,57,45,65,65,48,48,48,48,48,47,47,47,47,19,85,77,67,72,65,65,65,61,61,61,54,60,46,71,67,67,67,85,85,65,65,65,91,91,91,56],"gold":85,"neow_bonus":"TRANSFORM_TWO_CARDS","is_prod":false,"is_daily":false,"chose_seed":false,"campfire_upgraded":6,"win_rate":0,"timestamp":1547114487,"path_taken":["M","M","$","?","?","R","E","R","T","?","$","E","?","$","R","BOSS","M","M","?","?","?","R","E","$","T","E","M","E","R","E","R","BOSS","M","M","$","M","?","R","?","BOSS"],"build_version":"2019-01-03v4","purchased_purges":2,"victory":true,"max_hp_per_floor":[80,80,80,80,80,80,85,85,85,85,85,85,85,85,85,85,85,85,85,85,85,85,85,85,85,85,85,85,85,85,85,85,85,85,85,85,85,85,91,91,91,91],"card_choices":[{"not_picked":["Sword Boomerang","Reckless Charge"],"picked":"Body Slam","floor":1},{"not_picked":["Clothesline","Shrug It Off"],"picked":"Armaments","floor":2},{"not_picked":["Burning Pact","True Grit"],"picked":"Iron Wave","floor":7},{"not_picked":["Clothesline","True Grit"],"picked":"Thunderclap","floor":12},{"not_picked":["Demon Form","Bludgeon"],"picked":"Barricade","floor":16},{"not_picked":["Sword Boomerang","Clash"],"picked":"Iron Wave","floor":18},{"not_picked":["Anger","Headbutt","Clothesline+1"],"picked":"SKIP","floor":18},{"not_picked":["True Grit","Blood for Blood"],"picked":"Shrug It Off","floor":19},{"not_picked":["Perfected Strike","Flex","Cleave"],"picked":"SKIP","floor":19},{"not_picked":["Headbutt","Wild Strike","Heavy Blade+1"],"picked":"SKIP","floor":21},{"not_picked":["Anger","Carnage","Second Wind"],"picked":"SKIP","floor":21},{"not_picked":["Reckless Charge+1","Whirlwind","Anger"],"picked":"SKIP","floor":24},{"not_picked":["Offering","Shrug It Off"],"picked":"Hemokinesis","floor":27},{"not_picked":["Heavy Blade+1","Warcry"],"picked":"Spot Weakness+1","floor":28},{"not_picked":["Brutality","Pummel"],"picked":"Body Slam+1","floor":28},{"not_picked":["Seeing Red","Clothesline+1"],"picked":"Dual Wield+1","floor":29},{"not_picked":["Twin Strike+1","Pommel Strike"],"picked":"Double Tap","floor":31},{"not_picked":["Bludgeon","Immolate"],"picked":"Double Tap","floor":33},{"not_picked":["True Grit+1","Sentinel"],"picked":"Entrench+1","floor":35},{"not_picked":["Wild Strike+1","Heavy Blade+1","Body Slam"],"picked":"SKIP","floor":35},{"not_picked":["Rage","Cleave+1"],"picked":"Combust","floor":36},{"not_picked":["Warcry+1","Seeing Red+1","Anger+1"],"picked":"SKIP","floor":36},{"not_picked":["True Grit","Pummel+1"],"picked":"Juggernaut","floor":38},{"not_picked":["Body Slam+1","Perfected Strike+1","Havoc+1"],"picked":"SKIP","floor":38}],"player_experience":430000,"relics_obtained":[{"floor":7,"key":"Prayer Wheel"},{"floor":9,"key":"Self Forming Clay"},{"floor":12,"key":"StoneCalendar"},{"floor":24,"key":"Blue Candle"},{"floor":26,"key":"Meat on the Bone"},{"floor":27,"key":"Torii"},{"floor":29,"key":"Darkstone Periapt"},{"floor":31,"key":"Centennial Puzzle"}],"event_choices":[{"damage_healed":0,"gold_gain":0,"player_choice":"Success","damage_taken":12,"relics_obtained":["Oddly Smooth Stone"],"max_hp_gain":0,"max_hp_loss":0,"event_name":"Scrap Ooze","floor":4,"gold_loss":0},{"damage_healed":20,"gold_gain":0,"player_choice":"Healed","damage_taken":0,"max_hp_gain":0,"max_hp_loss":0,"event_name":"The Cleric","floor":5,"gold_loss":35},{"damage_healed":0,"gold_gain":0,"player_choice":"Take Wound","damage_taken":0,"relics_obtained":["Golden Idol"],"max_hp_gain":0,"max_hp_loss":0,"event_name":"Golden Idol","floor":10,"gold_loss":0,"cards_obtained":["Injury"]},{"damage_healed":0,"gold_gain":0,"player_choice":"Searched \u00271\u0027 times","damage_taken":0,"relics_obtained":["Dream Catcher"],"max_hp_gain":0,"max_hp_loss":0,"event_name":"Dead Adventurer","floor":13,"gold_loss":0},{"cards_removed":["Armaments"],"damage_healed":5,"gold_gain":0,"player_choice":"Offered Common","damage_taken":0,"max_hp_gain":0,"max_hp_loss":0,"event_name":"Bonfire Elementals","floor":20,"gold_loss":0},{"cards_removed":["Armaments"],"damage_healed":5,"gold_gain":0,"player_choice":"Offered Special","damage_taken":0,"max_hp_gain":0,"max_hp_loss":0,"event_name":"Bonfire Elementals","floor":20,"gold_loss":0},{"damage_healed":0,"gold_gain":0,"player_choice":"Obtained Relic","damage_taken":0,"relics_obtained":["Champion Belt"],"max_hp_gain":0,"max_hp_loss":0,"event_name":"Addict","floor":22,"gold_loss":85},{"damage_healed":21,"gold_gain":0,"player_choice":"Writhe","damage_taken":0,"max_hp_gain":0,"max_hp_loss":0,"event_name":"Winding Halls","floor":39,"gold_loss":0,"cards_obtained":["Writhe"]},{"damage_healed":0,"gold_gain":0,"player_choice":"Took Portal","damage_taken":0,"max_hp_gain":0,"max_hp_loss":0,"event_name":"SecretPortal","floor":41,"gold_loss":0}],"is_beta":false,"boss_relics":[{"not_picked":["Snecko Eye","Mark of Pain"],"picked":"Velvet Choker"},{"not_picked":["Tiny House","Pandora\u0027s Box"],"picked":"Coffee Dripper"}],"items_purged_floors":[3,25],"is_endless":false,"potions_floor_spawned":[7,16,27,28,29,35],"ascension_level":0}