{"gold_per_floor":[115,115,40,53,53,53,71,95,143,143,43,63,63],"floor_reached":13,"playtime":596,"items_purged":["Strike_R","Strike_R"],"score":84,"play_id":"86491f17-6128-4374-b116-e68f684f4ed9","local_time":"20180927201421","is_ascension_mode":true,"campfire_choices":[{"data":"Blood for Blood","floor":6,"key":"SMITH"},{"floor":10,"key":"REST"}],"neow_cost":"TEN_PERCENT_HP_LOSS","seed_source_timestamp":1218172051434895,"circlet_count":0,"master_deck":["Strike_R+1","Strike_R","Strike_R","Defend_R","Defend_R","Defend_R","Defend_R","Bash","Barricade+1","Dropkick","Blood for Blood+1","True Grit","Disarm","Spot Weakness"],"special_seed":0,"relics":["Burning Blood","Regal Pillow","Odd Mushroom","Pen Nib"],"potions_floor_usage":[8],"damage_taken":[{"damage":4,"enemies":"Small Slimes","floor":1,"turns":6},{"damage":11,"enemies":"Jaw Worm","floor":4,"turns":5},{"damage":6,"enemies":"Cultist","floor":7,"turns":5},{"damage":31,"enemies":"The Mushroom Lair","floor":8,"turns":6},{"damage":46,"enemies":"Gremlin Gang","floor":12,"turns":6},{"damage":17,"enemies":"Large Slime","floor":13,"turns":4}],"seed_played":"-2910816808449664750","potions_obtained":[{"floor":4,"key":"Ancient Potion"}],"is_trial":false,"path_per_floor":["M","?","$","M","?","R","M","?","T","R","$","M"],"character_chosen":"IRONCLAD","items_purchased":[],"campfire_rested":1,"item_purchase_floors":[],"current_hp_per_floor":[72,58,58,53,41,41,41,16,16,52,52,12,0],"gold":63,"neow_bonus":"THREE_RARE_CARDS","is_prod":false,"is_daily":false,"chose_seed":false,"campfire_upgraded":1,"win_rate":0,"timestamp":1538045061,"path_taken":["M","?","$","?","?","R","M","?","T","R","?","M","M"],"build_version":"2018-09-20","purchased_purges":2,"victory":false,"max_hp_per_floor":[72,72,72,72,72,72,72,72,72,72,72,72,72],"card_choices":[{"not_picked":["Berserk","Impervious"],"picked":"Barricade","floor":0},{"not_picked":["Wild Strike","Warcry"],"picked":"Dropkick","floor":1},{"not_picked":["Perfected Strike","Hemokinesis"],"picked":"Blood for Blood","floor":4},{"not_picked":["Anger","Clash"],"picked":"True Grit","floor":7},{"not_picked":["Corruption","Wild Strike"],"picked":"Disarm","floor":8},{"not_picked":["Sword Boomerang","Perfected Strike"],"picked":"Spot Weakness","floor":12}],"player_experience":225555,"relics_obtained":[{"floor":8,"key":"Odd Mushroom"},{"floor":9,"key":"Pen Nib"}],"event_choices":[{"event_name":"Shining Light","player_choice":"Entered Light","floor":2,"damage_taken":0},{"event_name":"Scrap Ooze","player_choice":"success","floor":5,"damage_taken":12},{"event_name":"Mushrooms","player_choice":"Fought Mushrooms","floor":8,"damage_taken":0}],"is_beta":false,"boss_relics":[],"items_purged_floors":[3,11],"is_endless":false,"potions_floor_spawned":[4],"killed_by":"Large Slime","ascension_level":3}