{"gold_per_floor":[118,118,130,205,218,251,251,269,292,41,41,53,76,104,116,206,218,249,261,273,300,312,324,348,380,392,421,70,102,102],"floor_reached":30,"playtime":714,"items_purged":["Strike_R","Strike_R"],"score":464,"play_id":"658eec14-ad34-48aa-bda0-7bbfd5b8c631","local_time":"20180828035219","is_ascension_mode":true,"campfire_choices":[{"data":"Uppercut","floor":7,"key":"SMITH"},{"data":"Spot Weakness","floor":12,"key":"SMITH"},{"data":"Inflame","floor":15,"key":"SMITH"},{"data":"Bash","floor":23,"key":"SMITH"}],"neow_cost":"NONE","seed_source_timestamp":924634273137936,"circlet_count":0,"master_deck":["Strike_R","Strike_R","Strike_R","Defend_R","Defend_R","Defend_R","Bash+1","AscendersBane","Uppercut+1","Pommel Strike","Inflame+1","Pummel","Fiend Fire","Spot Weakness+1","Reaper","Thunderclap","Clash","True Grit","Heavy Blade+1","Cleave+1","Fiend Fire","Clash","Flex","Whirlwind","Battle Trance","Thunderclap"],"relics":["Burning Blood","NeowsBlessing","Centennial Puzzle","Art of War","MawBank","Orrery","Bottled Lightning","Lantern","Red Mask"],"potions_floor_usage":[6,8,16,24,25,25],"damage_taken":[{"damage":0,"enemies":"Jaw Worm","floor":1,"turns":1},{"damage":0,"enemies":"Cultist","floor":3,"turns":1},{"damage":0,"enemies":"Small Slimes","floor":5,"turns":1},{"damage":8,"enemies":"Gremlin Nob","floor":6,"turns":3},{"damage":21,"enemies":"Exordium Wildlife","floor":8,"turns":4},{"damage":11,"enemies":"Looter","floor":13,"turns":2},{"damage":20,"enemies":"Lots of Slimes","floor":14,"turns":4},{"damage":18,"enemies":"Slime Boss","floor":16,"turns":7},{"damage":30,"enemies":"3 Byrds","floor":18,"turns":4},{"damage":33,"enemies":"2 Thieves","floor":21,"turns":3},{"damage":24,"enemies":"Sentry and Sphere","floor":24,"turns":5},{"damage":13,"enemies":"Snake Plant","floor":25,"turns":3},{"damage":18,"enemies":"Centurion and Healer","floor":27,"turns":5},{"damage":10,"enemies":"Masked Bandits","floor":29,"turns":3},{"damage":34,"enemies":"Snecko","floor":30,"turns":4}],"seed_played":"4027162869772166937","potions_obtained":[{"floor":1,"key":"AttackPotion"},{"floor":3,"key":"Weak Potion"},{"floor":13,"key":"Energy Potion"},{"floor":14,"key":"BloodPotion"},{"floor":21,"key":"PowerPotion"},{"floor":24,"key":"Weak Potion"},{"floor":29,"key":"Explosive Potion"}],"is_trial":false,"path_per_floor":["M","?","M","?","M","E","R","M","T","$","?","R","M","M","R","B",null,"M","?","?","M","$","R","M","M","T","M","$","?"],"character_chosen":"IRONCLAD","items_purchased":["Spot Weakness","Whirlwind","Lantern","Battle Trance"],"campfire_rested":0,"item_purchase_floors":[10,10,28,28],"current_hp_per_floor":[74,74,75,64,70,68,68,53,53,53,53,53,48,34,34,22,62,62,62,62,40,40,40,22,22,22,24,24,20,0],"gold":102,"neow_bonus":"THREE_ENEMY_KILL","is_prod":false,"is_daily":false,"chose_seed":false,"campfire_upgraded":4,"win_rate":0,"timestamp":1535395939,"path_taken":["M","?","M","?","?","E","R","M","T","?","?","R","M","?","R","BOSS","M","?","?","M","?","R","M","?","T","M","$","?","M"],"build_version":"2018-08-23v2","purchased_purges":2,"victory":false,"max_hp_per_floor":[75,75,75,75,75,75,75,75,75,75,75,75,75,75,75,75,75,75,75,75,75,75,75,75,75,75,75,75,75,75],"card_choices":[{"not_picked":["Ghostly Armor","Shrug It Off"],"picked":"Uppercut","floor":1},{"not_picked":["Disarm","Wild Strike"],"picked":"Pommel Strike","floor":3},{"not_picked":["Warcry","Perfected Strike"],"picked":"Inflame","floor":5},{"not_picked":["Bloodletting","Rage"],"picked":"Pummel","floor":6},{"not_picked":["Twin Strike","Shrug It Off"],"picked":"Fiend Fire","floor":8},{"not_picked":["Corruption","Hemokinesis","Flex"],"picked":"SKIP","floor":13},{"not_picked":["Wild Strike","Warcry","Body Slam"],"picked":"SKIP","floor":14},{"not_picked":["Dark Embrace","Immolate"],"picked":"Reaper","floor":16},{"not_picked":["Wild Strike","Rupture"],"picked":"Thunderclap","floor":17},{"not_picked":["Heavy Blade","Body Slam"],"picked":"Clash","floor":17},{"not_picked":["Headbutt","Corruption"],"picked":"True Grit","floor":17},{"not_picked":["Warcry","Sever Soul"],"picked":"Heavy Blade","floor":17},{"not_picked":["Twin Strike","Heavy Blade"],"picked":"Cleave+1","floor":18},{"not_picked":["Havoc","Anger"],"picked":"Fiend Fire","floor":21},{"not_picked":["Pommel Strike","Whirlwind"],"picked":"Clash","floor":24},{"not_picked":["True Grit","Iron Wave"],"picked":"Flex","floor":25},{"not_picked":["Combust","Body Slam"],"picked":"Whirlwind","floor":27},{"not_picked":["Seeing Red","Searing Blow"],"picked":"Thunderclap","floor":29}],"player_experience":520535,"relics_obtained":[{"floor":6,"key":"Centennial Puzzle"},{"floor":9,"key":"Art of War"},{"floor":26,"key":"Bottled Lightning"},{"floor":29,"key":"Red Mask"}],"event_choices":[{"event_name":"Wheel of Change","player_choice":"Card Removal","floor":2,"damage_taken":0},{"event_name":"World of Goop","player_choice":"Gather Gold","floor":4,"damage_taken":0},{"event_name":"WeMeetAgain","player_choice":"Card","floor":11,"damage_taken":0},{"event_name":"Accursed Blacksmith","player_choice":"Forge","floor":19,"damage_taken":0},{"event_name":"The Mausoleum","player_choice":"No","floor":20,"damage_taken":0},{"event_name":"Masked Bandits","player_choice":"Fought Bandits","floor":29,"damage_taken":0}],"is_beta":false,"boss_relics":[{"not_picked":["White Beast Statue","Calling Bell"],"picked":"Orrery"}],"items_purged_floors":[10,28],"is_endless":false,"potions_floor_spawned":[1,3,13,14,21,24,29],"killed_by":"Snecko","ascension_level":20}