{"gold_per_floor":[112,132,132,145,157,157,170,180,180,180,212,212,63,80,80,176,176,187,207,14,29,29,29,56,68,157,188,200,212,249,271,283,295],"floor_reached":33,"playtime":1520,"items_purged":[],"score":309,"play_id":"d2a07797-be32-4072-bfa8-621353fcb25e","local_time":"20180927162604","is_ascension_mode":true,"campfire_choices":[{"data":"Corruption","floor":6,"key":"SMITH"},{"data":"Clash","floor":15,"key":"SMITH"},{"data":"Demon Form","floor":23,"key":"SMITH"},{"data":"Metallicize","floor":28,"key":"SMITH"},{"data":"Dual Wield","floor":32,"key":"SMITH"}],"neow_cost":"NONE","seed_source_timestamp":1203593578235496,"circlet_count":0,"master_deck":["Strike_R","Strike_R","Strike_R","Strike_R","Defend_R","Defend_R","Defend_R","Defend_R","Bash","Corruption+1","Clash+1","Clothesline","Infernal Blade","Inflame","Metallicize+1","Cleave","Demon Form+1","Spot Weakness+1","Iron Wave","Metallicize","Spot Weakness","Necronomicurse","Combust","Iron Wave+1","Dual Wield+1"],"relics":["Burning Blood","Anchor","Letter Opener","Happy Flower","Ancient Tea Set","Runic Pyramid","Necronomicon","MawBank","Darkstone Periapt","Tiny Chest","Nloth\u0027s Gift","Bronze Scales"],"potions_floor_usage":[5,16,16,27,33],"damage_taken":[{"damage":20,"enemies":"Small Slimes","floor":1,"turns":4},{"damage":13,"enemies":"Jaw Worm","floor":2,"turns":4},{"damage":4,"enemies":"2 Louse","floor":4,"turns":3},{"damage":30,"enemies":"Gremlin Gang","floor":5,"turns":7},{"damage":5,"enemies":"Red Slaver","floor":7,"turns":3},{"damage":7,"enemies":"Looter","floor":8,"turns":3},{"damage":21,"enemies":"Gremlin Nob","floor":11,"turns":4},{"damage":0,"enemies":"Large Slime","floor":14,"turns":4},{"damage":26,"enemies":"The Guardian","floor":16,"turns":8},{"damage":28,"enemies":"2 Thieves","floor":18,"turns":4},{"damage":0,"enemies":"Chosen","floor":19,"turns":4},{"damage":0,"enemies":"Snecko","floor":21,"turns":4},{"damage":40,"enemies":"Gremlin Leader","floor":24,"turns":6},{"damage":12,"enemies":"Centurion and Healer","floor":27,"turns":6},{"damage":3,"enemies":"Cultist and Chosen","floor":31,"turns":3},{"damage":27,"enemies":"Collector","floor":33,"turns":3}],"seed_played":"5403737719936726171","potions_obtained":[{"floor":2,"key":"Dexterity Potion"},{"floor":5,"key":"SkillPotion"},{"floor":14,"key":"SteroidPotion"},{"floor":19,"key":"GamblersBrew"},{"floor":31,"key":"PowerPotion"}],"is_trial":false,"path_per_floor":["M","M","?","M","M","R","M","M","T","?","E","T","$","M","R","B",null,"M","M","$","M","?","R","E","?","T","M","R","?","T","M","R"],"character_chosen":"IRONCLAD","items_purchased":["Ancient Tea Set","Red Skull","Metallicize"],"campfire_rested":0,"item_purchase_floors":[13,20,20],"current_hp_per_floor":[74,67,60,62,38,38,39,38,38,67,52,52,52,58,58,38,88,66,72,72,78,62,62,28,28,28,22,22,22,22,25,25,0],"gold":295,"neow_bonus":"TEN_PERCENT_HP_BONUS","is_prod":false,"is_daily":false,"chose_seed":false,"campfire_upgraded":5,"win_rate":0,"timestamp":1538031364,"path_taken":["M","M","?","M","?","R","M","?","T","?","E","?","$","M","R","BOSS","M","M","$","M","?","R","E","?","T","M","R","?","?","?","R","BOSS"],"build_version":"2018-09-20","purchased_purges":0,"victory":false,"max_hp_per_floor":[88,88,88,88,88,88,88,88,88,88,88,88,88,88,88,88,88,88,88,88,88,88,88,88,88,88,88,88,88,88,88,88,88],"card_choices":[{"not_picked":["Warcry","Thunderclap"],"picked":"Corruption","floor":1},{"not_picked":["Seeing Red","Armaments"],"picked":"Clash","floor":2},{"not_picked":["Wild Strike","Headbutt"],"picked":"Clothesline","floor":4},{"not_picked":["Corruption","Body Slam","Brutality"],"picked":"SKIP","floor":5},{"not_picked":["Dropkick","Heavy Blade"],"picked":"Infernal Blade","floor":7},{"not_picked":["Headbutt","Anger"],"picked":"Inflame","floor":8},{"not_picked":["Clothesline","Entrench"],"picked":"Metallicize","floor":11},{"not_picked":["Berserk","Anger"],"picked":"Cleave","floor":14},{"not_picked":["Immolate","Reaper"],"picked":"Demon Form","floor":16},{"not_picked":["Body Slam","Ghostly Armor"],"picked":"Spot Weakness+1","floor":18},{"not_picked":["Sever Soul","Shockwave"],"picked":"Iron Wave","floor":19},{"not_picked":["Entrench","Evolve"],"picked":"Spot Weakness","floor":21},{"not_picked":["Dropkick","Battle Trance"],"picked":"Combust","floor":24},{"not_picked":["Pommel Strike","Body Slam+1"],"picked":"Iron Wave+1","floor":27},{"not_picked":["Twin Strike","Iron Wave"],"picked":"Dual Wield","floor":31}],"player_experience":221719,"relics_obtained":[{"floor":9,"key":"Anchor"},{"floor":11,"key":"Letter Opener"},{"floor":12,"key":"Happy Flower"},{"floor":22,"key":"Necronomicon"},{"floor":24,"key":"MawBank"},{"floor":26,"key":"Tiny Chest"},{"floor":30,"key":"Bronze Scales"}],"event_choices":[{"event_name":"Golden Wing","player_choice":"Card Removal","floor":3,"damage_taken":0},{"event_name":"Big Fish","player_choice":"Banana","floor":10,"damage_taken":0},{"event_name":"Cursed Tome","player_choice":"Obtained Book","floor":22,"damage_taken":0},{"event_name":"The Mausoleum","player_choice":"Yes","floor":25,"damage_taken":0},{"event_name":"N\u0027loth","player_choice":"Traded a Red Skull","floor":29,"damage_taken":0}],"is_beta":false,"boss_relics":[{"not_picked":["Runic Dome","Empty Cage"],"picked":"Runic Pyramid"}],"items_purged_floors":[],"is_endless":false,"potions_floor_spawned":[2,5,14,19,31],"killed_by":"Collector","ascension_level":3}