{"gold_per_floor":[116,127,127,147,147,147,174,174,174,174,193,209,209,225,225,225],"floor_reached":16,"playtime":720,"items_purged":[],"score":117,"play_id":"58974a0d-4a78-4727-ab69-6dbad1874014","local_time":"20180910194417","is_ascension_mode":true,"campfire_choices":[{"data":"Dodge and Roll","floor":6,"key":"SMITH"},{"data":"Cloak And Dagger","floor":8,"key":"SMITH"},{"data":"Quick Slash","floor":10,"key":"SMITH"},{"data":"Burst","floor":13,"key":"SMITH"},{"data":"Leg Sweep","floor":15,"key":"SMITH"}],"neow_cost":"NONE","seed_source_timestamp":1167330394970673,"circlet_count":0,"master_deck":["Defend_G","Defend_G","Defend_G","Defend_G","Strike_G+1","Strike_G","Strike_G","Strike_G","Strike_G","Survivor","Neutralize","Cloak And Dagger+1","Dodge and Roll+1","Quick Slash+1","Infinite Blades+1","Quick Slash+1","Burst+1","Sucker Punch+1","Leg Sweep+1"],"special_seed":0,"relics":["Ring of the Snake","Blood Vial","Molten Egg 2","Darkstone Periapt"],"potions_floor_usage":[16,16],"damage_taken":[{"damage":0,"enemies":"Cultist","floor":1,"turns":4},{"damage":1,"enemies":"Small Slimes","floor":2,"turns":3},{"damage":0,"enemies":"Jaw Worm","floor":4,"turns":4},{"damage":16,"enemies":"Gremlin Nob","floor":7,"turns":4},{"damage":0,"enemies":"3 Louse","floor":11,"turns":4},{"damage":9,"enemies":"Gremlin Gang","floor":12,"turns":5},{"damage":5,"enemies":"2 Fungi Beasts","floor":14,"turns":3},{"damage":37,"enemies":"Slime Boss","floor":16,"turns":8}],"seed_played":"-536675223026077889","potions_obtained":[{"floor":2,"key":"SpeedPotion"},{"floor":12,"key":"Explosive Potion"},{"floor":14,"key":"Poison Potion"}],"is_trial":false,"path_per_floor":["M","M","?","M","?","R","E","R","T","R","M","M","R","M","R"],"character_chosen":"THE_SILENT","items_purchased":[],"campfire_rested":0,"item_purchase_floors":[],"current_hp_per_floor":[70,69,69,70,56,56,42,42,42,42,44,37,37,34,34,0],"gold":225,"neow_bonus":"RANDOM_COMMON_RELIC","is_prod":false,"is_daily":false,"chose_seed":false,"campfire_upgraded":5,"win_rate":0,"timestamp":1536574457,"path_taken":["M","?","?","?","?","R","E","R","T","R","M","?","R","M","R","BOSS"],"build_version":"2018-09-06","purchased_purges":0,"victory":false,"max_hp_per_floor":[70,70,70,70,70,70,70,70,70,70,70,70,70,70,70,70],"card_choices":[{"not_picked":["PiercingWail","Deflect"],"picked":"Cloak And Dagger","floor":1},{"not_picked":["PiercingWail","Dagger Throw"],"picked":"Dodge and Roll","floor":2},{"not_picked":["Riddle With Holes","Poisoned Stab"],"picked":"Infinite Blades","floor":4},{"not_picked":["Calculated Gamble","Deflect"],"picked":"Quick Slash","floor":7},{"not_picked":["PiercingWail","Deflect"],"picked":"Burst","floor":11},{"not_picked":["Distraction","Setup"],"picked":"Sucker Punch+1","floor":12},{"not_picked":["Finisher+1","Prepared"],"picked":"Leg Sweep","floor":14}],"player_experience":166651,"relics_obtained":[{"floor":7,"key":"Molten Egg 2"},{"floor":9,"key":"Darkstone Periapt"}],"event_choices":[{"event_name":"Transmorgrifier","player_choice":"Transform","floor":3,"damage_taken":0},{"event_name":"Shining Light","player_choice":"Entered Light","floor":5,"damage_taken":0}],"is_beta":false,"boss_relics":[],"items_purged_floors":[],"is_endless":false,"potions_floor_spawned":[2,12,14],"killed_by":"Slime Boss","ascension_level":3}