{"gold_per_floor":[115,1,76,76,91,132,132,150,198,212,4,19,19,50,50,176,239,263,279,357,380,480,480,519,519,519,537,737,762,762,762],"floor_reached":31,"playtime":1285,"items_purged":["Strike_G"],"score":419,"play_id":"96c2cc85-965c-4429-afa1-0635feadd016","local_time":"20181029194738","is_ascension_mode":true,"campfire_choices":[{"data":"Poisoned Stab","floor":7,"key":"SMITH"},{"data":"Noxious Fumes","floor":13,"key":"SMITH"},{"floor":15,"key":"REST"},{"floor":23,"key":"REST"},{"data":"Noxious Fumes","floor":25,"key":"SMITH"}],"neow_cost":"NONE","seed_source_timestamp":126771728196790,"circlet_count":0,"master_deck":["Defend_G","Defend_G","Defend_G","Defend_G","Defend_G","Strike_G+1","Strike_G","Strike_G","Strike_G","Survivor","Neutralize","Poisoned Stab+1","Noxious Fumes+1","Backflip","Dash","Caltrops","Noxious Fumes+1","Malaise","Corpse Explosion","Well Laid Plans","Catalyst","Well Laid Plans","Crippling Poison","Writhe"],"relics":["Ring of the Snake","NeowsBlessing","Golden Idol","Potion Belt","Art of War","DollysMirror","Paper Crane","Tiny House","The Courier","Juzu Bracelet","Matryoshka","Gambling Chip"],"potions_floor_usage":[14,19,19,24,24,24,24,24,24,29,29,31],"damage_taken":[{"damage":0,"enemies":"Small Slimes","floor":1,"turns":1},{"damage":0,"enemies":"Jaw Worm","floor":5,"turns":1},{"damage":0,"enemies":"Lagavulin","floor":6,"turns":1},{"damage":0,"enemies":"2 Louse","floor":8,"turns":2},{"damage":1,"enemies":"Looter","floor":10,"turns":4},{"damage":12,"enemies":"Exordium Thugs","floor":12,"turns":4},{"damage":23,"enemies":"Gremlin Nob","floor":14,"turns":5},{"damage":33,"enemies":"Slime Boss","floor":16,"turns":8},{"damage":8,"enemies":"Spheric Guardian","floor":18,"turns":4},{"damage":11,"enemies":"3 Byrds","floor":19,"turns":3},{"damage":24,"enemies":"Centurion and Healer","floor":21,"turns":4},{"damage":3,"enemies":"Slavers","floor":24,"turns":2},{"damage":30,"enemies":"Shelled Parasite and Fungi","floor":27,"turns":6},{"damage":0,"enemies":"Snecko","floor":29,"turns":6},{"damage":18,"enemies":"Centurion and Healer","floor":31,"turns":1}],"seed_played":"-8020962390564488907","potions_obtained":[{"floor":8,"key":"Strength Potion"},{"floor":10,"key":"SteroidPotion"},{"floor":12,"key":"Poison Potion"},{"floor":14,"key":"Dexterity Potion"},{"floor":16,"key":"Explosive Potion"},{"floor":17,"key":"Regen Potion"},{"floor":18,"key":"LiquidBronze"},{"floor":19,"key":"EntropicBrew"},{"floor":21,"key":"Fire Potion"}],"is_trial":false,"path_per_floor":["M","$","?","?","M","E","R","M","T","M","$","M","R","E","R","B",null,"M","M","T","M","?","R","E","R","T","M","?","M","?"],"character_chosen":"THE_SILENT","items_purchased":["Noxious Fumes","DollysMirror"],"campfire_rested":2,"item_purchase_floors":[2,11],"current_hp_per_floor":[70,70,59,59,59,59,59,59,59,58,58,46,46,23,42,9,56,48,37,37,13,13,34,40,40,40,10,10,10,10,0],"gold":762,"neow_bonus":"THREE_ENEMY_KILL","is_prod":false,"is_daily":false,"chose_seed":false,"campfire_upgraded":3,"win_rate":0,"timestamp":1540804658,"path_taken":["M","$","?","?","?","E","R","M","T","M","$","M","R","E","R","BOSS","M","M","?","?","?","R","E","R","T","M","?","M","?","M"],"build_version":"2018-10-25v2","purchased_purges":1,"victory":false,"max_hp_per_floor":[70,70,70,65,65,65,65,65,65,65,65,65,65,65,65,65,70,70,70,70,70,70,70,70,70,70,70,70,70,70,70],"card_choices":[{"not_picked":["Dodge and Roll","Flechettes"],"picked":"Poisoned Stab","floor":1},{"not_picked":["Prepared","Cloak And Dagger"],"picked":"Backflip","floor":5},{"not_picked":["Masterful Stab","Dodge and Roll","Tactician"],"picked":"SKIP","floor":6},{"not_picked":["Poisoned Stab","Concentrate"],"picked":"Dash","floor":8},{"not_picked":["Slice","Accuracy"],"picked":"Caltrops","floor":10},{"not_picked":["Dodge and Roll","Sucker Punch","Infinite Blades"],"picked":"SKIP","floor":12},{"not_picked":["Prepared","Backflip"],"picked":"Malaise","floor":14},{"not_picked":["Glass Knife","Night Terror"],"picked":"Corpse Explosion","floor":16},{"not_picked":["Cloak And Dagger","Prepared"],"picked":"Well Laid Plans","floor":17},{"not_picked":["Deflect","Dagger Spray+1","Expertise"],"picked":"SKIP","floor":18},{"not_picked":["Dagger Throw+1","Acrobatics+1"],"picked":"Catalyst","floor":19},{"not_picked":["Eviscerate+1","Dagger Throw","Acrobatics"],"picked":"SKIP","floor":21},{"not_picked":["Concentrate","Flechettes","Underhanded Strike"],"picked":"SKIP","floor":24},{"not_picked":["Outmaneuver","Blade Dance"],"picked":"Well Laid Plans","floor":27},{"not_picked":["Doppelganger","Underhanded Strike+1"],"picked":"Crippling Poison","floor":29}],"player_experience":360930,"relics_obtained":[{"floor":6,"key":"Potion Belt"},{"floor":9,"key":"Art of War"},{"floor":14,"key":"Paper Crane"},{"floor":20,"key":"The Courier"},{"floor":24,"key":"Juzu Bracelet"},{"floor":26,"key":"Matryoshka"}],"event_choices":[{"damage_healed":0,"gold_gain":75,"player_choice":"Gather Gold","damage_taken":11,"max_hp_gain":0,"max_hp_loss":0,"event_name":"World of Goop","floor":3,"gold_loss":0},{"damage_healed":0,"gold_gain":0,"player_choice":"Lose Max HP","damage_taken":0,"relics_obtained":["Golden Idol"],"max_hp_gain":0,"max_hp_loss":5,"event_name":"Golden Idol","floor":4,"gold_loss":0},{"damage_healed":0,"gold_gain":100,"player_choice":"Pray","damage_taken":0,"max_hp_gain":0,"max_hp_loss":0,"event_name":"Golden Shrine","floor":22,"gold_loss":0},{"damage_healed":0,"gold_gain":200,"player_choice":"Gold","damage_taken":0,"max_hp_gain":0,"max_hp_loss":0,"event_name":"Wheel of Change","floor":28,"gold_loss":0},{"damage_healed":0,"gold_gain":0,"player_choice":"Opened","damage_taken":0,"relics_obtained":["Gambling Chip"],"max_hp_gain":0,"max_hp_loss":0,"event_name":"The Mausoleum","floor":30,"gold_loss":0,"cards_obtained":["Writhe"]}],"is_beta":false,"boss_relics":[{"not_picked":["Coffee Dripper","WristBlade"],"picked":"Tiny House"}],"items_purged_floors":[2],"is_endless":false,"potions_floor_spawned":[8,10,12,14,16,18,19,21],"killed_by":"Centurion and Healer","ascension_level":5}