{"gold_per_floor":[115,40,40,58,103,137,156,185,260,260,260],"floor_reached":11,"playtime":147,"items_purged":[],"score":201,"play_id":"b961afb7-9479-454a-8a84-c146ef4f633a","local_time":"20180926074558","is_ascension_mode":true,"campfire_choices":[{"data":"Zap","floor":10.0,"key":"SMITH"}],"neow_cost":"NONE","seed_source_timestamp":0,"circlet_count":0,"master_deck":["Strike_B","Strike_B","Strike_B","Strike_B","Defend_B","Defend_B","Defend_B","Zap+1","Dualcast","AscendersBane","Beam Cell","Defragment","Glacier","Recycle","Cold Snap"],"special_seed":0,"relics":["Cracked Core","NeowsBlessing","Happy Flower","Calipers","Gremlin Horn","Blue Candle"],"potions_floor_usage":[],"damage_taken":[{"damage":0.0,"enemies":"Jaw Worm","floor":1.0,"turns":1.0},{"damage":0.0,"enemies":"Small Slimes","floor":4.0,"turns":1.0},{"damage":0.0,"enemies":"Lagavulin","floor":6.0,"turns":1.0},{"damage":2.0,"enemies":"2 Louse","floor":7.0,"turns":3.0},{"damage":34.0,"enemies":"Gremlin Nob","floor":8.0,"turns":5.0},{"damage":0,"enemies":"Gremlin Gang","floor":11,"turns":1}],"seed_played":"8280570952455786121","potions_obtained":[{"floor":1.0,"key":"SkillPotion"},{"floor":3.0,"key":"Explosive Potion"},{"floor":3.0,"key":"Fruit Juice"},{"floor":7.0,"key":"FocusPotion"}],"is_trial":false,"path_per_floor":["M","?","?","M","T","E","M","E","T","R"],"character_chosen":"DEFECT","items_purchased":[],"campfire_rested":0,"item_purchase_floors":[],"current_hp_per_floor":[64,64,69,69,69,69,67,33,33,33,33],"gold":260,"neow_bonus":"THREE_ENEMY_KILL","is_prod":false,"is_daily":false,"chose_seed":false,"campfire_upgraded":1,"win_rate":0,"timestamp":1537915558,"path_taken":["M","?","?","?","?","E","?","E","T","R","M"],"build_version":"2018-09-20","purchased_purges":0,"victory":false,"max_hp_per_floor":[71,71,76,76,76,76,76,76,76,76,76],"card_choices":[{"not_picked":["Aggregate","Stack"],"picked":"Beam Cell","floor":1.0},{"not_picked":["Stack","Sweeping Beam"],"picked":"Defragment","floor":4.0},{"not_picked":["Rebound","Undo"],"picked":"Glacier","floor":6.0},{"not_picked":["Leap","Turbo"],"picked":"Recycle","floor":7.0},{"not_picked":["Chill","Steam"],"picked":"Cold Snap","floor":8.0}],"player_experience":697761,"relics_obtained":[{"floor":5.0,"key":"Happy Flower"},{"floor":6.0,"key":"Calipers"},{"floor":8.0,"key":"Gremlin Horn"},{"floor":9.0,"key":"Blue Candle"}],"event_choices":[{"event_name":"The Cleric","player_choice":"Card Removal","floor":2.0,"damage_taken":0.0},{"event_name":"The Lab","player_choice":"Got Potions","floor":3.0,"damage_taken":0.0}],"is_beta":false,"boss_relics":[],"items_purged_floors":[],"is_endless":false,"potions_floor_spawned":[1,7],"killed_by":"Gremlin Gang","ascension_level":18}