{"gold_per_floor":[110,129,79,93,18,52,52,52,101,130,130,143,143,43,43,43],"floor_reached":16,"playtime":485,"items_purged":["Strike_G","Strike_G"],"score":135,"play_id":"9fe321ed-d6e9-415c-9bfe-a8fe61c0b32b","local_time":"20181024075624","is_ascension_mode":true,"campfire_choices":[{"data":"Adrenaline","floor":8,"key":"SMITH"},{"floor":11,"key":"REST"},{"data":"All Out Attack","floor":13,"key":"SMITH"},{"floor":15,"key":"REST"}],"neow_cost":"NONE","seed_source_timestamp":409729806417949,"circlet_count":0,"master_deck":["Defend_G","Defend_G","Defend_G","Defend_G","Defend_G","Strike_G","Strike_G","Survivor","Neutralize","Die Die Die","All Out Attack+1","All Out Attack","Adrenaline+1","PiercingWail"],"relics":["Ring of the Snake","Happy Flower","Boot","Anchor"],"potions_floor_usage":[10],"damage_taken":[{"damage":0,"enemies":"Cultist","floor":1,"turns":4},{"damage":7,"enemies":"Small Slimes","floor":2,"turns":3},{"damage":1,"enemies":"2 Louse","floor":4,"turns":2},{"damage":15,"enemies":"3 Sentries","floor":6,"turns":3},{"damage":30,"enemies":"Gremlin Nob","floor":10,"turns":4},{"damage":0,"enemies":"Blue Slaver","floor":12,"turns":2},{"damage":63,"enemies":"Slime Boss","floor":16,"turns":10}],"seed_played":"-3930887720222711290","potions_obtained":[{"floor":1,"key":"FearPotion"},{"floor":4,"key":"FearPotion"}],"is_trial":false,"path_per_floor":["M","M","?","M","$","E","?","R","T","E","R","M","R","$","R"],"character_chosen":"THE_SILENT","items_purchased":[],"campfire_rested":2,"item_purchase_floors":[],"current_hp_per_floor":[70,63,63,62,62,47,47,47,47,17,38,38,38,38,59,0],"gold":43,"neow_bonus":"ONE_RANDOM_RARE_CARD","is_prod":false,"is_daily":false,"chose_seed":false,"campfire_upgraded":2,"win_rate":0,"timestamp":1540329984,"path_taken":["M","?","?","M","$","E","?","R","T","E","R","M","R","?","R","BOSS"],"build_version":"2018-10-18","purchased_purges":2,"victory":false,"max_hp_per_floor":[70,70,70,70,70,70,70,70,70,70,70,70,70,70,70,70],"card_choices":[{"not_picked":["Cloak And Dagger","Prepared"],"picked":"All Out Attack","floor":1},{"not_picked":["Cloak And Dagger","PiercingWail"],"picked":"All Out Attack","floor":2},{"not_picked":["Quick Slash","Blade Dance","Deadly Poison"],"picked":"SKIP","floor":4},{"not_picked":["Sucker Punch","Malaise"],"picked":"Adrenaline","floor":6},{"not_picked":["Infinite Blades","Caltrops"],"picked":"PiercingWail","floor":10},{"not_picked":["Deflect","Infinite Blades","Slice"],"picked":"SKIP","floor":12}],"player_experience":341752,"relics_obtained":[{"floor":6,"key":"Happy Flower"},{"floor":9,"key":"Boot"},{"floor":10,"key":"Anchor"}],"event_choices":[{"cards_removed":["Strike_G"],"damage_healed":0,"gold_gain":0,"player_choice":"Card Removal","damage_taken":0,"max_hp_gain":0,"max_hp_loss":0,"event_name":"The Cleric","floor":3,"gold_loss":50},{"damage_healed":0,"gold_gain":0,"player_choice":"Ignored","damage_taken":0,"max_hp_gain":0,"max_hp_loss":0,"event_name":"Liars Game","floor":7,"gold_loss":0}],"is_beta":false,"boss_relics":[],"items_purged_floors":[5,14],"is_endless":false,"potions_floor_spawned":[1,4],"killed_by":"Slime Boss","ascension_level":5}