{"gold_per_floor":[110,110,122,82,27,27,40,365,365,382,407,419,431,458,470,555,567,595,657,681,331,346,346,371,9,32,32,52,77,77,88,88,164,164,175,175,225,225,325,325,357,29,29,29,82,95,105,119,119,119,119,119,119,29,61,61],"floor_reached":56,"playtime":2459,"items_purged":["Strike_B"],"score":1931,"play_id":"57d1a561-b25e-45ce-b18c-f195ef7e018b","local_time":"20181217051319","is_ascension_mode":true,"campfire_choices":[{"data":"Fission","floor":6.0,"key":"SMITH"},{"floor":13.0,"key":"REST"},{"data":"Glacier","floor":15.0,"key":"SMITH"},{"floor":23.0,"key":"REST"},{"floor":32.0,"key":"REST"},{"floor":40.0,"key":"RECALL"},{"floor":49.0,"key":"REST"},{"floor":53.0,"key":"REST"}],"neow_cost":"NONE","seed_source_timestamp":295318654618278,"circlet_count":0,"master_deck":["AscendersBane","Strike_B","Strike_B","Defend_B","Defend_B+1","Defend_B","Zap+1","Dualcast+1","Fission+1","Ball Lightning","Scrape","Ball Lightning","Glacier+1","Seek","Ball Lightning","Ball Lightning","Cold Snap","Biased Cognition","Defragment+1","Compile Driver","Cold Snap","Chill","Coolheaded","Compile Driver+1","Core Surge+1","Compile Driver+1","Hologram+1","Defragment+1","Secret Weapon","Coolheaded+1","Ball Lightning+1","Capacitor"],"special_seed":0,"relics":["Cracked Core","Old Coin","Incense Burner","MawBank","Fusion Hammer","OrangePellets","Matryoshka","Membership Card","Mummified Hand","Potion Belt","Bottled Flame","Molten Egg 2","Eternal Feather","Bronze Scales","Torii","PreservedInsect","Ancient Tea Set","War Paint","Singing Bowl","Happy Flower","Oddly Smooth Stone"],"potions_floor_usage":[56,56],"damage_taken":[{"damage":2.0,"enemies":"2 Louse","floor":1.0,"turns":3.0},{"damage":0.0,"enemies":"Cultist","floor":3.0,"turns":3.0},{"damage":12.0,"enemies":"Small Slimes","floor":7.0,"turns":3.0},{"damage":18.0,"enemies":"Lagavulin","floor":8.0,"turns":6.0},{"damage":29.0,"enemies":"Exordium Thugs","floor":10.0,"turns":5.0},{"damage":14.0,"enemies":"Gremlin Nob","floor":11.0,"turns":3.0},{"damage":0.0,"enemies":"Lots of Slimes","floor":14.0,"turns":1.0},{"damage":9.0,"enemies":"The Guardian","floor":16.0,"turns":11.0},{"damage":6.0,"enemies":"2 Thieves","floor":18.0,"turns":3.0},{"damage":5.0,"enemies":"Shell Parasite","floor":20.0,"turns":3.0},{"damage":9.0,"enemies":"Centurion and Healer","floor":22.0,"turns":3.0},{"damage":22.0,"enemies":"Gremlin Leader","floor":24.0,"turns":4.0},{"damage":2.0,"enemies":"Snake Plant","floor":28.0,"turns":4.0},{"damage":18.0,"enemies":"Book of Stabbing","floor":29.0,"turns":3.0},{"damage":0.0,"enemies":"Colosseum Slavers","floor":30.0,"turns":4.0},{"damage":0.0,"enemies":"Snecko","floor":31.0,"turns":4.0},{"damage":28.0,"enemies":"Automaton","floor":33.0,"turns":9.0},{"damage":0.0,"enemies":"3 Shapes","floor":35.0,"turns":4.0},{"damage":0.0,"enemies":"Mind Bloom Boss Battle","floor":39.0,"turns":5.0},{"damage":54.0,"enemies":"Giant Head","floor":41.0,"turns":9.0},{"damage":0.0,"enemies":"3 Darklings","floor":46.0,"turns":4.0},{"damage":0.0,"enemies":"Sphere and 2 Shapes","floor":47.0,"turns":3.0},{"damage":0.0,"enemies":"Spire Growth","floor":48.0,"turns":3.0},{"damage":23.0,"enemies":"Time Eater","floor":50.0,"turns":11.0},{"damage":16.0,"enemies":"Awakened One","floor":51.0,"turns":18.0},{"damage":44.0,"enemies":"Shield and Spear","floor":55.0,"turns":6.0},{"damage":22,"enemies":"The Heart","floor":56,"turns":8}],"seed_played":"-22301090786255581","potions_obtained":[{"floor":4.0,"key":"Fruit Juice"},{"floor":4.0,"key":"Swift Potion"},{"floor":4.0,"key":"FairyPotion"},{"floor":10.0,"key":"Explosive Potion"},{"floor":14.0,"key":"AttackPotion"},{"floor":16.0,"key":"SkillPotion"},{"floor":20.0,"key":"Energy Potion"},{"floor":29.0,"key":"EssenceOfSteel"},{"floor":47.0,"key":"Energy Potion"},{"floor":55.0,"key":"FocusPotion"}],"is_trial":false,"path_per_floor":["M","?","M","?","$","R","M","E","T","M","E","?","R","M","R","B",null,"M","?","M","$","M","R","E","$","T","$","M","E","?","M","R","B",null,"M","?","T","?","?","R","E","$","T","?","T","M","M","M","R","B","B",null,"R","$","E","B"],"character_chosen":"DEFECT","items_purchased":["Ball Lightning","OrangePellets","FocusPotion","Cold Snap","Membership Card","Mummified Hand","Ancient Tea Set","War Paint","Secret Weapon","SkillPotion","Capacitor","FocusPotion","SpeedPotion"],"campfire_rested":5,"item_purchase_floors":[5,21,21,21,25,25,42,42,42,42,54,54,54],"current_hp_per_floor":[62,62,62,67,67,67,55,37,37,8,7,7,29,29,29,20,62,56,56,51,51,42,64,42,42,42,42,40,22,22,22,44,16,61,61,61,61,61,61,76,22,22,22,62,62,62,64,64,64,41,25,54,64,64,22,0],"gold":61,"neow_bonus":"ONE_RANDOM_RARE_CARD","is_prod":false,"is_daily":false,"chose_seed":false,"campfire_upgraded":2,"win_rate":0,"timestamp":1544991199,"path_taken":["M","?","?","?","$","R","M","E","T","?","E","?","R","M","R","BOSS","M","?","M","$","M","R","E","$","T","?","?","E","?","M","R","BOSS","M","?","?","?","?","R","E","$","T","?","?","?","M","M","R","BOSS","BOSS","R","$","E","BOSS"],"build_version":"2018-12-13","purchased_purges":1,"victory":false,"max_hp_per_floor":[71,71,71,76,76,76,76,76,76,76,76,76,76,76,76,76,76,76,76,76,76,76,76,76,76,76,76,76,76,76,76,76,76,76,76,76,76,76,76,76,76,76,76,62,62,62,64,64,64,64,64,64,64,64,66,66],"card_choices":[{"not_picked":["Hologram","Steam"],"picked":"Ball Lightning","floor":1.0},{"not_picked":["Redo","Turbo"],"picked":"Scrape","floor":3.0},{"not_picked":["Streamline","Self Repair"],"picked":"Glacier","floor":7.0},{"not_picked":["Streamline","Cold Snap"],"picked":"Seek","floor":8.0},{"not_picked":["Self Repair","Undo"],"picked":"Ball Lightning","floor":10.0},{"not_picked":["Streamline","Reinforced Body"],"picked":"Ball Lightning","floor":11.0},{"not_picked":["Double Energy","Conserve Battery"],"picked":"Cold Snap","floor":14.0},{"not_picked":["Multi-Cast","Machine Learning"],"picked":"Biased Cognition","floor":16.0},{"not_picked":["Scrape","Sunder"],"picked":"Defragment+1","floor":18.0},{"not_picked":["Rebound","Sunder"],"picked":"Compile Driver","floor":20.0},{"not_picked":["Ball Lightning","Sweeping Beam+1","Sunder"],"picked":"SKIP","floor":22.0},{"not_picked":["FTL","Leap"],"picked":"Chill","floor":24.0},{"not_picked":["Double Energy+1","Compile Driver"],"picked":"Coolheaded","floor":28.0},{"not_picked":["Go for the Eyes","White Noise"],"picked":"Compile Driver","floor":29.0},{"not_picked":["Streamline+1","Fusion","White Noise"],"picked":"SKIP","floor":31.0},{"not_picked":["Buffer","Rainbow"],"picked":"Core Surge+1","floor":33.0},{"not_picked":["Stack","Barrage+1"],"picked":"Compile Driver+1","floor":35.0},{"not_picked":["Beam Cell+1","Leap"],"picked":"Hologram+1","floor":39.0},{"not_picked":["Reboot","Multi-Cast"],"picked":"Defragment+1","floor":41.0},{"not_picked":["Steam Power+1","Skim"],"picked":"Coolheaded+1","floor":46.0},{"not_picked":["Gash+1","Heatsinks+1","Turbo"],"picked":"Singing Bowl","floor":47.0},{"not_picked":["Double Energy","Redo"],"picked":"Ball Lightning+1","floor":48.0},{"not_picked":["BootSequence","Coolheaded","Consume"],"picked":"Singing Bowl","floor":55.0}],"player_experience":804192,"relics_obtained":[{"floor":8.0,"key":"Old Coin"},{"floor":9.0,"key":"Incense Burner"},{"floor":11.0,"key":"MawBank"},{"floor":24.0,"key":"Matryoshka"},{"floor":26.0,"key":"Potion Belt"},{"floor":26.0,"key":"Bottled Flame"},{"floor":29.0,"key":"Molten Egg 2"},{"floor":37.0,"key":"Bronze Scales"},{"floor":39.0,"key":"Torii"},{"floor":41.0,"key":"PreservedInsect"},{"floor":43.0,"key":"Singing Bowl"},{"floor":45.0,"key":"Happy Flower"},{"floor":55.0,"key":"Oddly Smooth Stone"}],"event_choices":[{"cards_removed":["Strike_B"],"damage_healed":0.0,"max_hp_gain":0.0,"max_hp_loss":0.0,"gold_gain":0.0,"event_name":"Purifier","player_choice":"Purged","floor":2.0,"gold_loss":0.0,"damage_taken":0.0},{"damage_healed":0.0,"max_hp_gain":0.0,"max_hp_loss":0.0,"gold_gain":0.0,"event_name":"The Woman in Blue","player_choice":"Bought 3 Potions","floor":4.0,"gold_loss":0.0,"damage_taken":0.0},{"damage_healed":0.0,"max_hp_gain":0.0,"max_hp_loss":0.0,"gold_gain":0.0,"event_name":"Living Wall","player_choice":"Grow","floor":12.0,"gold_loss":0.0,"damage_taken":0.0,"cards_upgraded":["Zap"]},{"damage_healed":0.0,"max_hp_gain":0.0,"max_hp_loss":0.0,"gold_gain":50.0,"event_name":"Golden Shrine","player_choice":"Pray","floor":19.0,"gold_loss":0.0,"damage_taken":0.0},{"damage_healed":0.0,"max_hp_gain":0.0,"max_hp_loss":0.0,"gold_gain":0.0,"event_name":"Colosseum","player_choice":"Fight","floor":30.0,"gold_loss":0.0,"damage_taken":0.0},{"damage_healed":0.0,"max_hp_gain":0.0,"max_hp_loss":0.0,"gold_gain":0.0,"event_name":"Colosseum","player_choice":"Fled From Nobs","floor":30.0,"gold_loss":0.0,"damage_taken":0.0},{"cards_removed":["Defend_B"],"damage_healed":0.0,"max_hp_gain":0.0,"max_hp_loss":0.0,"gold_gain":0.0,"event_name":"Falling","player_choice":"Removed Skill","floor":36.0,"gold_loss":0.0,"damage_taken":0.0},{"damage_healed":0.0,"max_hp_gain":0.0,"max_hp_loss":0.0,"gold_gain":0.0,"event_name":"Mysterious Sphere","player_choice":"Ignored","floor":38.0,"gold_loss":0.0,"damage_taken":0.0},{"damage_healed":0.0,"max_hp_gain":0.0,"max_hp_loss":0.0,"gold_gain":0.0,"event_name":"MindBloom","player_choice":"Fight","floor":39.0,"gold_loss":0.0,"damage_taken":0.0},{"damage_healed":62.0,"max_hp_gain":0.0,"max_hp_loss":14.0,"gold_gain":0.0,"event_name":"The Moai Head","player_choice":"Heal","floor":44.0,"gold_loss":0.0,"damage_taken":0.0}],"is_beta":false,"boss_relics":[{"not_picked":["Calling Bell","Runic Pyramid"],"picked":"Fusion Hammer"},{"not_picked":["Runic Dome","Pandora\u0027s Box"],"picked":"Eternal Feather"}],"items_purged_floors":[42],"is_endless":false,"potions_floor_spawned":[7,10,14,16,20,22,24,29,30,47,55],"killed_by":"The Heart","ascension_level":20}