{"gold_per_floor":[112,112,112,128,128,128,143,157,184,184,63,63,89,104,104,199,199,213,242,242,242,259,287,187,187,187,203,234,250,250,260,260,364,364,376,392,392,442,452,452,482,482,534,534,168,199,199,199,199,199],"floor_reached":51,"playtime":3929,"items_purged":["Strike_G","Strike_G","Strike_G"],"score":804,"play_id":"ca38a209-f9f2-400b-ad06-511516c18c44","local_time":"20180830210802","is_ascension_mode":true,"campfire_choices":[{"data":"Quick Slash","floor":6,"key":"SMITH"},{"data":"Blade Dance","floor":10,"key":"SMITH"},{"data":"Cloak And Dagger","floor":12,"key":"SMITH"},{"data":"Finisher","floor":15,"key":"SMITH"},{"data":"Infinite Blades","floor":25,"key":"SMITH"},{"data":"Accuracy","floor":30,"key":"SMITH"},{"data":"Backstab","floor":32,"key":"SMITH"},{"data":"Cloak And Dagger","floor":40,"key":"SMITH"},{"data":"A Thousand Cuts","floor":42,"key":"SMITH"},{"data":"Cloak And Dagger","floor":44,"key":"SMITH"},{"data":"Finisher","floor":47,"key":"SMITH"},{"data":"Backstab","floor":49,"key":"SMITH"}],"neow_cost":"NONE","seed_source_timestamp":218562107504430,"circlet_count":0,"master_deck":["Defend_G","Defend_G","Defend_G","Defend_G","Strike_G","Strike_G","Survivor","Neutralize","Accuracy+1","Blade Dance+1","Backstab+1","Cloak And Dagger+1","Finisher+1","Finisher+1","Slice","Cloak And Dagger+1","Infinite Blades+1","Backstab+1","Accuracy+1","Terror+1","Cloak And Dagger+1","A Thousand Cuts+1","Backstab+1"],"relics":["Ring of the Snake","Regal Pillow","Shuriken","Pen Nib","Ninja Scroll","Orrery","Red Mask","Gremlin Horn","Dream Catcher","The Courier","Art of War","Lizard Tail","Omamori","Boot","Centennial Puzzle","Bag of Marbles","Anchor","Turnip","Blood Vial"],"potions_floor_usage":[13,16,19,31,31,39,41,46,50],"damage_taken":[{"damage":0,"enemies":"2 Louse","floor":1,"turns":5},{"damage":0,"enemies":"Jaw Worm","floor":4,"turns":4},{"damage":0,"enemies":"Cultist","floor":7,"turns":3},{"damage":0,"enemies":"Blue Slaver","floor":8,"turns":5},{"damage":1,"enemies":"3 Sentries","floor":13,"turns":3},{"damage":0,"enemies":"3 Louse","floor":14,"turns":1},{"damage":6,"enemies":"The Guardian","floor":16,"turns":5},{"damage":0,"enemies":"3 Byrds","floor":18,"turns":3},{"damage":2,"enemies":"Masked Bandits","floor":19,"turns":3},{"damage":0,"enemies":"Shell Parasite","floor":22,"turns":1},{"damage":0,"enemies":"Slavers","floor":23,"turns":2},{"damage":0,"enemies":"Centurion and Healer","floor":27,"turns":2},{"damage":0,"enemies":"Gremlin Leader","floor":28,"turns":1},{"damage":0,"enemies":"Chosen and Byrds","floor":29,"turns":1},{"damage":0,"enemies":"Snecko","floor":31,"turns":1},{"damage":18,"enemies":"Champ","floor":33,"turns":3},{"damage":0,"enemies":"3 Darklings","floor":35,"turns":1},{"damage":13,"enemies":"3 Shapes","floor":36,"turns":2},{"damage":0,"enemies":"Transient","floor":39,"turns":5},{"damage":4,"enemies":"Nemesis","floor":41,"turns":3},{"damage":0,"enemies":"Giant Head","floor":46,"turns":2},{"damage":42,"enemies":"Awakened One","floor":50,"turns":5}],"seed_played":"4630955951143983861","potions_obtained":[{"floor":1,"key":"SkillPotion"},{"floor":8,"key":"Poison Potion"},{"floor":13,"key":"SkillPotion"},{"floor":18,"key":"Fire Potion"},{"floor":22,"key":"Swift Potion"},{"floor":27,"key":"Energy Potion"},{"floor":33,"key":"PowerPotion"},{"floor":36,"key":"Energy Potion"},{"floor":41,"key":"PowerPotion"}],"is_trial":false,"path_per_floor":["M","?","?","M","T","R","M","M","T","R","$","R","E","M","R","B",null,"M","?","T","?","M","E","$","R","T","M","E","M","R","M","R","B",null,"M","M","?","T","M","R","E","R","T","R","$","E","R","T","R","B"],"character_chosen":"THE_SILENT","items_purchased":["Cloak And Dagger","Bag of Marbles","Anchor"],"campfire_rested":0,"item_purchase_floors":[11,45,45],"current_hp_per_floor":[70,63,63,63,63,63,63,63,63,63,63,63,62,62,62,56,70,70,68,68,68,68,68,68,68,68,68,68,68,68,68,68,50,70,70,57,57,57,57,57,53,53,53,53,53,53,53,53,53,13],"gold":199,"neow_bonus":"RANDOM_COMMON_RELIC","is_prod":false,"is_daily":false,"chose_seed":false,"campfire_upgraded":12,"win_rate":0,"timestamp":1535629082,"path_taken":["M","?","?","M","?","R","M","M","T","R","$","R","E","M","R","BOSS","M","?","?","?","M","E","$","R","T","?","E","M","R","M","R","BOSS","M","M","?","?","?","R","E","R","T","R","$","E","R","?","R","BOSS"],"build_version":"2018-08-23v2","purchased_purges":3,"victory":true,"max_hp_per_floor":[70,70,70,70,70,70,70,70,70,70,70,70,70,70,70,70,70,70,70,70,70,70,70,70,70,70,70,70,70,70,70,70,70,70,70,70,70,70,70,70,70,70,70,70,70,70,70,70,70,70],"card_choices":[{"not_picked":["Dagger Throw","Sucker Punch"],"picked":"Accuracy","floor":1},{"not_picked":["Heel Hook","Slice"],"picked":"Quick Slash","floor":4},{"not_picked":["Poisoned Stab","Acrobatics"],"picked":"Blade Dance","floor":7},{"not_picked":["Blur","Expertise"],"picked":"Backstab","floor":8},{"not_picked":["Distraction","Deadly Poison"],"picked":"Finisher","floor":13},{"not_picked":["Dagger Spray","Expertise"],"picked":"Finisher","floor":14},{"not_picked":["Bane","Sucker Punch"],"picked":"Slice","floor":17},{"not_picked":["Skewer","Poisoned Stab"],"picked":"Cloak And Dagger","floor":17},{"not_picked":["Dagger Spray","Cloak And Dagger"],"picked":"Infinite Blades","floor":17},{"not_picked":["Glass Knife","Distraction"],"picked":"Backstab","floor":17},{"not_picked":["Slice","Finisher"],"picked":"Accuracy","floor":18},{"not_picked":["PiercingWail","Acrobatics"],"picked":"Terror+1","floor":19},{"not_picked":["Deflect+1","PiercingWail","Calculated Gamble"],"picked":"SKIP","floor":22},{"not_picked":["Tactician","Underhanded Strike","Poisoned Stab"],"picked":"SKIP","floor":23},{"not_picked":["Slice+1","Blur"],"picked":"Cloak And Dagger","floor":27},{"not_picked":["Sucker Punch+1","Backflip","Acrobatics+1"],"picked":"SKIP","floor":28},{"not_picked":["Dagger Spray+1","Outmaneuver","Backstab"],"picked":"SKIP","floor":29},{"not_picked":["Flechettes","Prepared","Venomology"],"picked":"SKIP","floor":31},{"not_picked":["Dagger Throw+1","Sucker Punch","Backflip+1"],"picked":"SKIP","floor":35},{"not_picked":["Outmaneuver","Dash+1","Dagger Spray+1"],"picked":"SKIP","floor":36},{"not_picked":["Sucker Punch","Underhanded Strike+1","Quick Slash"],"picked":"SKIP","floor":39},{"not_picked":["Flying Knee+1","Dagger Spray"],"picked":"A Thousand Cuts","floor":41},{"not_picked":["Choke","Crippling Poison+1"],"picked":"Backstab+1","floor":46}],"player_experience":79794,"relics_obtained":[{"floor":5,"key":"Shuriken"},{"floor":9,"key":"Pen Nib"},{"floor":13,"key":"Ninja Scroll"},{"floor":19,"key":"Red Mask"},{"floor":20,"key":"Gremlin Horn"},{"floor":23,"key":"Dream Catcher"},{"floor":26,"key":"The Courier"},{"floor":28,"key":"Art of War"},{"floor":38,"key":"Omamori"},{"floor":41,"key":"Boot"},{"floor":43,"key":"Centennial Puzzle"},{"floor":46,"key":"Turnip"},{"floor":48,"key":"Blood Vial"}],"event_choices":[{"event_name":"Golden Wing","player_choice":"Card Removal","floor":2,"damage_taken":0},{"event_name":"Living Wall","player_choice":"Grow","floor":3,"damage_taken":0},{"event_name":"Masked Bandits","player_choice":"Fought Bandits","floor":19,"damage_taken":0},{"event_name":"Ghosts","player_choice":"Ignored","floor":21,"damage_taken":0},{"event_name":"Falling","player_choice":"Removed Attack","floor":37,"damage_taken":0}],"is_beta":false,"boss_relics":[{"not_picked":["Pandora\u0027s Box","Philosopher\u0027s Stone"],"picked":"Orrery"},{"not_picked":["Velvet Choker","Fusion Hammer"],"picked":"Lizard Tail"}],"items_purged_floors":[11,24,45],"is_endless":false,"potions_floor_spawned":[1,8,13,18,22,27,33,36,41],"ascension_level":1}