{"gold_per_floor":[115,115,115,138,159,159,190,208,208,288,303,303,329,329,329,428,428,444,394,419,419,440,458,458,476,476,515,535,535,535,604,604,700,700,718,731,731,856,856,856,895,895,920,920,920,920,920],"floor_reached":47,"playtime":1022,"items_purged":[],"score":1107,"play_id":"8735c84e-c105-4a50-a11e-b5e89d592231","local_time":"20190107051410","is_ascension_mode":true,"campfire_choices":[{"data":"Perfected Strike","floor":6,"key":"SMITH"},{"floor":15,"key":"REST"},{"floor":24,"key":"RECALL"},{"data":"Heavy Blade","floor":30,"key":"SMITH"},{"data":"Inflame","floor":32,"key":"SMITH"},{"data":"Perfected Strike","floor":40,"key":"SMITH"},{"data":"Perfected Strike","floor":44,"key":"SMITH"},{"data":"Perfected Strike","floor":46,"key":"SMITH"}],"neow_cost":"NONE","seed_source_timestamp":1260296427280604,"circlet_count":0,"master_deck":["AscendersBane","Strike_R","Strike_R","Strike_R","Strike_R","Strike_R","Defend_R+1","Bash","Flex+1","Perfected Strike+1","Reaper","Perfected Strike+1","Feed","Inflame+1","Perfected Strike+1","Feed","Shrug It Off+1","Heavy Blade+1","Writhe","Perfected Strike+1","Inflame","Wild Strike","Whirlwind","Offering","Shrug It Off+1","Pain","Perfected Strike+1"],"relics":["Burning Blood","Golden Idol","Pantograph","Orichalcum","Darkstone Periapt","Juzu Bracelet","Regal Pillow","Odd Mushroom","Coffee Dripper","Matryoshka","Art of War","Thread and Needle","Red Skull","Tiny Chest","Mark of Pain","Bird Faced Urn","WarpedTongs","Singing Bowl","War Paint"],"potions_floor_usage":[10,10,13,27,27,31],"damage_taken":[{"damage":1,"enemies":"Cultist","floor":1,"turns":3},{"damage":2,"enemies":"Jaw Worm","floor":4,"turns":3},{"damage":10,"enemies":"2 Louse","floor":5,"turns":3},{"damage":40,"enemies":"Lagavulin","floor":7,"turns":5},{"damage":5,"enemies":"Looter","floor":8,"turns":2},{"damage":2,"enemies":"Gremlin Nob","floor":10,"turns":3},{"damage":9,"enemies":"Blue Slaver","floor":11,"turns":3},{"damage":23,"enemies":"The Mushroom Lair","floor":13,"turns":4},{"damage":70,"enemies":"The Guardian","floor":16,"turns":11},{"damage":21,"enemies":"2 Thieves","floor":18,"turns":3},{"damage":5,"enemies":"Spheric Guardian","floor":20,"turns":3},{"damage":11,"enemies":"3 Cultists","floor":22,"turns":4},{"damage":18,"enemies":"Snake Plant","floor":23,"turns":2},{"damage":12,"enemies":"Snecko","floor":25,"turns":3},{"damage":60,"enemies":"Book of Stabbing","floor":27,"turns":5},{"damage":4,"enemies":"Centurion and Healer","floor":28,"turns":3},{"damage":10,"enemies":"Slavers","floor":31,"turns":3},{"damage":85,"enemies":"Champ","floor":33,"turns":8},{"damage":28,"enemies":"3 Shapes","floor":35,"turns":4},{"damage":11,"enemies":"3 Darklings","floor":36,"turns":3},{"damage":12,"enemies":"Mind Bloom Boss Battle","floor":38,"turns":5},{"damage":86,"enemies":"Giant Head","floor":41,"turns":6},{"damage":18,"enemies":"Maw","floor":47,"turns":2}],"seed_played":"9059655947119190206","potions_obtained":[{"floor":4,"key":"Ancient Potion"},{"floor":7,"key":"SteroidPotion"},{"floor":10,"key":"LiquidBronze"},{"floor":20,"key":"Weak Potion"},{"floor":22,"key":"LiquidBronze"},{"floor":28,"key":"AttackPotion"},{"floor":36,"key":"Dexterity Potion"},{"floor":45,"key":"Ancient Potion"}],"is_trial":false,"path_per_floor":["M","?","T","M","M","R","E","M","T","?","M","T","?","?","R","B",null,"M","?","M","?","M","M","R","M","T","E","M","?","R","E","R","B",null,"M","M","?","?","?","R","E","?","T","R","?","R","M"],"character_chosen":"IRONCLAD","items_purchased":[],"campfire_rested":1,"item_purchase_floors":[],"current_hp_per_floor":[73,47,47,51,51,51,21,22,22,26,26,26,20,20,59,20,68,57,57,61,67,86,74,74,68,68,23,28,48,48,58,58,17,81,72,67,67,86,92,92,16,16,16,16,16,16,0],"gold":920,"neow_bonus":"TRANSFORM_CARD","is_prod":false,"is_daily":false,"chose_seed":false,"campfire_upgraded":6,"win_rate":0,"timestamp":1546805650,"path_taken":["M","?","?","M","M","R","E","M","T","?","M","?","?","?","R","BOSS","M","?","M","?","M","M","R","M","T","E","M","?","R","E","R","BOSS","M","M","?","?","?","R","E","?","T","R","?","R","M"],"build_version":"2019-01-03v4","purchased_purges":0,"victory":false,"max_hp_per_floor":[75,75,75,75,75,75,75,75,75,75,78,78,81,81,81,84,84,84,84,87,93,99,99,99,99,99,99,102,102,102,102,102,102,102,108,108,108,108,114,114,114,114,114,114,114,114,114],"card_choices":[{"not_picked":["Anger","Shrug It Off"],"picked":"Perfected Strike","floor":1},{"not_picked":["Pummel","Armaments"],"picked":"Reaper","floor":4},{"not_picked":["Clash","Clothesline"],"picked":"Perfected Strike","floor":5},{"not_picked":["Pummel","Anger","Clothesline"],"picked":"SKIP","floor":7},{"not_picked":["Heavy Blade","Searing Blow"],"picked":"Feed","floor":8},{"not_picked":["Ghostly Armor","Pommel Strike"],"picked":"Inflame","floor":10},{"not_picked":["Flex","Sentinel","Warcry"],"picked":"SKIP","floor":11},{"not_picked":["Dropkick","True Grit"],"picked":"Perfected Strike","floor":13},{"not_picked":["Bludgeon","Berserk"],"picked":"Feed","floor":16},{"not_picked":["True Grit","Warcry"],"picked":"Shrug It Off","floor":18},{"not_picked":["Headbutt","Cleave"],"picked":"Heavy Blade","floor":20},{"not_picked":["Clash","Corruption"],"picked":"Perfected Strike","floor":22},{"not_picked":["Carnage","Cleave","Blood for Blood"],"picked":"SKIP","floor":23},{"not_picked":["Sword Boomerang","Heavy Blade"],"picked":"Inflame","floor":25},{"not_picked":["Juggernaut","Reckless Charge","Sentinel"],"picked":"SKIP","floor":27},{"not_picked":["Heavy Blade","Blood for Blood"],"picked":"Wild Strike","floor":28},{"not_picked":["Fire Breathing","Cleave"],"picked":"Whirlwind","floor":31},{"not_picked":["Dark Embrace","Reaper"],"picked":"Offering","floor":33},{"not_picked":["Flame Barrier","Iron Wave"],"picked":"Shrug It Off+1","floor":35},{"not_picked":["Rupture","Dropkick","Heavy Blade"],"picked":"SKIP","floor":36},{"not_picked":["Flame Barrier","Shrug It Off"],"picked":"Perfected Strike","floor":41}],"player_experience":842536,"relics_obtained":[{"floor":3,"key":"Pantograph"},{"floor":7,"key":"Orichalcum"},{"floor":9,"key":"Darkstone Periapt"},{"floor":10,"key":"Juzu Bracelet"},{"floor":12,"key":"Regal Pillow"},{"floor":13,"key":"Odd Mushroom"},{"floor":26,"key":"Art of War"},{"floor":26,"key":"Thread and Needle"},{"floor":27,"key":"Red Skull"},{"floor":31,"key":"Tiny Chest"},{"floor":38,"key":"Bird Faced Urn"},{"floor":41,"key":"Singing Bowl"},{"floor":43,"key":"War Paint"}],"event_choices":[{"damage_healed":0,"gold_gain":0,"player_choice":"Take Damage","damage_taken":26,"relics_obtained":["Golden Idol"],"max_hp_gain":0,"max_hp_loss":0,"event_name":"Golden Idol","floor":2,"gold_loss":0},{"damage_healed":0,"gold_gain":0,"player_choice":"Searched \u00271\u0027 times","damage_taken":0,"max_hp_gain":0,"max_hp_loss":0,"event_name":"Dead Adventurer","floor":10,"gold_loss":0},{"damage_healed":0,"gold_gain":0,"player_choice":"Fought Mushrooms","damage_taken":0,"max_hp_gain":0,"max_hp_loss":0,"event_name":"Mushrooms","floor":13,"gold_loss":0},{"cards_removed":["Defend_R"],"damage_healed":0,"gold_gain":0,"player_choice":"Purged","damage_taken":0,"max_hp_gain":0,"max_hp_loss":0,"event_name":"Purifier","floor":14,"gold_loss":0},{"damage_healed":0,"gold_gain":0,"player_choice":"Upgraded Two","damage_taken":0,"max_hp_gain":0,"max_hp_loss":0,"event_name":"Designer","floor":19,"gold_loss":50,"cards_upgraded":["Defend_R","Perfected Strike"]},{"damage_healed":0,"gold_gain":0,"player_choice":"Opened","damage_taken":0,"relics_obtained":["Matryoshka"],"max_hp_gain":0,"max_hp_loss":0,"event_name":"The Mausoleum","floor":21,"gold_loss":0,"cards_obtained":["Writhe"]},{"damage_healed":20,"gold_gain":0,"player_choice":"Heal","damage_taken":0,"max_hp_gain":0,"max_hp_loss":0,"event_name":"The Library","floor":29,"gold_loss":0},{"damage_healed":0,"gold_gain":0,"player_choice":"Ignored","damage_taken":0,"max_hp_gain":0,"max_hp_loss":0,"event_name":"Mysterious Sphere","floor":37,"gold_loss":0},{"damage_healed":0,"gold_gain":0,"player_choice":"Fight","damage_taken":0,"max_hp_gain":0,"max_hp_loss":0,"event_name":"MindBloom","floor":38,"gold_loss":0},{"damage_healed":0,"gold_gain":0,"player_choice":"Rummage","damage_taken":0,"relics_obtained":["WarpedTongs"],"max_hp_gain":0,"max_hp_loss":0,"event_name":"Accursed Blacksmith","floor":39,"gold_loss":0,"cards_obtained":["Pain"]},{"cards_removed":["Defend_R"],"damage_healed":0,"gold_gain":0,"player_choice":"Removed Skill","damage_taken":0,"max_hp_gain":0,"max_hp_loss":0,"event_name":"Falling","floor":42,"gold_loss":0},{"damage_healed":0,"gold_gain":0,"player_choice":"Got Potions","damage_taken":0,"max_hp_gain":0,"max_hp_loss":0,"event_name":"Lab","floor":45,"gold_loss":0}],"is_beta":false,"boss_relics":[{"not_picked":["Orrery","Black Star"],"picked":"Coffee Dripper"},{"not_picked":["Runic Pyramid","White Beast Statue"],"picked":"Mark of Pain"}],"items_purged_floors":[],"is_endless":false,"potions_floor_spawned":[4,7,8,10,20,22,23,28,36],"killed_by":"Maw","ascension_level":20}