{"gold_per_floor":[112,187,187,211,224,224,254,268,268,268,268,286,36,36,36,36],"floor_reached":16,"playtime":472,"items_purged":[],"score":98,"play_id":"e3de7b95-3d78-4831-b0bf-af39491cbb42","local_time":"20190119194013","is_ascension_mode":false,"campfire_choices":[{"data":"Storm of Steel","floor":6,"key":"SMITH"},{"floor":10,"key":"REST"},{"floor":15,"key":"REST"}],"neow_cost":"TEN_PERCENT_HP_LOSS","seed_source_timestamp":46858487343296,"circlet_count":0,"master_deck":["Defend_G","Defend_G","Defend_G","Defend_G","Defend_G","Strike_G","Strike_G","Strike_G","Strike_G+1","Strike_G","Survivor","Neutralize+1","Storm of Steel+1","Regret","Crippling Poison","Decay","All Out Attack","Accuracy+1","Cloak And Dagger"],"relics":["Ring of the Snake","Vajra","Potion Belt","Frozen Egg 2","Matryoshka","Pen Nib"],"potions_floor_usage":[7],"damage_taken":[{"damage":0,"enemies":"Small Slimes","floor":1,"turns":4},{"damage":0,"enemies":"Jaw Worm","floor":5,"turns":3},{"damage":22,"enemies":"Lagavulin","floor":7,"turns":7},{"damage":9,"enemies":"Cultist","floor":8,"turns":3},{"damage":17,"enemies":"Blue Slaver","floor":12,"turns":5},{"damage":28,"enemies":"The Guardian","floor":16,"turns":8}],"seed_played":"-329640775917771029","potions_obtained":[{"floor":1,"key":"Dexterity Potion"},{"floor":5,"key":"Energy Potion"},{"floor":8,"key":"GamblersBrew"},{"floor":12,"key":"Ancient Potion"}],"is_trial":false,"path_per_floor":["M","?","?","T","M","R","E","M","T","R","?","M","$","?","R","B"],"character_chosen":"THE_SILENT","items_purchased":["Accuracy+1","Cloak And Dagger","Pen Nib"],"campfire_rested":2,"item_purchase_floors":[13,13,13],"current_hp_per_floor":[63,52,52,52,52,52,30,21,21,39,39,22,22,9,27,0],"gold":36,"neow_bonus":"THREE_RARE_CARDS","is_prod":false,"is_daily":false,"chose_seed":false,"campfire_upgraded":1,"win_rate":0,"timestamp":1547889013,"path_taken":["M","?","?","?","?","R","E","M","T","R","?","M","?","?","R","BOSS"],"build_version":"2019-01-17v2","purchased_purges":0,"victory":false,"max_hp_per_floor":[63,63,63,63,63,63,63,63,63,63,63,63,63,63,63,63],"card_choices":[{"not_picked":["Doppelganger","Phantasmal Killer"],"picked":"Storm of Steel","floor":0},{"not_picked":["Distraction","Poisoned Stab","Masterful Stab"],"picked":"SKIP","floor":1},{"not_picked":["Heel Hook","Deadly Poison","Outmaneuver"],"picked":"SKIP","floor":5},{"not_picked":["Distraction","Predator","Sucker Punch"],"picked":"SKIP","floor":7},{"not_picked":["Acrobatics","Endless Agony"],"picked":"Crippling Poison","floor":8},{"not_picked":["Outmaneuver","Dagger Spray"],"picked":"All Out Attack","floor":12}],"player_experience":435752,"relics_obtained":[{"floor":4,"key":"Potion Belt"},{"floor":7,"key":"Frozen Egg 2"},{"floor":9,"key":"Matryoshka"}],"event_choices":[{"damage_healed":0,"gold_gain":75,"player_choice":"Gather Gold","damage_taken":11,"max_hp_gain":0,"max_hp_loss":0,"event_name":"World of Goop","floor":2,"gold_loss":0},{"damage_healed":0,"gold_gain":0,"player_choice":"Box","damage_taken":0,"relics_obtained":["Vajra"],"max_hp_gain":0,"max_hp_loss":0,"event_name":"Big Fish","floor":3,"gold_loss":0,"cards_obtained":["Regret"]},{"damage_healed":0,"gold_gain":0,"player_choice":"Cursed","damage_taken":0,"max_hp_gain":0,"max_hp_loss":0,"event_name":"Wheel of Change","floor":11,"gold_loss":0,"cards_obtained":["Decay"]},{"damage_healed":0,"gold_gain":0,"player_choice":"Entered Light","damage_taken":13,"max_hp_gain":0,"max_hp_loss":0,"event_name":"Shining Light","floor":14,"gold_loss":0,"cards_upgraded":["Strike_G","Neutralize"]}],"is_beta":false,"boss_relics":[],"items_purged_floors":[],"is_endless":false,"potions_floor_spawned":[1,5,8,12],"killed_by":"The Guardian","ascension_level":0}