{"gold_per_floor":[109,109,34,44,44,44,69,69,69,89,89,100,117,137,137,234,234,254,354,369,369,380,408,428,428,507,221,221,221,250,54,54,158,158,170,270,270,270,71,101,31,31,57,79,144,190,202,224,236,248],"floor_reached":51,"playtime":3698,"items_purged":["Strike_R","Strike_R"],"score":891,"play_id":"c9ed2099-fc1d-49f7-95eb-be74e72d8ada","local_time":"20190216101710","is_ascension_mode":false,"campfire_choices":[{"data":"Armaments","floor":6,"key":"SMITH"},{"data":"Feed","floor":8,"key":"SMITH"},{"data":"Shrug It Off","floor":11,"key":"SMITH"},{"data":"Clothesline","floor":15,"key":"SMITH"},{"floor":25,"key":"REST"},{"floor":28,"key":"REST"},{"data":"Demon Form","floor":32,"key":"SMITH"},{"data":"Whirlwind","floor":42,"key":"SMITH"},{"floor":47,"key":"DIG"},{"floor":49,"key":"DIG"}],"neow_cost":"NONE","seed_source_timestamp":430586118237990,"circlet_count":0,"master_deck":["Strike_R+1","Defend_R+1","Defend_R","Bash","Armaments+1","Battle Trance+1","Feed+1","Shrug It Off+1","Clothesline+1","Heavy Blade","Feed","Sword Boomerang+1","Pommel Strike","Heavy Blade+1","Flex","Demon Form+1","Heavy Blade","Metallicize","Impervious","Reaper","Inflame","Whirlwind+1","Cleave+1","Whirlwind+1","Heavy Blade","Flame Barrier+1","Juggernaut","Pommel Strike+1","Uppercut+1"],"relics":["Burning Blood","Happy Flower","Orichalcum","Pocketwatch","Black Star","Pantograph","Ice Cream","MutagenicStrength","Lantern","Ancient Tea Set","Kunai","Oddly Smooth Stone","Letter Opener","Pen Nib","Lee\u0027s Waffle","Sozu","Charon\u0027s Ashes","Chemical X","Whetstone","Bottled Tornado","MawBank","Shovel","Meat on the Bone","Prayer Wheel","Omamori","War Paint"],"potions_floor_usage":[16,19,24,24],"damage_taken":[{"damage":8,"enemies":"2 Louse","floor":1,"turns":3},{"damage":0,"enemies":"Jaw Worm","floor":4,"turns":5},{"damage":14,"enemies":"3 Sentries","floor":7,"turns":14},{"damage":0,"enemies":"Small Slimes","floor":10,"turns":3},{"damage":3,"enemies":"Red Slaver","floor":12,"turns":5},{"damage":2,"enemies":"2 Fungi Beasts","floor":13,"turns":6},{"damage":0,"enemies":"Blue Slaver","floor":14,"turns":5},{"damage":0,"enemies":"The Guardian","floor":16,"turns":17},{"damage":3,"enemies":"Shell Parasite","floor":18,"turns":12},{"damage":15,"enemies":"Colosseum Slavers","floor":19,"turns":10},{"damage":21,"enemies":"Colosseum Nobs","floor":19,"turns":8},{"damage":33,"enemies":"Spheric Guardian","floor":20,"turns":8},{"damage":7,"enemies":"Snecko","floor":22,"turns":5},{"damage":64,"enemies":"Slavers","floor":23,"turns":10},{"damage":22,"enemies":"Centurion and Healer","floor":24,"turns":10},{"damage":4,"enemies":"Book of Stabbing","floor":30,"turns":6},{"damage":18,"enemies":"Champ","floor":33,"turns":8},{"damage":17,"enemies":"3 Shapes","floor":35,"turns":5},{"damage":0,"enemies":"Mind Bloom Boss Battle","floor":36,"turns":4},{"damage":30,"enemies":"Reptomancer","floor":40,"turns":4},{"damage":6,"enemies":"Orb Walker","floor":44,"turns":3},{"damage":21,"enemies":"2 Orb Walkers","floor":45,"turns":3},{"damage":12,"enemies":"Nemesis","floor":46,"turns":5},{"damage":26,"enemies":"Writhing Mass","floor":48,"turns":4},{"damage":14,"enemies":"Time Eater","floor":50,"turns":6}],"seed_played":"2447250657867157856","potions_obtained":[{"floor":4,"key":"Ancient Potion"},{"floor":7,"key":"Poison Potion"},{"floor":10,"key":"FairyPotion"},{"floor":14,"key":"GamblersBrew"},{"floor":18,"key":"Regen Potion"},{"floor":20,"key":"Dexterity Potion"},{"floor":22,"key":"GamblersBrew"}],"is_trial":false,"path_per_floor":["M","?","$","M","?","R","E","R","T","M","R","M","M","M","R","B",null,"M","?","M","?","M","E","M","R","T","$","R","?","E","$","R","B",null,"M","?","?","?","$","E","$","R","T","M","?","E","R","M","R","B",null],"character_chosen":"IRONCLAD","items_purchased":["Oddly Smooth Stone","Metallicize","Lee\u0027s Waffle","Chemical X","Whirlwind"],"campfire_rested":2,"item_purchase_floors":[27,27,31,39,41],"current_hp_per_floor":[78,66,66,72,65,65,57,57,57,67,67,74,82,92,92,96,96,100,98,75,75,78,28,12,48,48,48,84,84,90,134,134,122,134,126,137,137,137,137,113,113,113,113,125,110,105,105,93,93,138],"gold":260,"neow_bonus":"REMOVE_CARD","is_prod":false,"is_daily":false,"chose_seed":false,"campfire_upgraded":6,"win_rate":0.0,"timestamp":1550326630,"path_taken":["M","?","$","M","?","R","E","R","T","M","R","M","M","?","R","BOSS","M","?","M","?","M","E","M","R","T","$","R","?","E","$","R","BOSS","M","?","?","?","$","E","$","R","T","?","?","E","R","M","R","BOSS"],"build_version":"2019-01-23","purchased_purges":2,"victory":true,"max_hp_per_floor":[80,80,80,80,80,80,80,80,80,84,84,88,92,96,96,96,96,100,107,111,111,115,123,123,123,123,123,123,123,127,134,134,134,134,137,137,137,137,137,137,137,137,137,140,140,140,140,140,140,140],"card_choices":[{"not_picked":["Sword Boomerang","Cleave"],"picked":"Armaments","floor":1},{"not_picked":["Blood for Blood","Burning Pact"],"picked":"Battle Trance","floor":4},{"not_picked":["Exhume","Fiend Fire"],"picked":"Feed","floor":7},{"not_picked":["Carnage","True Grit"],"picked":"Shrug It Off","floor":10},{"not_picked":["Bloodletting","Havoc","Fire Breathing"],"picked":"SKIP","floor":12},{"not_picked":["Dual Wield","Burning Pact"],"picked":"Clothesline","floor":13},{"not_picked":["Twin Strike","Reckless Charge"],"picked":"Heavy Blade","floor":14},{"not_picked":["Offering","Immolate"],"picked":"Feed","floor":16},{"not_picked":["Battle Trance","Clash+1"],"picked":"Sword Boomerang+1","floor":18},{"not_picked":["Flex","True Grit"],"picked":"Pommel Strike","floor":19},{"not_picked":["Iron Wave","Havoc+1"],"picked":"Heavy Blade","floor":20},{"not_picked":["Flame Barrier","Infernal Blade"],"picked":"Flex","floor":22},{"not_picked":["Sword Boomerang","Sever Soul+1"],"picked":"Demon Form","floor":23},{"not_picked":["Wild Strike","Warcry"],"picked":"Heavy Blade","floor":24},{"not_picked":["Immolate","Sever Soul"],"picked":"Impervious","floor":30},{"not_picked":["Offering","Double Tap"],"picked":"Reaper","floor":33},{"not_picked":["Warcry","Armaments+1"],"picked":"Inflame","floor":35},{"not_picked":["Armaments","Carnage"],"picked":"Whirlwind+1","floor":36},{"not_picked":["Body Slam","Wild Strike"],"picked":"Cleave+1","floor":40},{"not_picked":["Pommel Strike","Power Through+1"],"picked":"Heavy Blade","floor":44},{"not_picked":["Armaments","Burning Pact"],"picked":"Flame Barrier+1","floor":45},{"not_picked":["Thunderclap+1","Shockwave+1"],"picked":"Juggernaut","floor":46},{"not_picked":["Battle Trance+1","Warcry+1"],"picked":"Pommel Strike+1","floor":48},{"not_picked":["Sword Boomerang+1","Clothesline"],"picked":"Uppercut+1","floor":48}],"player_experience":53632,"relics_obtained":[{"floor":7,"key":"Orichalcum"},{"floor":9,"key":"Pocketwatch"},{"floor":19,"key":"Pantograph"},{"floor":19,"key":"Ice Cream"},{"floor":23,"key":"Lantern"},{"floor":23,"key":"Ancient Tea Set"},{"floor":26,"key":"Kunai"},{"floor":30,"key":"Letter Opener"},{"floor":30,"key":"Pen Nib"},{"floor":36,"key":"Charon\u0027s Ashes"},{"floor":40,"key":"Whetstone"},{"floor":40,"key":"Bottled Tornado"},{"floor":43,"key":"MawBank"},{"floor":45,"key":"Shovel"},{"floor":46,"key":"Meat on the Bone"},{"floor":46,"key":"Prayer Wheel"},{"floor":47,"key":"Omamori"},{"floor":49,"key":"War Paint"}],"event_choices":[{"damage_healed":0,"gold_gain":0,"player_choice":"Success","damage_taken":12,"relics_obtained":["Happy Flower"],"max_hp_gain":0,"max_hp_loss":0,"event_name":"Scrap Ooze","floor":2,"gold_loss":0},{"cards_removed":["Defend_R"],"damage_healed":0,"gold_gain":0,"player_choice":"Card Removal","damage_taken":7,"max_hp_gain":0,"max_hp_loss":0,"event_name":"Golden Wing","floor":5,"gold_loss":0},{"damage_healed":0,"gold_gain":0,"player_choice":"Fight","damage_taken":0,"max_hp_gain":0,"max_hp_loss":0,"event_name":"Colosseum","floor":19,"gold_loss":0},{"damage_healed":0,"gold_gain":0,"player_choice":"Fought Nobs","damage_taken":0,"max_hp_gain":0,"max_hp_loss":0,"event_name":"Colosseum","floor":19,"gold_loss":0},{"damage_healed":0,"gold_gain":0,"player_choice":"Inject Mutagens","damage_taken":0,"relics_obtained":["MutagenicStrength"],"max_hp_gain":0,"max_hp_loss":0,"event_name":"Drug Dealer","floor":21,"gold_loss":0},{"cards_removed":["Strike_R"],"damage_healed":0,"gold_gain":0,"player_choice":"Purged","damage_taken":0,"max_hp_gain":0,"max_hp_loss":0,"event_name":"Purifier","floor":29,"gold_loss":0},{"damage_healed":0,"gold_gain":0,"player_choice":"Fight","damage_taken":0,"max_hp_gain":0,"max_hp_loss":0,"event_name":"MindBloom","floor":36,"gold_loss":0},{"damage_healed":0,"gold_gain":0,"player_choice":"Ignored","damage_taken":0,"max_hp_gain":0,"max_hp_loss":0,"event_name":"Tomb of Lord Red Mask","floor":37,"gold_loss":0},{"cards_removed":["Defend_R"],"damage_healed":0,"gold_gain":0,"player_choice":"Removed Skill","damage_taken":0,"max_hp_gain":0,"max_hp_loss":0,"event_name":"Falling","floor":38,"gold_loss":0},{"damage_healed":0,"gold_gain":0,"player_choice":"Fight","damage_taken":0,"max_hp_gain":0,"max_hp_loss":0,"event_name":"Mysterious Sphere","floor":45,"gold_loss":0}],"is_beta":false,"boss_relics":[{"not_picked":["Astrolabe","Lizard Tail"],"picked":"Black Star"},{"not_picked":["Snecko Eye","Fusion Hammer"],"picked":"Sozu"}],"items_purged_floors":[3,27],"is_endless":false,"potions_floor_spawned":[4,7,10,14,18,19,20,22,40,46],"ascension_level":0}