{"gold_per_floor":[11,11,29,49,49,78,78,153,179,208,208,208,11,31,31,131,131,142,142,152,152,152,152],"floor_reached":23,"playtime":923,"items_purged":[],"score":222,"play_id":"942e7870-9cbd-462e-88e7-8aa5fa04b5f2","local_time":"20190119193205","is_ascension_mode":false,"campfire_choices":[{"data":"Noxious Fumes","floor":7,"key":"SMITH"},{"floor":12,"key":"REST"},{"floor":15,"key":"REST"}],"neow_cost":"NO_GOLD","seed_source_timestamp":45917265503717,"circlet_count":0,"master_deck":["Defend_G+1","Defend_G+1","Defend_G+1","Defend_G+1","Defend_G+1","Survivor","Neutralize","Terror","Noxious Fumes+1","Leg Sweep+1","Corpse Explosion","Crippling Poison","Malaise","Infinite Blades","PiercingWail","Bite","Bite","Bite","Bite","Bite"],"relics":["Ring of the Snake","Torii","Centennial Puzzle","War Paint","Pen Nib","Strange Spoon","Eternal Feather"],"potions_floor_usage":[6,16],"damage_taken":[{"damage":0,"enemies":"Small Slimes","floor":1,"turns":5},{"damage":0,"enemies":"2 Louse","floor":3,"turns":3},{"damage":0,"enemies":"Cultist","floor":4,"turns":4},{"damage":4,"enemies":"3 Sentries","floor":6,"turns":9},{"damage":36,"enemies":"Gremlin Nob","floor":10,"turns":6},{"damage":7,"enemies":"2 Fungi Beasts","floor":14,"turns":3},{"damage":21,"enemies":"The Guardian","floor":16,"turns":10},{"damage":12,"enemies":"Spheric Guardian","floor":18,"turns":5},{"damage":37,"enemies":"2 Thieves","floor":20,"turns":4},{"damage":21,"enemies":"Slavers","floor":23,"turns":2}],"seed_played":"2931877866805503465","potions_obtained":[{"floor":1,"key":"Swift Potion"},{"floor":10,"key":"Explosive Potion"},{"floor":16,"key":"FearPotion"},{"floor":18,"key":"Ancient Potion"}],"is_trial":false,"path_per_floor":["M","$","M","M","?","E","R","?","T","E","?","R","$","M","R","B",null,"M","?","M","?","?","E"],"character_chosen":"THE_SILENT","items_purchased":["Strange Spoon"],"campfire_rested":2,"item_purchase_floors":[13],"current_hp_per_floor":[70,70,70,70,70,66,66,55,55,19,12,33,33,26,47,26,70,58,58,21,21,21,0],"gold":152,"neow_bonus":"ONE_RARE_RELIC","is_prod":false,"is_daily":false,"chose_seed":false,"campfire_upgraded":1,"win_rate":0,"timestamp":1547888525,"path_taken":["M","$","M","M","?","E","R","?","T","E","?","R","$","?","R","BOSS","M","?","M","?","?","E"],"build_version":"2019-01-17v2","purchased_purges":0,"victory":false,"max_hp_per_floor":[70,70,70,70,70,70,70,70,70,70,70,70,70,70,70,70,70,70,70,70,70,49,49],"card_choices":[{"not_picked":["Distraction","Dagger Spray"],"picked":"Terror","floor":1},{"not_picked":["Heel Hook","Eviscerate"],"picked":"Noxious Fumes","floor":3},{"not_picked":["Backstab","Finisher"],"picked":"Leg Sweep","floor":4},{"not_picked":["Underhanded Strike","Slice"],"picked":"Corpse Explosion","floor":6},{"not_picked":["Calculated Gamble","Accuracy"],"picked":"Crippling Poison","floor":10},{"not_picked":["Concentrate","Prepared","Escape Plan"],"picked":"SKIP","floor":14},{"not_picked":["Burst","Bullet Time"],"picked":"Malaise","floor":16},{"not_picked":["Dagger Spray","Accuracy+1"],"picked":"Infinite Blades","floor":18},{"not_picked":["Deadly Poison","Acrobatics+1","Skewer+1"],"picked":"SKIP","floor":20}],"player_experience":434829,"relics_obtained":[{"floor":6,"key":"Centennial Puzzle"},{"floor":9,"key":"War Paint"},{"floor":10,"key":"Pen Nib"}],"event_choices":[{"damage_healed":0,"gold_gain":0,"player_choice":"Ignored","damage_taken":0,"max_hp_gain":0,"max_hp_loss":0,"event_name":"Liars Game","floor":5,"gold_loss":0},{"damage_healed":0,"gold_gain":75,"player_choice":"Gather Gold","damage_taken":11,"max_hp_gain":0,"max_hp_loss":0,"event_name":"World of Goop","floor":8,"gold_loss":0},{"damage_healed":0,"gold_gain":0,"player_choice":"Damaged","damage_taken":7,"max_hp_gain":0,"max_hp_loss":0,"event_name":"Wheel of Change","floor":11,"gold_loss":0},{"damage_healed":0,"gold_gain":0,"player_choice":"Read","damage_taken":0,"max_hp_gain":0,"max_hp_loss":0,"event_name":"The Library","floor":19,"gold_loss":0,"cards_obtained":["PiercingWail"]},{"damage_healed":0,"gold_gain":0,"player_choice":"Simplicity","damage_taken":0,"max_hp_gain":0,"max_hp_loss":0,"event_name":"Back to Basics","floor":21,"gold_loss":0,"cards_upgraded":["Defend_G","Defend_G","Defend_G","Defend_G","Strike_G","Strike_G","Strike_G","Strike_G","Strike_G"]},{"damage_healed":0,"gold_gain":0,"player_choice":"Became a vampire","damage_taken":0,"max_hp_gain":0,"max_hp_loss":21,"event_name":"Vampires","floor":22,"gold_loss":0,"cards_obtained":["Bite","Bite","Bite","Bite","Bite"]}],"is_beta":false,"boss_relics":[{"not_picked":["Tiny House","Coffee Dripper"],"picked":"Eternal Feather"}],"items_purged_floors":[],"is_endless":false,"potions_floor_spawned":[1,10,16,18],"killed_by":"Slavers","ascension_level":0}