{"gold_per_floor":[114,125,125,142,67,67,67,98,146,321,336,336,336,354,354,456,456,473,473,491,590,590],"floor_reached":22,"playtime":1070,"items_purged":["Strike_R"],"score":193,"play_id":"b59f8b4a-e0a0-4256-ac38-4b824f791a69","local_time":"20180805011645","is_ascension_mode":true,"campfire_choices":[{"data":"True Grit","floor":6,"key":"SMITH"},{"floor":12,"key":"REST"},{"floor":15,"key":"REST"}],"neow_cost":"NONE","seed_source_timestamp":53221835935451,"circlet_count":0,"master_deck":["Strike_R","Strike_R","Strike_R","Strike_R","Defend_R","Defend_R","Defend_R","Defend_R","Bash","True Grit+1","Seeing Red","Inflame","Thunderclap","Doubt","Anger","Armaments","Burning Pact","Offering","Pain","Regret","Doubt","Offering","Metallicize"],"relics":["Burning Blood","Dream Catcher","Bag of Marbles","Pen Nib","Peace Pipe","Calling Bell","Centennial Puzzle","Ornamental Fan","Gambling Chip"],"potions_floor_usage":[8,11,11],"damage_taken":[{"damage":6,"enemies":"Jaw Worm","floor":1,"turns":5},{"damage":5,"enemies":"Small Slimes","floor":2,"turns":4},{"damage":1,"enemies":"2 Louse","floor":4,"turns":4},{"damage":46,"enemies":"Lagavulin","floor":8,"turns":12},{"damage":20,"enemies":"Exordium Wildlife","floor":11,"turns":5},{"damage":5,"enemies":"Looter","floor":14,"turns":3},{"damage":62,"enemies":"Hexaghost","floor":16,"turns":12},{"damage":28,"enemies":"Shell Parasite","floor":18,"turns":6},{"damage":22,"enemies":"3 Byrds","floor":20,"turns":7},{"damage":45,"enemies":"Sentry and Sphere","floor":22,"turns":5}],"seed_played":"-1500987251761353722","potions_obtained":[{"floor":2,"key":"Explosive Potion"},{"floor":4,"key":"PowerPotion"},{"floor":8,"key":"Regen Potion"},{"floor":18,"key":"Strength Potion"},{"floor":20,"key":"SteroidPotion"}],"is_trial":false,"path_per_floor":["M","M","?","M","$","R","$","E","T","?","M","R","T","M","R","B",null,"M","?","M","?"],"character_chosen":"IRONCLAD","items_purchased":[],"campfire_rested":2,"item_purchase_floors":[],"current_hp_per_floor":[80,80,55,60,60,60,60,20,20,20,18,42,42,43,67,11,80,58,58,42,42,0],"gold":590,"neow_bonus":"THREE_CARDS","is_prod":false,"is_daily":false,"chose_seed":false,"campfire_upgraded":1,"win_rate":0,"timestamp":1533399405,"path_taken":["M","M","?","M","?","R","$","E","T","?","M","R","?","M","R","BOSS","M","?","M","?","M"],"build_version":"2018-08-02","purchased_purges":1,"victory":false,"max_hp_per_floor":[80,80,80,80,80,80,80,80,80,80,80,80,80,80,80,80,80,80,80,80,80,80],"card_choices":[{"not_picked":["Twin Strike","Rampage"],"picked":"True Grit","floor":0},{"not_picked":["Uppercut","Blood for Blood"],"picked":"Seeing Red","floor":1},{"not_picked":["Feel No Pain","Iron Wave","Whirlwind"],"picked":"SKIP","floor":2},{"not_picked":["Thunderclap","Warcry"],"picked":"Inflame","floor":4},{"not_picked":["Reckless Charge","Hemokinesis"],"picked":"Thunderclap","floor":8},{"not_picked":["Bloodletting","Seeing Red"],"picked":"Anger","floor":11},{"not_picked":["Warcry","Headbutt"],"picked":"Armaments","floor":12},{"not_picked":["Sword Boomerang","Heavy Blade","Battle Trance"],"picked":"SKIP","floor":14},{"not_picked":["Searing Blow","Cleave"],"picked":"Burning Pact","floor":15},{"not_picked":["Immolate","Berserk"],"picked":"Offering","floor":16},{"not_picked":["Warcry","Armaments","Headbutt"],"picked":"SKIP","floor":18},{"not_picked":["Disarm+1","Warcry"],"picked":"Metallicize","floor":20}],"player_experience":70542,"relics_obtained":[{"floor":8,"key":"Bag of Marbles"},{"floor":9,"key":"Pen Nib"},{"floor":13,"key":"Peace Pipe"},{"floor":17,"key":"Centennial Puzzle"},{"floor":17,"key":"Ornamental Fan"},{"floor":17,"key":"Gambling Chip"}],"event_choices":[{"event_name":"Scrap Ooze","player_choice":"success","floor":3,"damage_taken":25},{"event_name":"Liars Game","player_choice":"agreed","floor":10,"damage_taken":0},{"event_name":"Duplicator","player_choice":"One dupe","floor":19,"damage_taken":0},{"event_name":"Nest","player_choice":"Stole From Cult","floor":21,"damage_taken":0}],"is_beta":false,"boss_relics":[{"not_picked":["Snecko Eye","Runic Pyramid"],"picked":"Calling Bell"}],"items_purged_floors":[5],"is_endless":false,"potions_floor_spawned":[2,4,8,18,20],"killed_by":"Sentry and Sphere","ascension_level":1}