{"gold_per_floor":[112,112,133,58,76,91,91,104,127,140,161,201,215,234,234,353,353,374,398,398,398,414,452,452,492,515,536,559,559,584,44,44,164,164,185,205,225,248,264,264,277,291,291,291,312,312,11,32,32,32],"floor_reached":51,"playtime":1247,"items_purged":["Defend_R","Defend_R"],"score":803,"play_id":"5de58596-c39f-4397-9a43-2ceaaea9956a","local_time":"20180829051405","is_ascension_mode":false,"campfire_choices":[{"data":"Bash","floor":7,"key":"SMITH"},{"data":"Disarm","floor":15,"key":"SMITH"},{"data":"Perfected Strike","floor":24,"key":"SMITH"},{"data":"Perfected Strike","floor":29,"key":"SMITH"},{"floor":32,"key":"REST"},{"data":"Limit Break","floor":40,"key":"SMITH"},{"data":"Shockwave","floor":46,"key":"SMITH"},{"floor":49,"key":"REST"}],"neow_cost":"","seed_source_timestamp":1015403144689954,"circlet_count":0,"master_deck":["Strike_R","Strike_R","Strike_R","Strike_R","Strike_R","Defend_R","Defend_R+1","Bash+1","Twin Strike","Clash","Clash","Twin Strike","Clash","Battle Trance+1","Clash","Disarm+1","Perfected Strike+1","Perfected Strike+1","Demon Form+1","Intimidate+1","Battle Trance","Clash+1","Warcry+1","Havoc+1","Perfected Strike","Heavy Blade+1","Feed","Pommel Strike","Limit Break+1","Headbutt+1","Pommel Strike+1","Shockwave+1","True Grit+1","Thunderclap+1","Uppercut+1"],"relics":["Burning Blood","Golden Idol","Omamori","War Paint","Eternal Feather","Dream Catcher","Regal Pillow","Art of War","Orichalcum","Sling","Bottled Flame","Busted Crown","Ornamental Fan","Pen Nib","Bag of Marbles"],"potions_floor_usage":[23,25,25,25,33,33,48,50,50],"damage_taken":[{"damage":1,"enemies":"Cultist","floor":1,"turns":3},{"damage":3,"enemies":"Small Slimes","floor":3,"turns":3},{"damage":0,"enemies":"2 Louse","floor":5,"turns":2},{"damage":0,"enemies":"Large Slime","floor":6,"turns":2},{"damage":5,"enemies":"Looter","floor":8,"turns":2},{"damage":8,"enemies":"Red Slaver","floor":10,"turns":2},{"damage":0,"enemies":"Large Slime","floor":11,"turns":2},{"damage":13,"enemies":"Lagavulin","floor":12,"turns":3},{"damage":8,"enemies":"Lots of Slimes","floor":13,"turns":3},{"damage":4,"enemies":"Gremlin Gang","floor":14,"turns":3},{"damage":27,"enemies":"The Guardian","floor":16,"turns":6},{"damage":0,"enemies":"Chosen","floor":18,"turns":3},{"damage":10,"enemies":"Spheric Guardian","floor":19,"turns":3},{"damage":16,"enemies":"Snake Plant","floor":22,"turns":2},{"damage":26,"enemies":"Book of Stabbing","floor":23,"turns":4},{"damage":49,"enemies":"Slavers","floor":25,"turns":6},{"damage":3,"enemies":"Snecko","floor":27,"turns":4},{"damage":9,"enemies":"Centurion and Healer","floor":28,"turns":4},{"damage":13,"enemies":"Shelled Parasite and Fungi","floor":30,"turns":4},{"damage":38,"enemies":"Automaton","floor":33,"turns":6},{"damage":4,"enemies":"Orb Walker","floor":35,"turns":2},{"damage":15,"enemies":"3 Darklings","floor":36,"turns":4},{"damage":23,"enemies":"Sphere and 2 Shapes","floor":37,"turns":4},{"damage":25,"enemies":"Transient","floor":38,"turns":5},{"damage":10,"enemies":"4 Shapes","floor":39,"turns":3},{"damage":47,"enemies":"Maw","floor":41,"turns":7},{"damage":33,"enemies":"Spire Growth","floor":42,"turns":4},{"damage":4,"enemies":"3 Darklings","floor":45,"turns":4},{"damage":0,"enemies":"Flame Bruiser 2 Orb","floor":48,"turns":3},{"damage":76,"enemies":"Awakened One","floor":50,"turns":9}],"seed_played":"-443021616424691640","potions_obtained":[{"floor":3,"key":"SkillPotion"},{"floor":10,"key":"SpeedPotion"},{"floor":11,"key":"Weak Potion"},{"floor":13,"key":"GamblersBrew"},{"floor":14,"key":"SkillPotion"},{"floor":19,"key":"LiquidBronze"},{"floor":23,"key":"Regen Potion"},{"floor":27,"key":"Poison Potion"},{"floor":30,"key":"SteroidPotion"},{"floor":33,"key":"Ancient Potion"},{"floor":36,"key":"Ancient Potion"},{"floor":38,"key":"Explosive Potion"},{"floor":39,"key":"FairyPotion"},{"floor":45,"key":"EssenceOfSteel"}],"is_trial":false,"path_per_floor":["M","?","M","$","M","M","R","M","T","M","M","E","M","M","R","B",null,"M","M","?","?","M","E","R","E","T","M","M","R","M","$","R","B",null,"M","M","M","M","M","R","M","M","T","?","M","R","$","M","R","B"],"character_chosen":"IRONCLAD","items_purchased":["Sling","Bottled Flame","Pen Nib","Bag of Marbles"],"campfire_rested":2,"item_purchase_floors":[31,31,47,47],"current_hp_per_floor":[80,60,63,63,69,75,75,76,76,74,80,73,71,73,73,52,80,80,76,76,76,66,46,58,30,30,33,30,45,38,38,80,51,83,83,74,60,41,37,55,17,17,17,17,19,37,37,43,92,22],"gold":32,"neow_bonus":"","is_prod":false,"is_daily":false,"chose_seed":false,"campfire_upgraded":6,"win_rate":0,"timestamp":1535487245,"path_taken":["M","?","M","?","?","M","R","?","T","M","?","E","M","M","R","BOSS","M","?","?","?","?","E","R","E","T","M","M","R","M","$","R","BOSS","M","?","M","?","M","R","M","?","T","?","M","R","?","?","R","BOSS"],"build_version":"2018-08-23v2","purchased_purges":2,"victory":true,"max_hp_per_floor":[80,80,80,80,80,80,80,80,80,80,80,80,80,80,80,80,80,80,80,80,80,80,80,80,80,80,80,80,80,80,80,80,83,83,83,83,86,86,86,86,89,92,92,92,92,92,92,92,92,92],"card_choices":[{"not_picked":["Evolve","Rage"],"picked":"Twin Strike","floor":1},{"not_picked":["Feel No Pain","Body Slam"],"picked":"Clash","floor":3},{"not_picked":["Hemokinesis","Clothesline"],"picked":"Clash","floor":5},{"not_picked":["Flame Barrier","Sentinel"],"picked":"Twin Strike","floor":6},{"not_picked":["Havoc","Fire Breathing"],"picked":"Clash","floor":8},{"not_picked":["Dual Wield","Pummel"],"picked":"Battle Trance","floor":10},{"not_picked":["Pommel Strike","Shockwave"],"picked":"Clash","floor":11},{"not_picked":["Dropkick","Blood for Blood"],"picked":"Disarm","floor":12},{"not_picked":["Pommel Strike","Flex"],"picked":"Perfected Strike","floor":13},{"not_picked":["Seeing Red","Immolate"],"picked":"Perfected Strike","floor":14},{"not_picked":["Bludgeon","Offering"],"picked":"Demon Form","floor":16},{"not_picked":["Heavy Blade","Headbutt"],"picked":"Intimidate+1","floor":18},{"not_picked":["Sword Boomerang","Dual Wield"],"picked":"Battle Trance","floor":19},{"not_picked":["Twin Strike","Heavy Blade"],"picked":"Clash+1","floor":22},{"not_picked":["True Grit","Fire Breathing+1"],"picked":"Warcry+1","floor":23},{"not_picked":["Second Wind","Combust"],"picked":"Havoc+1","floor":25},{"not_picked":["Headbutt+1","Thunderclap+1"],"picked":"Perfected Strike","floor":27},{"not_picked":["Flame Barrier","Wild Strike"],"picked":"Heavy Blade+1","floor":28},{"not_picked":["Uppercut+1","Thunderclap+1"],"picked":"Feed","floor":30},{"not_picked":["Havoc","Seeing Red"],"picked":"Pommel Strike","floor":32},{"not_picked":["Immolate","Exhume"],"picked":"Limit Break","floor":33},{"not_picked":[],"picked":"Headbutt+1","floor":35},{"not_picked":["Armaments+1"],"picked":"SKIP","floor":36},{"not_picked":["Iron Wave"],"picked":"SKIP","floor":37},{"not_picked":[],"picked":"Pommel Strike+1","floor":38},{"not_picked":["Wild Strike"],"picked":"SKIP","floor":39},{"not_picked":[],"picked":"Shockwave","floor":41},{"not_picked":[],"picked":"True Grit+1","floor":42},{"not_picked":["Combust"],"picked":"SKIP","floor":45},{"not_picked":[],"picked":"Thunderclap+1","floor":48},{"not_picked":[],"picked":"Uppercut+1","floor":49}],"player_experience":530510,"relics_obtained":[{"floor":9,"key":"Omamori"},{"floor":12,"key":"War Paint"},{"floor":23,"key":"Regal Pillow"},{"floor":25,"key":"Art of War"},{"floor":26,"key":"Orichalcum"},{"floor":43,"key":"Ornamental Fan"}],"event_choices":[{"event_name":"Golden Idol","player_choice":"Take Damage","floor":2,"damage_taken":0},{"event_name":"Addict","player_choice":"Stole Relic","floor":20,"damage_taken":0},{"event_name":"Accursed Blacksmith","player_choice":"Forge","floor":21,"damage_taken":0},{"event_name":"Mysterious Sphere","player_choice":"Ignore","floor":44,"damage_taken":0}],"is_beta":false,"boss_relics":[{"not_picked":["Runic Cube","Velvet Choker"],"picked":"Eternal Feather"},{"not_picked":["Lizard Tail","Black Blood"],"picked":"Busted Crown"}],"items_purged_floors":[4,31],"is_endless":false,"potions_floor_spawned":[3,10,11,13,14,16,19,23,27,30,33,36,38,39,41,45],"ascension_level":0}