{"gold_per_floor":[116,116,116,129,129,186,186,211,249,290,317,348,374,397,409,421],"floor_reached":16,"playtime":387,"items_purged":[],"score":214,"play_id":"d332bcb8-2626-43fd-a453-495a9cd10d4a","local_time":"20180822001127","is_ascension_mode":true,"campfire_choices":[{"data":"Perfected Strike","floor":7,"key":"SMITH"},{"floor":15,"key":"REST"}],"neow_cost":"","seed_source_timestamp":393291216055365,"circlet_count":0,"master_deck":["Strike_R","Strike_R","Strike_R","Strike_R","Strike_R","Defend_R","Defend_R","Defend_R","Bash","AscendersBane","Perfected Strike+1","Pummel","Inflame","Reaper","Shrug It Off","Flex"],"relics":["Burning Blood","Regal Pillow","Tiny Chest","MawBank","Strawberry","The Courier"],"potions_floor_usage":[6,10,10,12,13],"damage_taken":[{"damage":0,"enemies":"Small Slimes","floor":1,"turns":3},{"damage":2,"enemies":"Jaw Worm","floor":4,"turns":4},{"damage":16,"enemies":"Gremlin Nob","floor":6,"turns":3},{"damage":35,"enemies":"Lagavulin","floor":8,"turns":5},{"damage":30,"enemies":"3 Sentries","floor":10,"turns":6},{"damage":4,"enemies":"2 Louse","floor":11,"turns":3},{"damage":15,"enemies":"Large Slime","floor":12,"turns":4},{"damage":15,"enemies":"Exordium Thugs","floor":13,"turns":5},{"damage":14,"enemies":"Red Slaver","floor":14,"turns":4},{"damage":50,"enemies":"The Guardian","floor":16,"turns":5}],"seed_played":"126603740461001519","potions_obtained":[{"floor":4,"key":"AttackPotion"},{"floor":6,"key":"Energy Potion"},{"floor":8,"key":"LiquidBronze"},{"floor":11,"key":"Poison Potion"},{"floor":12,"key":"EssenceOfSteel"}],"is_trial":false,"path_per_floor":["M","?","?","M","?","E","R","E","T","E","M","M","M","M","R"],"character_chosen":"IRONCLAD","items_purchased":[],"campfire_rested":1,"item_purchase_floors":[],"current_hp_per_floor":[74,63,56,60,60,56,56,27,34,10,20,11,10,8,47,0],"gold":421,"neow_bonus":"","is_prod":false,"is_daily":false,"chose_seed":false,"campfire_upgraded":1,"win_rate":0,"timestamp":1534864287,"path_taken":["M","?","?","M","?","E","R","E","T","E","M","?","M","M","R","BOSS"],"build_version":"2018-08-16","purchased_purges":0,"victory":false,"max_hp_per_floor":[75,75,75,75,75,75,75,75,82,82,82,82,82,82,82,82],"card_choices":[{"not_picked":["Clothesline","Second Wind"],"picked":"Perfected Strike","floor":1},{"not_picked":["Warcry","Sword Boomerang"],"picked":"Pummel","floor":4},{"not_picked":["Rage","Shockwave"],"picked":"Inflame","floor":6},{"not_picked":["Iron Wave","Burning Pact","Brutality"],"picked":"SKIP","floor":8},{"not_picked":["Heavy Blade","Havoc"],"picked":"Reaper","floor":10},{"not_picked":["Heavy Blade","Dropkick"],"picked":"Shrug It Off","floor":11},{"not_picked":["Body Slam","Pommel Strike","Headbutt"],"picked":"SKIP","floor":12},{"not_picked":["Sword Boomerang","Entrench"],"picked":"Flex","floor":13},{"not_picked":["Berserk","Iron Wave","Searing Blow"],"picked":"SKIP","floor":14}],"player_experience":477462,"relics_obtained":[{"floor":6,"key":"Tiny Chest"},{"floor":8,"key":"MawBank"},{"floor":9,"key":"Strawberry"},{"floor":10,"key":"The Courier"}],"event_choices":[{"event_name":"Scrap Ooze","player_choice":"success","floor":2,"damage_taken":11},{"event_name":"Golden Wing","player_choice":"Card Removal","floor":3,"damage_taken":0},{"event_name":"Golden Idol","player_choice":"Ignored","floor":5,"damage_taken":0}],"is_beta":false,"boss_relics":[],"items_purged_floors":[],"is_endless":false,"potions_floor_spawned":[4,6,8,11,12],"killed_by":"The Guardian","ascension_level":15}