{"gold_per_floor":[109,126,140,65,65,94,94,94,143,143,173,173,190,225,225,321,321,340,357,164,164,164,164,198,198,224,224,224,256,269,63,63,63],"floor_reached":33,"playtime":1689,"items_purged":["Strike_R","Strike_R","Strike_R"],"score":299,"play_id":"464f2dcd-32ee-4799-b2f6-9fc4dcf3a682","local_time":"20190215194722","is_ascension_mode":false,"campfire_choices":[{"data":"Armaments","floor":8,"key":"SMITH"},{"data":"Sword Boomerang","floor":10,"key":"SMITH"},{"data":"Heavy Blade","floor":15,"key":"SMITH"},{"data":"Demon Form","floor":23,"key":"SMITH"},{"data":"Berserk","floor":25,"key":"SMITH"},{"data":"Reaper","floor":27,"key":"SMITH"},{"floor":32,"key":"REST"}],"neow_cost":"NONE","seed_source_timestamp":380478878131323,"circlet_count":0,"master_deck":["Strike_R","Strike_R","Defend_R+1","Defend_R","Defend_R+1","Defend_R","Bash+1","Sword Boomerang+1","Heavy Blade+1","Metallicize","Armaments+1","Demon Form+1","Sword Boomerang","Infernal Blade","Rampage","Reaper+1","Headbutt+1","Anger","Heavy Blade+1","RitualDagger","Berserk+1","Juggernaut","Dropkick+1","Twin Strike+1"],"relics":["Burning Blood","Blood Vial","War Paint","Smiling Mask","PreservedInsect","Sozu","Vajra","Bag of Preparation","Lantern","Whetstone","Peace Pipe","Dream Catcher"],"potions_floor_usage":[16,16,18,24],"damage_taken":[{"damage":1,"enemies":"Cultist","floor":1,"turns":3},{"damage":0,"enemies":"Small Slimes","floor":2,"turns":3},{"damage":0,"enemies":"2 Louse","floor":3,"turns":3},{"damage":28,"enemies":"Gremlin Nob","floor":6,"turns":5},{"damage":15,"enemies":"Lagavulin","floor":11,"turns":7},{"damage":0,"enemies":"2 Fungi Beasts","floor":13,"turns":4},{"damage":14,"enemies":"3 Sentries","floor":14,"turns":5},{"damage":14,"enemies":"Hexaghost","floor":16,"turns":8},{"damage":16,"enemies":"3 Byrds","floor":18,"turns":5},{"damage":9,"enemies":"Shell Parasite","floor":19,"turns":5},{"damage":19,"enemies":"Gremlin Leader","floor":24,"turns":6},{"damage":46,"enemies":"Slavers","floor":29,"turns":5},{"damage":25,"enemies":"Centurion and Healer","floor":30,"turns":5},{"damage":107,"enemies":"Automaton","floor":33,"turns":6}],"seed_played":"-26034600648971304","potions_obtained":[{"floor":1,"key":"Poison Potion"},{"floor":2,"key":"SkillPotion"},{"floor":6,"key":"PowerPotion"},{"floor":11,"key":"Weak Potion"},{"floor":16,"key":"Explosive Potion"}],"is_trial":false,"path_per_floor":["M","M","M","$","$","E","?","R","T","R","E","?","M","E","R","B",null,"M","M","$","?","?","R","E","R","T","R","T","E","M","$","R","B"],"character_chosen":"IRONCLAD","items_purchased":["Vajra","Dream Catcher"],"campfire_rested":1,"item_purchase_floors":[20,31],"current_hp_per_floor":[80,80,80,80,80,58,78,78,78,78,71,64,72,66,66,60,77,67,66,66,66,60,60,66,66,66,66,66,46,41,41,64,0],"gold":63,"neow_bonus":"THREE_CARDS","is_prod":false,"is_daily":false,"chose_seed":false,"campfire_upgraded":6,"win_rate":0.0,"timestamp":1550274442,"path_taken":["M","?","M","?","$","E","?","R","T","R","E","?","M","E","R","BOSS","M","M","$","?","?","R","E","R","T","R","?","E","M","$","R","BOSS"],"build_version":"2019-01-23","purchased_purges":3,"victory":false,"max_hp_per_floor":[80,80,80,80,80,80,80,80,80,80,80,77,77,77,77,77,77,77,77,77,77,77,77,77,77,77,77,77,77,77,77,77,77],"card_choices":[{"not_picked":["Battle Trance","Sentinel"],"picked":"Sword Boomerang","floor":0},{"not_picked":["Havoc","Sword Boomerang"],"picked":"Heavy Blade","floor":1},{"not_picked":["True Grit","Feel No Pain"],"picked":"Metallicize","floor":2},{"not_picked":["Thunderclap","Entrench"],"picked":"Armaments","floor":3},{"not_picked":["Bloodletting","Clash"],"picked":"Demon Form","floor":6},{"not_picked":["Rage","Dark Embrace"],"picked":"Sword Boomerang","floor":11},{"not_picked":["Flex","Clash"],"picked":"Infernal Blade","floor":13},{"not_picked":["Hemokinesis","Havoc"],"picked":"Rampage","floor":14},{"not_picked":["Double Tap","Juggernaut"],"picked":"Reaper","floor":16},{"not_picked":["Twin Strike","Anger"],"picked":"Headbutt+1","floor":18},{"not_picked":["Wild Strike","Battle Trance+1"],"picked":"Anger","floor":19},{"not_picked":["Perfected Strike+1","Fire Breathing"],"picked":"Berserk","floor":24},{"not_picked":["Feel No Pain","Rupture"],"picked":"Juggernaut","floor":29},{"not_picked":["Second Wind+1","Perfected Strike+1"],"picked":"Dropkick+1","floor":30},{"not_picked":["Clash","Searing Blow+1"],"picked":"Twin Strike+1","floor":32}],"player_experience":46982,"relics_obtained":[{"floor":6,"key":"Blood Vial"},{"floor":9,"key":"War Paint"},{"floor":11,"key":"Smiling Mask"},{"floor":14,"key":"PreservedInsect"},{"floor":24,"key":"Bag of Preparation"},{"floor":26,"key":"Lantern"},{"floor":28,"key":"Whetstone"},{"floor":29,"key":"Peace Pipe"}],"event_choices":[{"damage_healed":20,"gold_gain":0,"player_choice":"Healed and dodged fight","damage_taken":0,"max_hp_gain":0,"max_hp_loss":0,"event_name":"Mushrooms","floor":7,"gold_loss":0,"cards_obtained":["Parasite"]},{"cards_removed":["Parasite"],"damage_healed":0,"gold_gain":0,"player_choice":"Card Removal","damage_taken":7,"max_hp_gain":0,"max_hp_loss":0,"event_name":"Golden Wing","floor":12,"gold_loss":0},{"damage_healed":0,"gold_gain":0,"player_choice":"Read","damage_taken":0,"max_hp_gain":0,"max_hp_loss":0,"event_name":"The Library","floor":21,"gold_loss":0,"cards_obtained":["Heavy Blade"]},{"damage_healed":0,"gold_gain":0,"player_choice":"Joined the Cult","damage_taken":6,"max_hp_gain":0,"max_hp_loss":0,"event_name":"Nest","floor":22,"gold_loss":0,"cards_obtained":["RitualDagger"]}],"is_beta":false,"boss_relics":[{"not_picked":["Philosopher\u0027s Stone","Runic Pyramid"],"picked":"Sozu"}],"items_purged_floors":[4,20,31],"is_endless":false,"potions_floor_spawned":[1,2,6,11,14,16,24],"killed_by":"Automaton","ascension_level":0}