{"gold_per_floor":[19,33,33,48,59,90,90,110,182,182,212,231,196,70,70,144,144,162,162,176,176],"floor_reached":21,"playtime":1056,"items_purged":["Defend_R"],"score":482,"play_id":"b32d625b-647e-4d61-8880-eca2086972fe","local_time":"20190214163028","is_ascension_mode":true,"campfire_choices":[{"floor":7.0,"key":"REST"},{"floor":10.0,"key":"REST"},{"data":"Flame Barrier","floor":15.0,"key":"SMITH"}],"neow_cost":"NO_GOLD","seed_source_timestamp":878173566830880,"circlet_count":0,"master_deck":["AscendersBane","Strike_R","Strike_R","Strike_R","Strike_R","Strike_R","Defend_R","Defend_R","Defend_R","Bash","Shrug It Off","Feel No Pain","Headbutt","Exhume","Shrug It Off","Inflame+1","Flame Barrier+1","Havoc","Limit Break","Injury","Clumsy","Shame","Decay"],"special_seed":0,"relics":["Burning Blood","Ice Cream","Gremlin Horn","Frozen Egg 2","Du-Vu Doll","Calling Bell","Ancient Tea Set","Paper Frog","WingedGreaves"],"potions_floor_usage":[16,18],"damage_taken":[{"damage":7.0,"enemies":"Cultist","floor":1.0,"turns":4.0},{"damage":10.0,"enemies":"2 Louse","floor":2.0,"turns":3.0},{"damage":19.0,"enemies":"Jaw Worm","floor":4.0,"turns":4.0},{"damage":6.0,"enemies":"Exordium Wildlife","floor":5.0,"turns":4.0},{"damage":42.0,"enemies":"Gremlin Nob","floor":6.0,"turns":5.0},{"damage":6.0,"enemies":"2 Fungi Beasts","floor":8.0,"turns":4.0},{"damage":33.0,"enemies":"3 Sentries","floor":11.0,"turns":13.0},{"damage":1.0,"enemies":"Blue Slaver","floor":12.0,"turns":2.0},{"damage":42,"enemies":"Hexaghost","floor":16,"turns":9},{"damage":33,"enemies":"2 Thieves","floor":18,"turns":3},{"damage":28,"enemies":"Chosen","floor":20,"turns":5},{"damage":0,"enemies":"Centurion and Healer","floor":21,"turns":1}],"seed_played":"3525872199421578228","potions_obtained":[{"floor":1.0,"key":"SpeedPotion"},{"floor":4.0,"key":"Fire Potion"},{"floor":8.0,"key":"Block Potion"},{"floor":11.0,"key":"Energy Potion"},{"floor":16,"key":"PowerPotion"}],"is_trial":false,"path_per_floor":["M","M","$","M","M","E","R","M","T","R","E","M","?","$","R","B",null,"M","?","M","M"],"character_chosen":"IRONCLAD","items_purchased":["Havoc"],"campfire_rested":2,"item_purchase_floors":[14],"current_hp_per_floor":[67,63,63,50,50,14,36,36,36,58,31,36,54,54,54,18,61,34,34,12,12],"gold":176,"neow_bonus":"ONE_RARE_RELIC","is_prod":false,"is_daily":false,"chose_seed":false,"campfire_upgraded":1,"win_rate":0,"timestamp":1550187028,"path_taken":["M","M","?","M","M","E","R","M","T","R","E","M","?","?","R","BOSS","M","?","M","M"],"build_version":"2019-01-23","purchased_purges":1,"victory":false,"max_hp_per_floor":[75,75,75,75,75,75,75,75,75,75,75,75,75,75,75,75,75,75,75,75,75],"card_choices":[{"not_picked":["Corruption","Anger"],"picked":"Shrug It Off","floor":1.0},{"not_picked":["Anger","Warcry"],"picked":"Feel No Pain","floor":2.0},{"not_picked":["Rupture","Dual Wield"],"picked":"Headbutt","floor":4.0},{"not_picked":["Cleave","Twin Strike","Wild Strike"],"picked":"SKIP","floor":5.0},{"not_picked":["Pummel","Clash"],"picked":"Exhume","floor":6.0},{"not_picked":["Sentinel","Bloodletting"],"picked":"Shrug It Off","floor":8.0},{"not_picked":["True Grit","Shrug It Off"],"picked":"Inflame+1","floor":11.0},{"not_picked":["Seeing Red","Iron Wave"],"picked":"Flame Barrier","floor":12.0},{"not_picked":["Bludgeon","Double Tap"],"picked":"Limit Break","floor":16},{"not_picked":["Sword Boomerang","Dual Wield","Perfected Strike"],"picked":"SKIP","floor":18},{"not_picked":["Hemokinesis","Clash","Twin Strike"],"picked":"SKIP","floor":20}],"player_experience":828859,"relics_obtained":[{"floor":6.0,"key":"Gremlin Horn"},{"floor":9.0,"key":"Frozen Egg 2"},{"floor":11.0,"key":"Du-Vu Doll"},{"floor":17,"key":"Ancient Tea Set"},{"floor":17,"key":"Paper Frog"},{"floor":17,"key":"WingedGreaves"}],"event_choices":[{"damage_healed":18.0,"max_hp_gain":0.0,"max_hp_loss":0.0,"gold_gain":0.0,"event_name":"The Cleric","player_choice":"Healed","floor":13.0,"gold_loss":35.0,"damage_taken":0.0},{"damage_healed":0,"gold_gain":0,"player_choice":"Smashed Altar","damage_taken":0,"max_hp_gain":0,"max_hp_loss":0,"event_name":"Forgotten Altar","floor":19,"gold_loss":0,"cards_obtained":["Decay"]}],"is_beta":false,"boss_relics":[{"not_picked":["Runic Cube","Fusion Hammer"],"picked":"Calling Bell"}],"items_purged_floors":[14],"is_endless":false,"potions_floor_spawned":[1,4,8,11,16],"killed_by":"Centurion and Healer","ascension_level":20}