{"gold_per_floor":[12,12,12,12,12,12,32,63,63,63,83,83,99,133,133,133],"floor_reached":16,"playtime":1382,"items_purged":[],"score":167,"play_id":"07943d63-f3d2-47e2-8a00-7e8639ccb543","local_time":"20190215162927","is_ascension_mode":true,"campfire_choices":[{"data":"After Image","floor":6,"key":"SMITH"},{"data":"Blade Dance","floor":10,"key":"SMITH"},{"floor":12,"key":"REST"},{"data":"Malaise","floor":15,"key":"SMITH"}],"neow_cost":"NO_GOLD","seed_source_timestamp":14952475720085,"circlet_count":0,"master_deck":["AscendersBane","Defend_G","Defend_G","Defend_G","Defend_G","Defend_G","Strike_G","Strike_G","Strike_G","Strike_G","Strike_G","Survivor","Neutralize","After Image+1","Backflip+1","Well Laid Plans","Blade Dance+1","Crippling Poison","Malaise+1"],"relics":["Ring of the Snake","Golden Idol","Lantern","Boot","Strawberry","Frozen Egg 2"],"potions_floor_usage":[8,8,14],"damage_taken":[{"damage":0,"enemies":"Small Slimes","floor":1,"turns":3},{"damage":1,"enemies":"Jaw Worm","floor":7,"turns":4},{"damage":47,"enemies":"Gremlin Nob","floor":8,"turns":7},{"damage":0,"enemies":"2 Louse","floor":11,"turns":3},{"damage":2,"enemies":"Lots of Slimes","floor":13,"turns":3},{"damage":4,"enemies":"3 Sentries","floor":14,"turns":12},{"damage":47,"enemies":"Hexaghost","floor":16,"turns":17}],"seed_played":"-6073705232555917561","potions_obtained":[{"floor":1,"key":"Regen Potion"},{"floor":7,"key":"Dexterity Potion"},{"floor":11,"key":"PowerPotion"}],"is_trial":false,"path_per_floor":["M","?","?","?","?","R","M","E","T","R","M","R","M","E","R","B"],"character_chosen":"THE_SILENT","items_purchased":[],"campfire_rested":1,"item_purchase_floors":[],"current_hp_per_floor":[63,63,68,56,56,56,55,23,30,30,30,53,51,47,47,0],"gold":133,"neow_bonus":"THREE_RARE_CARDS","is_prod":false,"is_daily":false,"chose_seed":false,"campfire_upgraded":3,"win_rate":0,"timestamp":1550269767,"path_taken":["M","?","?","?","?","R","M","E","T","R","M","R","M","E","R","BOSS"],"build_version":"2019-01-23","purchased_purges":0,"victory":false,"max_hp_per_floor":[70,65,70,70,70,70,70,70,77,77,77,77,77,77,77,77],"card_choices":[{"not_picked":["Malaise","Night Terror"],"picked":"After Image","floor":0},{"not_picked":["Poisoned Stab","Slice"],"picked":"Backflip","floor":1},{"not_picked":["Riddle With Holes","PiercingWail"],"picked":"Well Laid Plans","floor":7},{"not_picked":["Backflip","Outmaneuver"],"picked":"Blade Dance","floor":8},{"not_picked":["Bane","Concentrate"],"picked":"Crippling Poison","floor":11},{"not_picked":["Crippling Poison","Outmaneuver","Slice"],"picked":"SKIP","floor":13},{"not_picked":["Slice","All Out Attack"],"picked":"Malaise","floor":14}],"player_experience":342837,"relics_obtained":[{"floor":8,"key":"Boot"},{"floor":9,"key":"Strawberry"},{"floor":14,"key":"Frozen Egg 2"}],"event_choices":[{"damage_healed":0,"gold_gain":0,"player_choice":"Lose Max HP","damage_taken":0,"relics_obtained":["Golden Idol"],"max_hp_gain":0,"max_hp_loss":5,"event_name":"Golden Idol","floor":2,"gold_loss":0},{"damage_healed":0,"gold_gain":0,"player_choice":"Donut","damage_taken":0,"max_hp_gain":5,"max_hp_loss":0,"event_name":"Big Fish","floor":3,"gold_loss":0},{"damage_healed":0,"gold_gain":0,"player_choice":"Success","damage_taken":12,"relics_obtained":["Lantern"],"max_hp_gain":0,"max_hp_loss":0,"event_name":"Scrap Ooze","floor":4,"gold_loss":0},{"damage_healed":0,"gold_gain":0,"player_choice":"Forge","damage_taken":0,"max_hp_gain":0,"max_hp_loss":0,"event_name":"Accursed Blacksmith","floor":5,"gold_loss":0,"cards_upgraded":["Backflip"]}],"is_beta":false,"boss_relics":[],"items_purged_floors":[],"is_endless":false,"potions_floor_spawned":[1,7,11],"killed_by":"Hexaghost","ascension_level":11}