{"gold_per_floor":[119,131,131,131,149,149,174,193,270,370,380,396,430,448,448,547,547,558,558,235,215,227,227,258,258,258,258,258],"floor_reached":28,"playtime":1428,"items_purged":["Regret"],"score":263,"play_id":"e9c59b5d-aa59-41b8-81c2-d51482a949f1","local_time":"20181111114340","is_ascension_mode":true,"campfire_choices":[{"data":"Flame Barrier","floor":6,"key":"SMITH"},{"data":"Thunderclap","floor":15,"key":"SMITH"},{"data":"Demon Form","floor":23,"key":"SMITH"},{"data":"Anger","floor":25,"key":"SMITH"},{"data":"Anger","floor":27,"key":"SMITH"}],"neow_cost":"NONE","seed_source_timestamp":504801341889724,"circlet_count":0,"master_deck":["Strike_R","Strike_R","Strike_R","Strike_R","Strike_R","Defend_R","Defend_R","Defend_R","Defend_R","Bash","Armaments+1","Flame Barrier+1","Inflame","Clothesline","Thunderclap+1","Flex","Disarm","Thunderclap","Cleave","Demon Form+1","Anger+1","Anger+1","Sword Boomerang","Corruption"],"relics":["Burning Blood","Thread and Needle","Red Skull","Shuriken","Ancient Tea Set","Orrery","Paper Frog","Strawberry","Bottled Lightning"],"potions_floor_usage":[8,16,16,24],"damage_taken":[{"damage":1,"enemies":"Cultist","floor":1,"turns":3},{"damage":12,"enemies":"Small Slimes","floor":2,"turns":3},{"damage":7,"enemies":"2 Louse","floor":5,"turns":3},{"damage":27,"enemies":"Lagavulin","floor":7,"turns":9},{"damage":13,"enemies":"Gremlin Gang","floor":8,"turns":5},{"damage":6,"enemies":"3 Louse","floor":11,"turns":2},{"damage":0,"enemies":"Red Slaver","floor":12,"turns":4},{"damage":22,"enemies":"3 Sentries","floor":13,"turns":8},{"damage":2,"enemies":"Large Slime","floor":14,"turns":5},{"damage":38,"enemies":"The Guardian","floor":16,"turns":15},{"damage":3,"enemies":"3 Byrds","floor":18,"turns":4},{"damage":19,"enemies":"2 Thieves","floor":21,"turns":4},{"damage":8,"enemies":"Snecko","floor":22,"turns":4},{"damage":23,"enemies":"Book of Stabbing","floor":24,"turns":5},{"damage":63,"enemies":"3 Cultists","floor":28,"turns":5}],"seed_played":"-6359790896566701051","potions_obtained":[{"floor":1,"key":"Block Potion"},{"floor":7,"key":"Swift Potion"},{"floor":11,"key":"Strength Potion"},{"floor":13,"key":"Weak Potion"},{"floor":22,"key":"FearPotion"}],"is_trial":false,"path_per_floor":["M","M","?","?","M","R","E","M","T","?","M","M","E","M","R","B",null,"M","?","$","M","M","R","E","R","T","R","M"],"character_chosen":"IRONCLAD","items_purchased":["Paper Frog"],"campfire_rested":0,"item_purchase_floors":[20],"current_hp_per_floor":[80,74,74,74,73,73,52,45,45,45,45,51,35,39,39,7,80,80,80,80,67,65,65,55,55,55,55,0],"gold":258,"neow_bonus":"THREE_CARDS","is_prod":false,"is_daily":false,"chose_seed":false,"campfire_upgraded":5,"win_rate":0,"timestamp":1541898820,"path_taken":["M","?","?","?","M","R","E","M","T","?","M","?","E","M","R","BOSS","M","?","$","?","M","R","E","R","T","R","M"],"build_version":"2018-11-08","purchased_purges":1,"victory":false,"max_hp_per_floor":[80,80,80,80,80,80,80,80,80,80,80,80,80,80,80,80,80,80,80,80,80,80,80,87,87,87,87,87],"card_choices":[{"not_picked":["Iron Wave","True Grit"],"picked":"Armaments","floor":0},{"not_picked":["Hemokinesis","Searing Blow"],"picked":"Flame Barrier","floor":1},{"not_picked":["Ghostly Armor","Carnage"],"picked":"Inflame","floor":2},{"not_picked":["Shrug It Off","Armaments"],"picked":"Clothesline","floor":5},{"not_picked":["True Grit","Exhume"],"picked":"Thunderclap","floor":7},{"not_picked":["Dual Wield","Body Slam"],"picked":"Flex","floor":8},{"not_picked":["Clothesline","Armaments","Havoc"],"picked":"SKIP","floor":11},{"not_picked":["Pommel Strike","Havoc"],"picked":"Disarm","floor":12},{"not_picked":["Evolve","Bloodletting"],"picked":"Thunderclap","floor":13},{"not_picked":["Infernal Blade","Clash"],"picked":"Cleave","floor":14},{"not_picked":["Feed","Double Tap"],"picked":"Demon Form","floor":16},{"not_picked":["Thunderclap","Wild Strike"],"picked":"Anger","floor":17},{"not_picked":["Havoc","Iron Wave"],"picked":"Anger","floor":17},{"not_picked":["Armaments","Disarm"],"picked":"Sword Boomerang","floor":17},{"not_picked":["Hemokinesis","Whirlwind","Wild Strike+1"],"picked":"SKIP","floor":18},{"not_picked":["Reckless Charge+1","Berserk","Inflame"],"picked":"SKIP","floor":21},{"not_picked":["Clash","Heavy Blade","Power Through"],"picked":"SKIP","floor":22},{"not_picked":["Reckless Charge","Inflame+1"],"picked":"Corruption","floor":24}],"player_experience":391160,"relics_obtained":[{"floor":7,"key":"Red Skull"},{"floor":9,"key":"Shuriken"},{"floor":13,"key":"Ancient Tea Set"},{"floor":24,"key":"Strawberry"},{"floor":26,"key":"Bottled Lightning"}],"event_choices":[{"damage_healed":0,"gold_gain":0,"player_choice":"Box","damage_taken":0,"relics_obtained":["Thread and Needle"],"max_hp_gain":0,"max_hp_loss":0,"event_name":"Big Fish","floor":3,"gold_loss":0,"cards_obtained":["Regret"]},{"damage_healed":0,"gold_gain":0,"player_choice":"Grow","damage_taken":0,"max_hp_gain":0,"max_hp_loss":0,"event_name":"Living Wall","floor":4,"gold_loss":0,"cards_upgraded":["Armaments"]},{"damage_healed":0,"gold_gain":100,"player_choice":"Pray","damage_taken":0,"max_hp_gain":0,"max_hp_loss":0,"event_name":"Golden Shrine","floor":10,"gold_loss":0},{"damage_healed":0,"gold_gain":0,"player_choice":"0 cards matched","damage_taken":0,"max_hp_gain":0,"max_hp_loss":0,"event_name":"Match and Keep!","floor":19,"gold_loss":0,"cards_obtained":[]}],"is_beta":false,"boss_relics":[{"not_picked":["Runic Dome","Philosopher\u0027s Stone"],"picked":"Orrery"}],"items_purged_floors":[20],"is_endless":false,"potions_floor_spawned":[1,7,11,13,22],"killed_by":"3 Cultists","ascension_level":1}