{"gold_per_floor":[118,43,43,43,61,88,88,121,121,121,136,184,211,211,211,307,307,320,320,345,345,358,358,358,358,412,432,472,472,535,560,560,560],"floor_reached":33,"playtime":873,"items_purged":["Strike_B"],"score":652,"play_id":"3e278196-0506-4e2d-baca-64cc23cb9991","local_time":"20181215195035","is_ascension_mode":true,"campfire_choices":[{"data":"Zap","floor":7,"key":"SMITH"},{"data":"Chaos","floor":10,"key":"SMITH"},{"data":"Defragment","floor":15,"key":"SMITH"},{"floor":23,"key":"REST"},{"data":"Self Repair","floor":25,"key":"SMITH"},{"floor":29,"key":"REST"},{"floor":32,"key":"REST"}],"neow_cost":"NONE","seed_source_timestamp":178405353068536,"circlet_count":0,"master_deck":["AscendersBane","Strike_B","Strike_B","Strike_B","Defend_B","Defend_B","Defend_B","Zap+1","Dualcast","Streamline","Reinforced Body","Chaos+1","Cold Snap","Leap","Defragment+1","Echo Form","Self Repair+1","BootSequence","Doom and Gloom+1","Compile Driver+1","Ball Lightning","Rainbow+1","Chaos+1"],"relics":["Cracked Core","NeowsBlessing","Strawberry","Blue Candle","Matryoshka","PreservedInsect","Juzu Bracelet","Bronze Scales","Golden Idol","Runic Dome","Nilry\u0027s Codex","Smiling Mask","Toxic Egg 2","Tiny Chest"],"potions_floor_usage":[8,8,27,30,31],"damage_taken":[{"damage":0,"enemies":"2 Louse","floor":1,"turns":1},{"damage":0,"enemies":"Jaw Worm","floor":5,"turns":1},{"damage":0,"enemies":"Lagavulin","floor":6,"turns":2},{"damage":10,"enemies":"3 Sentries","floor":8,"turns":8},{"damage":1,"enemies":"Small Slimes","floor":11,"turns":2},{"damage":8,"enemies":"Lagavulin","floor":13,"turns":5},{"damage":28,"enemies":"Hexaghost","floor":16,"turns":9},{"damage":31,"enemies":"3 Byrds","floor":18,"turns":3},{"damage":8,"enemies":"Spheric Guardian","floor":20,"turns":4},{"damage":16,"enemies":"Centurion and Healer","floor":22,"turns":8},{"damage":0,"enemies":"Chosen and Byrds","floor":27,"turns":5},{"damage":64,"enemies":"Gremlin Leader","floor":28,"turns":6},{"damage":12,"enemies":"Slavers","floor":30,"turns":2},{"damage":7,"enemies":"Snecko","floor":31,"turns":5},{"damage":71,"enemies":"Collector","floor":33,"turns":6}],"seed_played":"-1989880949478656653","potions_obtained":[{"floor":1,"key":"SpeedPotion"},{"floor":6,"key":"AttackPotion"},{"floor":11,"key":"Ancient Potion"},{"floor":20,"key":"Block Potion"},{"floor":22,"key":"Regen Potion"},{"floor":27,"key":"SteroidPotion"},{"floor":30,"key":"FocusPotion"}],"is_trial":false,"path_per_floor":["M","$","?","?","M","E","R","E","T","R","M","T","E","?","R","B",null,"M","?","M","?","M","R","?","R","T","M","E","R","E","M","R","B"],"character_chosen":"DEFECT","items_purchased":[],"campfire_rested":3,"item_purchase_floors":[],"current_hp_per_floor":[64,64,57,57,57,64,64,54,54,54,53,53,45,45,45,17,63,32,48,54,33,24,47,47,47,47,78,24,47,35,38,61,0],"gold":560,"neow_bonus":"THREE_ENEMY_KILL","is_prod":false,"is_daily":false,"chose_seed":false,"campfire_upgraded":4,"win_rate":0,"timestamp":1544871035,"path_taken":["M","$","?","?","M","E","R","E","T","R","M","?","E","?","R","BOSS","M","?","M","?","M","R","?","R","T","M","E","R","E","M","R","BOSS"],"build_version":"2018-12-13","purchased_purges":1,"victory":false,"max_hp_per_floor":[71,71,71,71,71,78,78,78,78,78,78,78,78,78,78,78,78,78,78,78,78,78,78,78,78,78,78,78,78,78,78,78,78],"card_choices":[{"not_picked":["BootSequence","Genetic Algorithm"],"picked":"Streamline","floor":1},{"not_picked":["Gash","Skim"],"picked":"Reinforced Body","floor":5},{"not_picked":["Scrape","Turbo"],"picked":"Chaos","floor":6},{"not_picked":["Stack","Double Energy"],"picked":"Cold Snap","floor":8},{"not_picked":["Fusion","Redo"],"picked":"Leap","floor":11},{"not_picked":["Go for the Eyes","Rebound"],"picked":"Defragment","floor":13},{"not_picked":["Hyperbeam","Rainbow"],"picked":"Echo Form","floor":16},{"not_picked":["Compile Driver","Fusion"],"picked":"Self Repair","floor":18},{"not_picked":["Lockon","Redo"],"picked":"BootSequence","floor":20},{"not_picked":["Stack","Beam Cell"],"picked":"Doom and Gloom+1","floor":22},{"not_picked":["Streamline+1","Rebound"],"picked":"Compile Driver+1","floor":27},{"not_picked":["Streamline","Sunder"],"picked":"Ball Lightning","floor":28},{"not_picked":["Chill+1","Go for the Eyes"],"picked":"Rainbow+1","floor":30},{"not_picked":["Leap+1","Hello World"],"picked":"Chaos+1","floor":31}],"player_experience":795531,"relics_obtained":[{"floor":6,"key":"Strawberry"},{"floor":8,"key":"Blue Candle"},{"floor":9,"key":"Matryoshka"},{"floor":12,"key":"PreservedInsect"},{"floor":12,"key":"Juzu Bracelet"},{"floor":13,"key":"Bronze Scales"},{"floor":21,"key":"Nilry\u0027s Codex"},{"floor":26,"key":"Smiling Mask"},{"floor":28,"key":"Toxic Egg 2"},{"floor":30,"key":"Tiny Chest"}],"event_choices":[{"cards_removed":["Defend_B"],"damage_healed":0,"gold_gain":0,"player_choice":"Card Removal","damage_taken":7,"max_hp_gain":0,"max_hp_loss":0,"event_name":"Golden Wing","floor":3,"gold_loss":0},{"damage_healed":0,"gold_gain":0,"player_choice":"Leave","damage_taken":0,"max_hp_gain":0,"max_hp_loss":0,"event_name":"The Cleric","floor":4,"gold_loss":0},{"damage_healed":0,"gold_gain":0,"player_choice":"Take Wound","damage_taken":0,"relics_obtained":["Golden Idol"],"max_hp_gain":0,"max_hp_loss":0,"event_name":"Golden Idol","floor":14,"gold_loss":0,"cards_obtained":["Injury"]},{"damage_healed":16,"gold_gain":0,"player_choice":"Heal","damage_taken":0,"max_hp_gain":0,"max_hp_loss":0,"event_name":"The Library","floor":19,"gold_loss":0},{"damage_healed":0,"gold_gain":0,"player_choice":"Obtained Book","damage_taken":21,"max_hp_gain":0,"max_hp_loss":0,"event_name":"Cursed Tome","floor":21,"gold_loss":0},{"cards_removed":["Injury"],"damage_healed":0,"gold_gain":0,"player_choice":"Elegance","damage_taken":0,"max_hp_gain":0,"max_hp_loss":0,"event_name":"Back to Basics","floor":24,"gold_loss":0}],"is_beta":false,"boss_relics":[{"not_picked":["FrozenCore","Tiny House"],"picked":"Runic Dome"}],"items_purged_floors":[2],"is_endless":false,"potions_floor_spawned":[1,6,11,20,22,27,30],"killed_by":"Collector","ascension_level":20}