{"gold_per_floor":[116,291,310,310,327,327,327,339,362,373,117,132,132,143,143,243,243,253,253,203,59,77,77,104,104,104,129,94,94,94,112,112,209,209,226,226,243,243,71,71,81,81],"floor_reached":42,"playtime":2319,"items_purged":["Doubt","Decay"],"score":536,"play_id":"5df46587-7d82-45cc-a53c-abecc6792e20","local_time":"20181011203213","is_ascension_mode":true,"campfire_choices":[{"data":"Zap","floor":6,"key":"SMITH"},{"data":"Genetic Algorithm","floor":13,"key":"SMITH"},{"floor":15,"key":"REST"},{"data":"Fission","floor":23,"key":"SMITH"},{"floor":25,"key":"REST"},{"data":"Glacier","floor":29,"key":"SMITH"},{"floor":32,"key":"REST"},{"floor":40,"key":"REST"}],"neow_cost":"CURSE","seed_source_timestamp":562268111883,"circlet_count":0,"master_deck":["Zap+1","Dualcast","All For One","Self Repair","Genetic Algorithm+1","Beam Cell","Beam Cell","Chrysalis","Streamline","Fission+1","Consume","Barrage","Gash","Force Field+1","Turbo+1","Barrage","Gash","Gash","Streamline","Glacier+1","Capacitor","Buffer","Redo+1","Blizzard+1","Gash+1","Self Repair","Chill+1"],"relics":["FrozenCore","Blood Vial","Bronze Scales","Pandora\u0027s Box","PreservedInsect","War Paint","Bottled Tornado","Ancient Tea Set","Ice Cream","Bag of Preparation"],"potions_floor_usage":[16,24,37,41],"damage_taken":[{"damage":3,"enemies":"Cultist","floor":1,"turns":3},{"damage":5,"enemies":"Small Slimes","floor":3,"turns":3},{"damage":15,"enemies":"Jaw Worm","floor":5,"turns":5},{"damage":20,"enemies":"Blue Slaver","floor":8,"turns":4},{"damage":14,"enemies":"3 Louse","floor":10,"turns":3},{"damage":17,"enemies":"Lots of Slimes","floor":12,"turns":4},{"damage":7,"enemies":"2 Fungi Beasts","floor":14,"turns":4},{"damage":51,"enemies":"The Guardian","floor":16,"turns":9},{"damage":33,"enemies":"2 Thieves","floor":18,"turns":4},{"damage":0,"enemies":"Chosen","floor":22,"turns":3},{"damage":34,"enemies":"Slavers","floor":24,"turns":3},{"damage":38,"enemies":"Book of Stabbing","floor":27,"turns":3},{"damage":8,"enemies":"3 Cultists","floor":31,"turns":6},{"damage":37,"enemies":"Champ","floor":33,"turns":9},{"damage":34,"enemies":"3 Darklings","floor":35,"turns":6},{"damage":37,"enemies":"Mind Bloom Boss Battle","floor":36,"turns":8},{"damage":8,"enemies":"3 Shapes","floor":37,"turns":6},{"damage":35,"enemies":"Reptomancer","floor":41,"turns":5},{"damage":50,"enemies":"Transient","floor":42,"turns":3}],"seed_played":"-1280196951977799960","potions_obtained":[{"floor":5,"key":"SpeedPotion"},{"floor":8,"key":"FearPotion"},{"floor":10,"key":"FocusPotion"},{"floor":14,"key":"Swift Potion"},{"floor":22,"key":"Swift Potion"},{"floor":27,"key":"Energy Potion"},{"floor":31,"key":"Block Potion"},{"floor":37,"key":"EssenceOfSteel"}],"is_trial":false,"path_per_floor":["M","?","M","?","M","R","?","M","T","M","$","M","R","M","R","B",null,"M","?","?","$","M","R","E","R","T","E","$","R","?","M","R","B",null,"M","?","M","?","$","R","M"],"character_chosen":"DEFECT","items_purchased":["Chrysalis","PreservedInsect","Glacier","Self Repair"],"campfire_rested":4,"item_purchase_floors":[11,21,28,39],"current_hp_per_floor":[72,72,74,79,71,71,68,57,57,52,52,37,37,39,63,21,80,54,54,54,54,56,56,31,55,55,26,26,26,26,27,51,23,80,53,25,26,26,26,50,31,0],"gold":81,"neow_bonus":"THREE_RARE_CARDS","is_prod":false,"is_daily":false,"chose_seed":false,"campfire_upgraded":4,"win_rate":0,"timestamp":1539252133,"path_taken":["M","?","M","?","?","R","?","?","T","M","$","M","R","M","R","BOSS","M","?","?","$","M","R","E","R","T","E","$","R","?","M","R","BOSS","M","?","M","?","$","R","M","M"],"build_version":"2018-10-04v2","purchased_purges":2,"victory":false,"max_hp_per_floor":[75,75,75,80,80,80,80,80,80,80,80,80,80,80,80,80,80,80,80,80,80,80,80,80,80,80,80,80,80,80,80,80,80,80,80,80,80,80,80,80,80,80],"card_choices":[{"not_picked":["Meteor Strike","Thunder Strike"],"picked":"All For One","floor":0},{"not_picked":["Turbo","Storm"],"picked":"Self Repair","floor":1},{"not_picked":["Fusion","Blizzard","Recycle"],"picked":"SKIP","floor":3},{"not_picked":["Conserve Battery","Sunder"],"picked":"Genetic Algorithm","floor":5},{"not_picked":["Tempest","Consume"],"picked":"Beam Cell","floor":8},{"not_picked":["Turbo","Lockon"],"picked":"Beam Cell","floor":10},{"not_picked":["Redo","Melter"],"picked":"Streamline","floor":12},{"not_picked":["Rebound","Capacitor","Ball Lightning"],"picked":"SKIP","floor":14},{"not_picked":["Meteor Strike","Rainbow"],"picked":"Fission","floor":16},{"not_picked":["Ball Lightning+1","Turbo"],"picked":"Streamline","floor":18},{"not_picked":["Tempest+1","Genetic Algorithm","Aggregate+1"],"picked":"SKIP","floor":22},{"not_picked":["Rebound","Go for the Eyes","Aggregate"],"picked":"SKIP","floor":24},{"not_picked":["Steam","Cold Snap","Lockon"],"picked":"SKIP","floor":27},{"not_picked":["Beam Cell","Redo"],"picked":"Capacitor","floor":31},{"not_picked":["Biased Cognition","Core Surge"],"picked":"Buffer","floor":33},{"not_picked":["Storm+1","Cold Snap+1"],"picked":"Redo+1","floor":35},{"not_picked":["Compile Driver","Chill"],"picked":"Blizzard+1","floor":36},{"not_picked":["Redo+1","Ball Lightning+1"],"picked":"Gash+1","floor":37},{"not_picked":["Conserve Battery","Aggregate"],"picked":"Chill+1","floor":41}],"player_experience":281122,"relics_obtained":[{"floor":9,"key":"Bronze Scales"},{"floor":24,"key":"War Paint"},{"floor":26,"key":"Bottled Tornado"},{"floor":27,"key":"Ancient Tea Set"},{"floor":36,"key":"Ice Cream"},{"floor":38,"key":"Bag of Preparation"}],"event_choices":[{"event_name":"Liars Game","player_choice":"agreed","floor":2,"damage_taken":0},{"event_name":"Big Fish","player_choice":"Donut","floor":4,"damage_taken":0},{"event_name":"Scrap Ooze","player_choice":"success","floor":7,"damage_taken":3},{"event_name":"Back to Basics","player_choice":"Elegance","floor":19,"damage_taken":0},{"event_name":"The Joust","player_choice":"Bet on Murderer","floor":20,"damage_taken":0},{"event_name":"Wheel of Change","player_choice":"Curse","floor":30,"damage_taken":0},{"event_name":"MindBloom","player_choice":"Fight","floor":36,"damage_taken":0},{"event_name":"Wheel of Change","player_choice":"Relic","floor":38,"damage_taken":0}],"is_beta":false,"boss_relics":[{"not_picked":["Coffee Dripper","Cursed Key"],"picked":"Pandora\u0027s Box"},{"not_picked":["Philosopher\u0027s Stone","Nuclear Battery"],"picked":"FrozenCore"}],"items_purged_floors":[11,39],"is_endless":false,"potions_floor_spawned":[5,8,10,14,22,27,31,35,37],"killed_by":"Transient","ascension_level":4}