{"gold_per_floor":[211,211,211,211,229,229,154,183,195,207,238,283,312,344,356,445,457,479,509,521,513,525,570,582],"floor_reached":24,"playtime":856,"items_purged":[],"score":417,"play_id":"b64ef1af-cd4c-468b-8b65-0d607e2c549a","local_time":"20180830105239","is_ascension_mode":true,"campfire_choices":[{"data":"Poisoned Stab","floor":6,"key":"SMITH"},{"data":"Terror","floor":10,"key":"SMITH"},{"data":"Neutralize","floor":15,"key":"SMITH"}],"neow_cost":"NONE","seed_source_timestamp":40958835706876,"circlet_count":0,"master_deck":["Defend_G","Defend_G","Defend_G","Defend_G","Defend_G","Strike_G","Strike_G","Strike_G","Survivor","Neutralize+1","AscendersBane","Poisoned Stab+1","Cloak And Dagger","Terror+1","Cloak And Dagger","Bouncing Flask","Bouncing Flask","Footwork","After Image","Poisoned Stab","Necronomicurse","Ghostly","Ghostly","Ghostly","Ghostly","Ghostly","After Image"],"relics":["Ring of the Snake","Gambling Chip","MawBank","Ornamental Fan","Question Card","Eternal Feather","Necronomicon","Potion Belt"],"potions_floor_usage":[14,16,23,24,24],"damage_taken":[{"damage":0,"enemies":"Cultist","floor":1,"turns":6},{"damage":0,"enemies":"Jaw Worm","floor":5,"turns":4},{"damage":18,"enemies":"3 Sentries","floor":8,"turns":11},{"damage":0,"enemies":"Small Slimes","floor":11,"turns":4},{"damage":4,"enemies":"Gremlin Nob","floor":12,"turns":3},{"damage":0,"enemies":"2 Fungi Beasts","floor":13,"turns":3},{"damage":1,"enemies":"3 Louse","floor":14,"turns":2},{"damage":1,"enemies":"Hexaghost","floor":16,"turns":8},{"damage":7,"enemies":"Spheric Guardian","floor":18,"turns":5},{"damage":12,"enemies":"Shell Parasite","floor":19,"turns":7},{"damage":19,"enemies":"Book of Stabbing","floor":23,"turns":8},{"damage":43,"enemies":"3 Cultists","floor":24,"turns":8}],"seed_played":"-1195461240266484163","potions_obtained":[{"floor":12,"key":"GhostInAJar"},{"floor":13,"key":"Explosive Potion"},{"floor":16,"key":"EssenceOfSteel"},{"floor":19,"key":"GamblersBrew"},{"floor":21,"key":"PowerPotion"},{"floor":23,"key":"Regen Potion"}],"is_trial":false,"path_per_floor":["M","?","?","?","M","R","?","E","T","R","M","E","M","M","R","B",null,"M","M","?","?","?","E"],"character_chosen":"THE_SILENT","items_purchased":[],"campfire_rested":0,"item_purchase_floors":[],"current_hp_per_floor":[59,52,47,52,52,52,52,34,34,34,34,30,30,29,29,28,60,53,41,20,20,20,1,0],"gold":582,"neow_bonus":"HUNDRED_GOLD","is_prod":false,"is_daily":false,"chose_seed":false,"campfire_upgraded":3,"win_rate":0,"timestamp":1535593959,"path_taken":["M","?","?","?","M","R","?","E","T","R","M","E","?","M","R","BOSS","M","M","?","?","?","E","M"],"build_version":"2018-08-23v2","purchased_purges":0,"victory":false,"max_hp_per_floor":[66,66,66,71,71,71,71,71,71,71,71,71,71,71,71,71,71,71,71,71,71,35,35,35],"card_choices":[{"not_picked":["Slice","Blade Dance"],"picked":"Poisoned Stab","floor":1},{"not_picked":["Infinite Blades","Dagger Throw"],"picked":"Cloak And Dagger","floor":5},{"not_picked":["Dodge and Roll","Venomology"],"picked":"Terror","floor":8},{"not_picked":["Outmaneuver","Dagger Throw"],"picked":"Cloak And Dagger","floor":11},{"not_picked":["Footwork","Quick Slash"],"picked":"Bouncing Flask","floor":12},{"not_picked":["Outmaneuver","Tactician","Reflex"],"picked":"Bouncing Flask","floor":13},{"not_picked":["Predator","Deadly Poison","Cloak And Dagger"],"picked":"Footwork","floor":14},{"not_picked":["Storm of Steel","Tools of the Trade","Phantasmal Killer"],"picked":"After Image","floor":16},{"not_picked":["Terror","Expertise","Dodge and Roll","Acrobatics"],"picked":"SKIP","floor":18},{"not_picked":["Flying Knee","Distraction","PiercingWail"],"picked":"Poisoned Stab","floor":19},{"not_picked":["Infinite Blades","Sucker Punch","Dagger Spray+1"],"picked":"After Image","floor":23}],"player_experience":539269,"relics_obtained":[{"floor":8,"key":"MawBank"},{"floor":9,"key":"Ornamental Fan"},{"floor":12,"key":"Question Card"},{"floor":20,"key":"Necronomicon"},{"floor":23,"key":"Potion Belt"}],"event_choices":[{"event_name":"Golden Wing","player_choice":"Card Removal","floor":2,"damage_taken":0},{"event_name":"Scrap Ooze","player_choice":"success","floor":3,"damage_taken":5},{"event_name":"Big Fish","player_choice":"Donut","floor":4,"damage_taken":0},{"event_name":"The Cleric","player_choice":"Card Removal","floor":7,"damage_taken":0},{"event_name":"Cursed Tome","player_choice":"Obtained Book","floor":20,"damage_taken":0},{"event_name":"The Woman in Blue","player_choice":"Bought 1 Potion","floor":21,"damage_taken":0},{"event_name":"Ghosts","player_choice":"Became a Ghost","floor":22,"damage_taken":0}],"is_beta":false,"boss_relics":[{"not_picked":["Velvet Choker","Runic Dome"],"picked":"Eternal Feather"}],"items_purged_floors":[],"is_endless":false,"potions_floor_spawned":[12,13,16,19,23],"killed_by":"3 Cultists","ascension_level":15}