{"gold_per_floor":[118,78,0,0,10,39,39,53,53,53,72,85,101,116,116,219,219,233,263,275,275,73,73,107,118,167,179,179,179,179,104,104,205,205,216,216,235,282,294,294,310,310,310,359,109,109],"floor_reached":46,"playtime":1631,"items_purged":["Strike_R","Writhe"],"score":578,"play_id":"d8234837-0730-4566-9718-eb2f70a9efc3","local_time":"20181014152243","is_ascension_mode":true,"campfire_choices":[{"data":"Combust","floor":7,"key":"SMITH"},{"data":"Combust","floor":10,"key":"SMITH"},{"data":"Blood for Blood","floor":15,"key":"SMITH"},{"data":"Demon Form","floor":23,"key":"SMITH"},{"floor":28,"key":"REST"},{"data":"Flame Barrier","floor":32,"key":"SMITH"},{"floor":40,"key":"REST"},{"floor":42,"key":"REST"}],"neow_cost":"CURSE","seed_source_timestamp":170532785617967,"circlet_count":0,"master_deck":["Strike_R","Defend_R","Defend_R","Defend_R","Defend_R","Flame Barrier+1","Combust+1","Combust+1","Iron Wave","Iron Wave+1","Blood for Blood+1","Demon Form+1","Writhe","Combust+1"],"relics":["Burning Blood","Question Card","Singing Bowl","Busted Crown","Tiny Chest","Strawberry","DollysMirror","Pantograph","Art of War","MutagenicStrength","Empty Cage","Blood Vial","Boot","Shovel","Juzu Bracelet"],"potions_floor_usage":[6,6,16,16,27,41,44],"damage_taken":[{"damage":1,"enemies":"2 Louse","floor":1,"turns":2},{"damage":5,"enemies":"Cultist","floor":5,"turns":4},{"damage":40,"enemies":"Lagavulin","floor":6,"turns":8},{"damage":8,"enemies":"Jaw Worm","floor":8,"turns":4},{"damage":8,"enemies":"Red Slaver","floor":11,"turns":3},{"damage":14,"enemies":"3 Louse","floor":12,"turns":3},{"damage":3,"enemies":"2 Fungi Beasts","floor":13,"turns":3},{"damage":4,"enemies":"Lots of Slimes","floor":14,"turns":2},{"damage":29,"enemies":"The Guardian","floor":16,"turns":12},{"damage":11,"enemies":"2 Thieves","floor":18,"turns":3},{"damage":6,"enemies":"Chosen","floor":20,"turns":4},{"damage":61,"enemies":"Slavers","floor":24,"turns":4},{"damage":28,"enemies":"Centurion and Healer","floor":25,"turns":4},{"damage":18,"enemies":"Cultist and Chosen","floor":27,"turns":4},{"damage":57,"enemies":"Champ","floor":33,"turns":8},{"damage":27,"enemies":"3 Darklings","floor":35,"turns":4},{"damage":30,"enemies":"3 Shapes","floor":37,"turns":3},{"damage":55,"enemies":"Maw","floor":39,"turns":9},{"damage":15,"enemies":"4 Shapes","floor":41,"turns":5},{"damage":44,"enemies":"Mysterious Sphere","floor":44,"turns":6},{"damage":49,"enemies":"Transient","floor":46,"turns":5}],"seed_played":"-8987217193532091909","potions_obtained":[{"floor":2,"key":"FearPotion"},{"floor":2,"key":"AttackPotion"},{"floor":2,"key":"Fire Potion"},{"floor":8,"key":"SkillPotion"},{"floor":12,"key":"GamblersBrew"},{"floor":13,"key":"AttackPotion"},{"floor":16,"key":"SteroidPotion"},{"floor":27,"key":"SpeedPotion"},{"floor":35,"key":"SkillPotion"},{"floor":44,"key":"Swift Potion"}],"is_trial":false,"path_per_floor":["M","?","$","?","M","E","R","M","T","R","M","M","M","M","R","B",null,"M","?","M","?","$","R","E","M","T","M","R","?","?","$","R","B",null,"M","?","M","T","M","R","M","R","T","?","$"],"character_chosen":"IRONCLAD","items_purchased":["Combust","DollysMirror","Juzu Bracelet"],"campfire_rested":3,"item_purchase_floors":[3,22,45],"current_hp_per_floor":[80,80,80,80,80,46,46,44,44,44,44,38,43,45,45,22,86,83,83,85,92,92,92,39,19,19,9,39,39,73,73,73,49,105,86,86,64,64,19,52,47,80,80,46,46,0],"gold":109,"neow_bonus":"TRANSFORM_TWO_CARDS","is_prod":false,"is_daily":false,"chose_seed":false,"campfire_upgraded":5,"win_rate":0,"timestamp":1539492763,"path_taken":["M","?","$","?","M","E","R","?","T","R","M","M","M","M","R","BOSS","M","?","M","?","$","R","E","M","T","M","R","?","?","$","R","BOSS","M","?","M","?","M","R","M","R","T","?","$","M"],"build_version":"2018-10-11","purchased_purges":2,"victory":false,"max_hp_per_floor":[80,80,80,80,80,80,80,80,80,80,82,84,86,86,86,86,86,88,88,90,97,97,97,99,101,101,103,103,103,103,103,103,105,105,107,107,109,109,111,111,113,113,113,115,115,115],"card_choices":[{"not_picked":["Flex","Warcry","Heavy Blade"],"picked":"SKIP","floor":1},{"not_picked":["Seeing Red","Pommel Strike"],"picked":"Iron Wave","floor":5},{"not_picked":["Perfected Strike","Double Tap"],"picked":"Iron Wave","floor":6},{"not_picked":["Flex","True Grit","Body Slam","Fire Breathing"],"picked":"SKIP","floor":8},{"not_picked":["Rupture","Perfected Strike","Sword Boomerang","Shockwave"],"picked":"Singing Bowl","floor":11},{"not_picked":["Body Slam","Havoc","Clothesline","Headbutt"],"picked":"Singing Bowl","floor":12},{"not_picked":["Sever Soul","Rupture","Anger","Warcry"],"picked":"Singing Bowl","floor":13},{"not_picked":["Evolve","Barricade","Battle Trance"],"picked":"Blood for Blood","floor":14},{"not_picked":["Offering","Berserk","Fiend Fire"],"picked":"Demon Form","floor":16},{"not_picked":["Perfected Strike","Second Wind"],"picked":"Singing Bowl","floor":18},{"not_picked":["Bloodletting","Cleave"],"picked":"Singing Bowl","floor":20},{"not_picked":["Dropkick+1","Cleave+1"],"picked":"Singing Bowl","floor":24},{"not_picked":["Heavy Blade+1","Iron Wave+1"],"picked":"Singing Bowl","floor":25},{"not_picked":["Bloodletting","Seeing Red"],"picked":"Singing Bowl","floor":27},{"not_picked":["Impervious","Feed"],"picked":"Singing Bowl","floor":33},{"not_picked":["Corruption","Disarm"],"picked":"Singing Bowl","floor":35},{"not_picked":["Flex","Warcry+1"],"picked":"Singing Bowl","floor":37},{"not_picked":["Headbutt+1","Wild Strike"],"picked":"Singing Bowl","floor":39},{"not_picked":["Iron Wave+1","Anger"],"picked":"Singing Bowl","floor":41},{"not_picked":["Power Through+1","Clash"],"picked":"Singing Bowl","floor":44}],"player_experience":302923,"relics_obtained":[{"floor":6,"key":"Question Card"},{"floor":9,"key":"Singing Bowl"},{"floor":24,"key":"Pantograph"},{"floor":26,"key":"Art of War"},{"floor":38,"key":"Blood Vial"},{"floor":43,"key":"Boot"},{"floor":44,"key":"Shovel"}],"event_choices":[{"event_name":"The Woman in Blue","player_choice":"Bought 3 Potions","floor":2,"damage_taken":0},{"event_name":"The Cleric","player_choice":"Leave","floor":4,"damage_taken":0},{"event_name":"WeMeetAgain","player_choice":"Potion","floor":19,"damage_taken":0},{"event_name":"The Mausoleum","player_choice":"Yes","floor":21,"damage_taken":0},{"event_name":"Drug Dealer","player_choice":"Inject Mutagens","floor":29,"damage_taken":0},{"event_name":"The Library","player_choice":"Heal","floor":30,"damage_taken":0},{"event_name":"Accursed Blacksmith","player_choice":"Forge","floor":36,"damage_taken":0},{"event_name":"Mysterious Sphere","player_choice":"Fight","floor":44,"damage_taken":0}],"is_beta":false,"boss_relics":[{"not_picked":["Mark of Pain","Cursed Key"],"picked":"Busted Crown"},{"not_picked":["Pandora\u0027s Box","Lizard Tail"],"picked":"Empty Cage"}],"items_purged_floors":[31,45],"is_endless":false,"potions_floor_spawned":[8,12,13,14,16,27,35,44],"killed_by":"Transient","ascension_level":4}