{"gold_per_floor":[110,122,122,0,0,0,20,53,77,77,112,137,167,242,242,346,346,362,362,44,64,75,75,105,105,105,138,138,172,172,100,100,203,203,215,228,63,63,63,63,90,110,110,110,110,110,110,144,144,144],"floor_reached":50,"playtime":4265,"items_purged":["Defend_B","Strike_B","Consume+1"],"score":899,"play_id":"fe67d1b4-f00a-4ebe-a457-0e4191587b42","local_time":"20190207212054","is_ascension_mode":true,"campfire_choices":[{"data":"Discovery","floor":6,"key":"SMITH"},{"data":"Zap","floor":10,"key":"SMITH"},{"floor":15,"key":"REST"},{"data":"Hologram","floor":23,"key":"SMITH"},{"floor":28,"key":"REST"},{"data":"J.A.X.","floor":30,"key":"SMITH"},{"data":"Defragment","floor":32,"key":"SMITH"},{"data":"Madness","floor":40,"key":"SMITH"},{"floor":45,"key":"REST"},{"floor":49,"key":"REST"}],"neow_cost":"TEN_PERCENT_HP_LOSS","seed_source_timestamp":16630061054324,"circlet_count":0,"master_deck":["Strike_B+1","Defend_B","Defend_B","Defend_B","Zap+1","Dualcast","Auto Shields","Conserve Battery","Discovery+1","Ball Lightning","Go for the Eyes+1","Melter","Hologram+1","Machine Learning","Defragment+1","Core Surge","J.A.X.+1","Cold Snap+1","Rip and Tear+1","Biased Cognition","FTL","Madness+1","Madness","Ball Lightning+1","Sweeping Beam+1","Seek"],"relics":["Cracked Core","Bag of Marbles","Bag of Preparation","Whetstone","Odd Mushroom","Anchor","Runic Dome","Bronze Scales","PreservedInsect","Symbiotic Virus","Omamori","Lizard Tail","Juzu Bracelet","Centennial Puzzle","Calipers"],"potions_floor_usage":[8,11,13,16,21,24,41,41,42,47],"damage_taken":[{"damage":1,"enemies":"Jaw Worm","floor":1,"turns":4},{"damage":0,"enemies":"Cultist","floor":2,"turns":3},{"damage":0,"enemies":"Small Slimes","floor":7,"turns":3},{"damage":5,"enemies":"Lagavulin","floor":8,"turns":5},{"damage":4,"enemies":"3 Sentries","floor":11,"turns":5},{"damage":15,"enemies":"The Mushroom Lair","floor":12,"turns":3},{"damage":0,"enemies":"Gremlin Nob","floor":13,"turns":2},{"damage":5,"enemies":"Slime Boss","floor":16,"turns":5},{"damage":0,"enemies":"Spheric Guardian","floor":18,"turns":3},{"damage":0,"enemies":"Shell Parasite","floor":21,"turns":1},{"damage":0,"enemies":"Cultist and Chosen","floor":22,"turns":4},{"damage":9,"enemies":"Book of Stabbing","floor":24,"turns":4},{"damage":7,"enemies":"Slavers","floor":27,"turns":4},{"damage":0,"enemies":"Gremlin Leader","floor":29,"turns":5},{"damage":25,"enemies":"Champ","floor":33,"turns":9},{"damage":3,"enemies":"3 Shapes","floor":35,"turns":3},{"damage":0,"enemies":"Orb Walker","floor":36,"turns":2},{"damage":11,"enemies":"Giant Head","floor":41,"turns":6},{"damage":20,"enemies":"Writhing Mass","floor":42,"turns":2},{"damage":0,"enemies":"4 Shapes","floor":47,"turns":1},{"damage":26,"enemies":"Reptomancer","floor":48,"turns":3},{"damage":104,"enemies":"Time Eater","floor":50,"turns":8}],"seed_played":"609463566479143527","potions_obtained":[{"floor":1,"key":"FearPotion"},{"floor":2,"key":"SkillPotion"},{"floor":8,"key":"Regen Potion"},{"floor":12,"key":"FocusPotion"},{"floor":16,"key":"Fire Potion"},{"floor":21,"key":"Energy Potion"},{"floor":33,"key":"SteroidPotion"},{"floor":35,"key":"SpeedPotion"},{"floor":39,"key":"SmokeBomb"},{"floor":39,"key":"Ancient Potion"},{"floor":41,"key":"SteroidPotion"}],"is_trial":false,"path_per_floor":["M","M","?","$","$","R","M","E","T","R","E","?","E","?","R","B",null,"M","?","$","M","M","R","E","?","T","E","R","E","R","$","R","B",null,"M","M","$","?","?","R","E","M","T","?","R","?","M","E","R","B"],"character_chosen":"DEFECT","items_purchased":["Ball Lightning","Defragment","Core Surge","Self Repair","FTL"],"campfire_rested":4,"item_purchase_floors":[4,20,20,31,37],"current_hp_per_floor":[67,67,67,67,67,67,67,62,62,62,58,43,48,37,57,52,64,64,64,64,64,64,64,55,55,55,48,68,68,68,68,68,50,64,68,68,68,59,59,59,55,35,35,35,55,55,55,29,49,0],"gold":144,"neow_bonus":"REMOVE_TWO","is_prod":false,"is_daily":false,"chose_seed":false,"campfire_upgraded":6,"win_rate":0,"timestamp":1549596054,"path_taken":["M","M","?","?","$","R","M","E","T","R","E","?","E","?","R","BOSS","M","?","$","M","M","R","E","?","T","E","R","E","R","?","R","BOSS","M","M","$","?","?","R","E","M","T","?","R","?","M","E","R","BOSS"],"build_version":"2019-01-23","purchased_purges":3,"victory":false,"max_hp_per_floor":[68,68,68,68,68,68,68,68,68,68,68,68,68,68,68,68,68,68,68,68,68,68,68,68,68,68,68,68,68,68,68,68,68,68,68,68,68,68,68,68,68,68,68,68,68,68,68,68,68,68],"card_choices":[{"not_picked":["Go for the Eyes","Reinforced Body"],"picked":"Auto Shields","floor":1},{"not_picked":["Gash","Turbo"],"picked":"Conserve Battery","floor":2},{"not_picked":["Coolheaded","Stack","Aggregate"],"picked":"SKIP","floor":7},{"not_picked":["Meteor Strike","Reinforced Body"],"picked":"Go for the Eyes","floor":8},{"not_picked":["Beam Cell","Barrage"],"picked":"Melter","floor":11},{"not_picked":["Reprogram","Go for the Eyes"],"picked":"Hologram","floor":12},{"not_picked":["Undo","Genetic Algorithm","Compile Driver"],"picked":"SKIP","floor":13},{"not_picked":["Hyperbeam","Buffer"],"picked":"Machine Learning","floor":16},{"not_picked":["Streamline","Sunder+1","Barrage"],"picked":"SKIP","floor":18},{"not_picked":["Go for the Eyes","Hyperbeam","Streamline"],"picked":"SKIP","floor":21},{"not_picked":["Barrage+1","Blizzard"],"picked":"Consume+1","floor":22},{"not_picked":["Beam Cell+1","Steam","Conserve Battery"],"picked":"SKIP","floor":24},{"not_picked":["Thunder Strike","Defragment"],"picked":"Cold Snap+1","floor":27},{"not_picked":["Streamline","Hyperbeam"],"picked":"Rip and Tear+1","floor":29},{"not_picked":["Fission","All For One"],"picked":"Biased Cognition","floor":33},{"not_picked":["Leap+1","Steam+1","Cold Snap"],"picked":"SKIP","floor":35},{"not_picked":["Rebound","Undo+1","Cold Snap+1"],"picked":"SKIP","floor":36},{"not_picked":["Gash+1","Machine Learning"],"picked":"Ball Lightning+1","floor":41},{"not_picked":["Conserve Battery","Skim"],"picked":"Sweeping Beam+1","floor":42},{"not_picked":["Steam Power","Ball Lightning"],"picked":"Seek","floor":48}],"player_experience":262738,"relics_obtained":[{"floor":8,"key":"Bag of Marbles"},{"floor":9,"key":"Bag of Preparation"},{"floor":11,"key":"Whetstone"},{"floor":12,"key":"Odd Mushroom"},{"floor":13,"key":"Anchor"},{"floor":24,"key":"Bronze Scales"},{"floor":26,"key":"PreservedInsect"},{"floor":27,"key":"Symbiotic Virus"},{"floor":29,"key":"Omamori"},{"floor":41,"key":"Juzu Bracelet"},{"floor":43,"key":"Centennial Puzzle"},{"floor":48,"key":"Calipers"}],"event_choices":[{"damage_healed":0,"gold_gain":0,"player_choice":"1 cards matched","damage_taken":0,"max_hp_gain":0,"max_hp_loss":0,"event_name":"Match and Keep!","floor":3,"gold_loss":0,"cards_obtained":["Discovery"]},{"damage_healed":0,"gold_gain":0,"player_choice":"Fought Mushrooms","damage_taken":0,"max_hp_gain":0,"max_hp_loss":0,"event_name":"Mushrooms","floor":12,"gold_loss":0},{"damage_healed":0,"gold_gain":75,"player_choice":"Gather Gold","damage_taken":11,"max_hp_gain":0,"max_hp_loss":0,"event_name":"World of Goop","floor":14,"gold_loss":0},{"damage_healed":0,"gold_gain":0,"player_choice":"Ignored","damage_taken":0,"max_hp_gain":0,"max_hp_loss":0,"event_name":"Vampires","floor":19,"gold_loss":0},{"damage_healed":0,"gold_gain":0,"player_choice":"Obtain J.A.X.","damage_taken":0,"max_hp_gain":0,"max_hp_loss":0,"event_name":"Drug Dealer","floor":25,"gold_loss":0,"cards_obtained":["J.A.X."]},{"damage_healed":0,"gold_gain":0,"player_choice":"Embrace Madness","damage_taken":9,"max_hp_gain":0,"max_hp_loss":0,"event_name":"Winding Halls","floor":38,"gold_loss":0,"cards_obtained":["Madness","Madness"]},{"damage_healed":0,"gold_gain":0,"player_choice":"Got Potions","damage_taken":0,"max_hp_gain":0,"max_hp_loss":0,"event_name":"Lab","floor":39,"gold_loss":0},{"damage_healed":0,"gold_gain":0,"player_choice":"Ignored","damage_taken":0,"max_hp_gain":0,"max_hp_loss":0,"event_name":"Mysterious Sphere","floor":44,"gold_loss":0},{"cards_removed":["Self Repair"],"damage_healed":0,"gold_gain":0,"player_choice":"Removed Power","damage_taken":0,"max_hp_gain":0,"max_hp_loss":0,"event_name":"Falling","floor":46,"gold_loss":0}],"is_beta":false,"boss_relics":[{"not_picked":["White Beast Statue","Calling Bell"],"picked":"Runic Dome"},{"not_picked":["FrozenCore","Tiny House"],"picked":"Lizard Tail"}],"items_purged_floors":[4,20,37],"is_endless":false,"potions_floor_spawned":[1,2,8,12,16,21,33,35,41,47],"killed_by":"Time Eater","ascension_level":9}