{"gold_per_floor":[110,29,42,42,42,76,87,117,169,187,187,187,222,235,235,235],"floor_reached":16,"playtime":321,"items_purged":[],"score":290,"play_id":"e423b88b-1f38-41d6-8dc2-e2793d19e205","local_time":"20190215193334","is_ascension_mode":true,"campfire_choices":[{"data":"Inflame","floor":12.0,"key":"SMITH"},{"floor":15.0,"key":"REST"}],"neow_cost":"NONE","seed_source_timestamp":33899073288610,"circlet_count":0,"master_deck":["AscendersBane","Strike_R","Strike_R","Strike_R","Strike_R","Strike_R","Defend_R","Defend_R","Defend_R","Defend_R","Bash+1","Feel No Pain","Inflame+1","Metallicize","Spot Weakness","Carnage","Sword Boomerang","Impervious","Shrug It Off"],"special_seed":0,"relics":["Burning Blood","NeowsBlessing","Matryoshka","Dream Catcher","WingedGreaves","Bag of Preparation","Blood Vial","Regal Pillow"],"potions_floor_usage":[],"damage_taken":[{"damage":0.0,"enemies":"Small Slimes","floor":1.0,"turns":1.0},{"damage":0.0,"enemies":"2 Louse","floor":3.0,"turns":1.0},{"damage":0.0,"enemies":"Lagavulin","floor":6.0,"turns":2.0},{"damage":2.0,"enemies":"Jaw Worm","floor":7.0,"turns":3.0},{"damage":33.0,"enemies":"Gremlin Nob","floor":8.0,"turns":4.0},{"damage":14.0,"enemies":"3 Louse","floor":10.0,"turns":4.0},{"damage":17.0,"enemies":"Lagavulin","floor":13.0,"turns":5.0},{"damage":8.0,"enemies":"Blue Slaver","floor":14.0,"turns":2.0},{"damage":0,"enemies":"Slime Boss","floor":16,"turns":2}],"seed_played":"-5661258970574064695","potions_obtained":[{"floor":1.0,"key":"Ancient Potion"},{"floor":8.0,"key":"Swift Potion"},{"floor":10.0,"key":"SteroidPotion"}],"is_trial":false,"path_per_floor":["M","$","M","?","?","E","M","E","T","M","?","R","E","M","R","B"],"character_chosen":"IRONCLAD","items_purchased":["Inflame"],"campfire_rested":1,"item_purchase_floors":[2],"current_hp_per_floor":[74,74,75,40,40,46,50,23,23,17,42,42,33,33,70,72],"gold":235,"neow_bonus":"THREE_ENEMY_KILL","is_prod":false,"is_daily":false,"chose_seed":false,"campfire_upgraded":1,"win_rate":0,"timestamp":1550284414,"path_taken":["M","$","M","?","?","E","M","E","T","?","?","R","E","M","R","BOSS"],"build_version":"2019-01-23","purchased_purges":0,"victory":false,"max_hp_per_floor":[75,75,75,75,75,75,75,75,75,75,75,75,75,75,75,75],"card_choices":[{"not_picked":["True Grit","Havoc"],"picked":"Feel No Pain","floor":1.0},{"not_picked":["Pummel","Havoc"],"picked":"Metallicize","floor":3.0},{"not_picked":["Iron Wave","Twin Strike"],"picked":"Spot Weakness","floor":6.0},{"not_picked":["Thunderclap","Clash","Sentinel"],"picked":"SKIP","floor":7.0},{"not_picked":["Thunderclap","Sentinel"],"picked":"Carnage","floor":8.0},{"not_picked":["Warcry","Heavy Blade"],"picked":"Sword Boomerang","floor":10.0},{"not_picked":["Entrench","Wild Strike"],"picked":"Impervious","floor":13.0},{"not_picked":["Bloodletting","Sword Boomerang","Clash"],"picked":"SKIP","floor":14.0},{"not_picked":["Thunderclap","Wild Strike"],"picked":"Shrug It Off","floor":15.0}],"player_experience":842588,"relics_obtained":[{"floor":6.0,"key":"Dream Catcher"},{"floor":8.0,"key":"WingedGreaves"},{"floor":9.0,"key":"Bag of Preparation"},{"floor":9.0,"key":"Blood Vial"},{"floor":13.0,"key":"Regal Pillow"}],"event_choices":[{"damage_healed":0.0,"max_hp_gain":0.0,"max_hp_loss":0.0,"gold_gain":0.0,"event_name":"Scrap Ooze","player_choice":"Success","floor":4.0,"gold_loss":0.0,"damage_taken":35.0,"relics_obtained":["Matryoshka"]},{"damage_healed":0.0,"max_hp_gain":0.0,"max_hp_loss":0.0,"gold_gain":0.0,"event_name":"Living Wall","player_choice":"Grow","floor":5.0,"gold_loss":0.0,"damage_taken":0.0,"cards_upgraded":["Bash"]},{"damage_healed":25.0,"max_hp_gain":0.0,"max_hp_loss":0.0,"gold_gain":0.0,"event_name":"Big Fish","player_choice":"Banana","floor":11.0,"gold_loss":0.0,"damage_taken":0.0}],"is_beta":false,"boss_relics":[],"items_purged_floors":[],"is_endless":false,"potions_floor_spawned":[1,8,10],"killed_by":"Slime Boss","ascension_level":20}