{"gold_per_floor":[365,365,379,23,23,55,55,65,89,100,100,126,126,138,138,138],"floor_reached":16,"playtime":730,"items_purged":[],"score":121,"play_id":"32d32854-8bbe-4e69-bacd-39fa1481fcbe","local_time":"20180905141507","is_ascension_mode":true,"campfire_choices":[{"floor":11,"key":"REST"},{"data":"Fusion","floor":15,"key":"SMITH"}],"neow_cost":"TEN_PERCENT_HP_LOSS","seed_source_timestamp":715551283703624,"circlet_count":0,"master_deck":["Strike_B","Strike_B","Strike_B","Defend_B","Defend_B","Defend_B","Defend_B","Zap","Dualcast","Gash","Conserve Battery","Capacitor","Coolheaded","Fusion+1","Barrage","Loop","BootSequence"],"relics":["Cracked Core","The Courier","Runic Capacitor","DataDisk","Mercury Hourglass","Ancient Tea Set","Vajra","Darkstone Periapt"],"potions_floor_usage":[6],"damage_taken":[{"damage":5,"enemies":"Cultist","floor":1,"turns":4},{"damage":9,"enemies":"2 Louse","floor":3,"turns":2},{"damage":37,"enemies":"3 Sentries","floor":6,"turns":8},{"damage":1,"enemies":"Jaw Worm","floor":8,"turns":4},{"damage":3,"enemies":"2 Fungi Beasts","floor":10,"turns":3},{"damage":17,"enemies":"Lagavulin","floor":12,"turns":6},{"damage":6,"enemies":"Blue Slaver","floor":14,"turns":4},{"damage":23,"enemies":"Slime Boss","floor":16,"turns":3}],"seed_played":"7291323403590576995","potions_obtained":[{"floor":3,"key":"LiquidBronze"},{"floor":6,"key":"SpeedPotion"},{"floor":14,"key":"Explosive Potion"}],"is_trial":false,"path_per_floor":["M","T","M","$","?","E","?","M","T","M","R","E","T","M","R"],"character_chosen":"DEFECT","items_purchased":["Runic Capacitor","Capacitor","DataDisk"],"campfire_rested":1,"item_purchase_floors":[4,4,4],"current_hp_per_floor":[63,63,54,54,54,17,17,16,16,13,33,16,16,10,10,0],"gold":138,"neow_bonus":"TWO_FIFTY_GOLD","is_prod":false,"is_daily":false,"chose_seed":false,"campfire_upgraded":1,"win_rate":0,"timestamp":1536122707,"path_taken":["M","?","?","$","?","E","?","M","T","?","R","E","?","M","R","BOSS"],"build_version":"2018-08-30","purchased_purges":0,"victory":false,"max_hp_per_floor":[68,68,68,68,68,68,68,68,68,68,68,68,68,68,68,68],"card_choices":[{"not_picked":["Conserve Battery","Go for the Eyes"],"picked":"Gash","floor":1},{"not_picked":["Barrage","Rainbow"],"picked":"Conserve Battery","floor":3},{"not_picked":["Rebound","Streamline"],"picked":"Coolheaded","floor":6},{"not_picked":["Sweeping Beam","Coolheaded"],"picked":"Fusion","floor":8},{"not_picked":["Chill","Stack"],"picked":"Barrage","floor":10},{"not_picked":["Sweeping Beam","Reprogram"],"picked":"Loop","floor":12},{"not_picked":["Compile Driver","Streamline"],"picked":"BootSequence","floor":14}],"player_experience":126530,"relics_obtained":[{"floor":2,"key":"The Courier"},{"floor":6,"key":"Mercury Hourglass"},{"floor":9,"key":"Ancient Tea Set"},{"floor":12,"key":"Vajra"},{"floor":13,"key":"Darkstone Periapt"}],"event_choices":[{"event_name":"Bonfire Elementals","player_choice":"BASIC","floor":5,"damage_taken":0},{"event_name":"Liars Game","player_choice":"disagreed","floor":7,"damage_taken":0}],"is_beta":false,"boss_relics":[],"items_purged_floors":[],"is_endless":false,"potions_floor_spawned":[3,6,14],"killed_by":"Slime Boss","ascension_level":2}