{"gold_per_floor":[113,130,145,145,70,70,70,70,70,70,70,101,118,118,118,118],"floor_reached":16,"playtime":584,"items_purged":["Defend_R"],"score":98,"play_id":"4bae0ae6-b3fa-42ac-ac56-6229c76766bb","local_time":"20190216090930","is_ascension_mode":false,"campfire_choices":[{"data":"Whirlwind","floor":6,"key":"SMITH"},{"data":"Pommel Strike","floor":8,"key":"SMITH"},{"floor":11,"key":"REST"},{"data":"Iron Wave","floor":15,"key":"SMITH"}],"neow_cost":"PERCENT_DAMAGE","seed_source_timestamp":429715551309603,"circlet_count":0,"master_deck":["Strike_R","Strike_R","Strike_R","Strike_R","Defend_R","Defend_R","Defend_R","Bash","Whirlwind+1","Iron Wave+1","Pommel Strike+1","Ghostly Armor","Headbutt"],"relics":["Burning Blood","Charon\u0027s Ashes","Bag of Preparation","Self Forming Clay","Oddly Smooth Stone","Golden Idol"],"potions_floor_usage":[3,12,16],"damage_taken":[{"damage":1,"enemies":"2 Louse","floor":1,"turns":4},{"damage":2,"enemies":"Small Slimes","floor":2,"turns":3},{"damage":11,"enemies":"Jaw Worm","floor":3,"turns":3},{"damage":27,"enemies":"Lagavulin","floor":12,"turns":6},{"damage":2,"enemies":"3 Louse","floor":13,"turns":2},{"damage":58,"enemies":"Hexaghost","floor":16,"turns":16}],"seed_played":"147736375997991195","potions_obtained":[{"floor":1,"key":"Fire Potion"},{"floor":2,"key":"BloodPotion"},{"floor":12,"key":"Explosive Potion"}],"is_trial":false,"path_per_floor":["M","M","M","?","$","R","?","R","T","?","R","E","M","?","R","B"],"character_chosen":"IRONCLAD","items_purchased":[],"campfire_rested":1,"item_purchase_floors":[],"current_hp_per_floor":[61,65,68,68,68,68,73,73,73,48,73,52,56,56,56,0],"gold":118,"neow_bonus":"ONE_RARE_RELIC","is_prod":false,"is_daily":false,"chose_seed":false,"campfire_upgraded":3,"win_rate":0.0,"timestamp":1550322570,"path_taken":["M","M","M","?","$","R","?","R","T","?","R","E","M","?","R","BOSS"],"build_version":"2019-01-23","purchased_purges":1,"victory":false,"max_hp_per_floor":[80,80,80,80,80,80,85,85,85,85,85,85,85,79,79,79],"card_choices":[{"not_picked":["Anger","Perfected Strike"],"picked":"Whirlwind","floor":1},{"not_picked":["Armaments","Battle Trance"],"picked":"Iron Wave","floor":2},{"not_picked":["Clash","Anger"],"picked":"Pommel Strike","floor":3},{"not_picked":["Clothesline","Dropkick"],"picked":"Ghostly Armor","floor":12},{"not_picked":["Infernal Blade","Flex"],"picked":"Headbutt","floor":13}],"player_experience":53048,"relics_obtained":[{"floor":9,"key":"Bag of Preparation"},{"floor":12,"key":"Oddly Smooth Stone"}],"event_choices":[{"cards_removed":["Strike_R"],"damage_healed":0,"gold_gain":0,"player_choice":"Forget","damage_taken":0,"max_hp_gain":0,"max_hp_loss":0,"event_name":"Living Wall","floor":4,"gold_loss":0},{"damage_healed":0,"gold_gain":0,"player_choice":"Donut","damage_taken":0,"max_hp_gain":5,"max_hp_loss":0,"event_name":"Big Fish","floor":7,"gold_loss":0},{"damage_healed":0,"gold_gain":0,"player_choice":"Success","damage_taken":25,"relics_obtained":["Self Forming Clay"],"max_hp_gain":0,"max_hp_loss":0,"event_name":"Scrap Ooze","floor":10,"gold_loss":0},{"damage_healed":0,"gold_gain":0,"player_choice":"Lose Max HP","damage_taken":0,"relics_obtained":["Golden Idol"],"max_hp_gain":0,"max_hp_loss":6,"event_name":"Golden Idol","floor":14,"gold_loss":0}],"is_beta":false,"boss_relics":[],"items_purged_floors":[5],"is_endless":false,"potions_floor_spawned":[1,2,12],"killed_by":"Hexaghost","ascension_level":0}