{"gold_per_floor":[117,117,117,131,44,70,70,90,90,265,265,265,281,300,300,404,404,422,422,433,19,31,31,45,62,62,62,62,81,81,99,99,197,197,208,308,325,325,338,338,358,358,410,129,140,152,187,205,205,205],"floor_reached":51,"playtime":2413,"items_purged":["Warcry","Intimidate"],"score":808,"play_id":"2c08889b-b9ad-4f17-a0e7-90d92cb96b4a","local_time":"20190216162627","daily_mods":["Draft"],"is_ascension_mode":false,"campfire_choices":[{"data":"Regret","floor":7.0,"key":"PURGE"},{"data":"Doubt","floor":11.0,"key":"PURGE"},{"data":"Clothesline","floor":15.0,"key":"PURGE"},{"data":"Heavy Blade","floor":23.0,"key":"PURGE"},{"data":"Limit Break","floor":30.0,"key":"SMITH"},{"data":"Headbutt","floor":32.0,"key":"PURGE"},{"data":"Spot Weakness","floor":40.0,"key":"PURGE"},{"data":"Cleave","floor":42.0,"key":"PURGE"},{"data":"Metallicize","floor":49.0,"key":"PURGE"}],"neow_cost":"","seed_source_timestamp":0,"circlet_count":0,"master_deck":["Shrug It Off","Pommel Strike","Disarm","Heavy Blade","Cleave","Bandage Up","Limit Break+1","Offering","J.A.X.","Spot Weakness+1","Battle Trance+1"],"special_seed":0,"relics":["Black Blood","Ice Cream","Peace Pipe","Blue Candle","Magic Flower","Incense Burner","Mark of Pain","Blood Vial","Brimstone","The Courier","Molten Egg 2","Bird Faced Urn","Potion Belt","Mercury Hourglass","Dream Catcher"],"potions_floor_usage":[50,50,50,50,50],"damage_taken":[{"damage":0.0,"enemies":"2 Louse","floor":1.0,"turns":2.0},{"damage":5.0,"enemies":"Small Slimes","floor":4.0,"turns":3.0},{"damage":18.0,"enemies":"Gremlin Nob","floor":6.0,"turns":5.0},{"damage":6.0,"enemies":"Jaw Worm","floor":8.0,"turns":2.0},{"damage":15.0,"enemies":"Exordium Thugs","floor":13.0,"turns":5.0},{"damage":0.0,"enemies":"2 Fungi Beasts","floor":14.0,"turns":2.0},{"damage":14.0,"enemies":"Hexaghost","floor":16.0,"turns":8.0},{"damage":12.0,"enemies":"Shell Parasite","floor":18.0,"turns":3.0},{"damage":24.0,"enemies":"2 Thieves","floor":20.0,"turns":4.0},{"damage":14.0,"enemies":"Centurion and Healer","floor":22.0,"turns":2.0},{"damage":27.0,"enemies":"Shelled Parasite and Fungi","floor":24.0,"turns":3.0},{"damage":13.0,"enemies":"Snecko","floor":25.0,"turns":4.0},{"damage":11.0,"enemies":"3 Cultists","floor":29.0,"turns":4.0},{"damage":7.0,"enemies":"Centurion and Healer","floor":31.0,"turns":2.0},{"damage":36.0,"enemies":"Champ","floor":33.0,"turns":4.0},{"damage":5.0,"enemies":"3 Darklings","floor":35.0,"turns":3.0},{"damage":50.0,"enemies":"Mind Bloom Boss Battle","floor":36.0,"turns":4.0},{"damage":16.0,"enemies":"Orb Walker","floor":37.0,"turns":3.0},{"damage":19.0,"enemies":"4 Shapes","floor":39.0,"turns":3.0},{"damage":36.0,"enemies":"Maw","floor":41.0,"turns":5.0},{"damage":30.0,"enemies":"3 Darklings","floor":45.0,"turns":3.0},{"damage":28.0,"enemies":"Sphere and 2 Shapes","floor":46.0,"turns":3.0},{"damage":23.0,"enemies":"Giant Head","floor":47.0,"turns":4.0},{"damage":29.0,"enemies":"4 Shapes","floor":48.0,"turns":3.0},{"damage":60,"enemies":"Time Eater","floor":50,"turns":4}],"seed_played":"-8075144030589301421","potions_obtained":[{"floor":8.0,"key":"GamblersBrew"},{"floor":13.0,"key":"Poison Potion"},{"floor":14.0,"key":"Poison Potion"},{"floor":29.0,"key":"Energy Potion"},{"floor":31.0,"key":"Strength Potion"},{"floor":36.0,"key":"SpeedPotion"},{"floor":37.0,"key":"Regen Potion"},{"floor":46.0,"key":"EntropicBrew"},{"floor":47.0,"key":"Swift Potion"}],"is_trial":true,"path_per_floor":["M","?","?","M","$","E","R","M","T","?","R","T","M","M","R","B",null,"M","?","M","$","M","R","M","M","T","?","T","M","R","M","R","B",null,"M","?","M","?","M","R","M","R","T","$","M","M","E","M","R","B",null],"character_chosen":"IRONCLAD","items_purchased":["Bandage Up","Blood Vial","Brimstone","Mercury Hourglass"],"campfire_rested":0,"item_purchase_floors":[5,21,21,44],"current_hp_per_floor":[80,80,62,63,63,55,55,55,55,55,55,55,55,64,64,65,80,80,80,71,71,75,75,66,71,71,71,71,78,78,80,80,59,80,80,48,59,59,80,80,68,68,68,68,65,61,62,60,60,24],"gold":205,"neow_bonus":"","is_prod":false,"is_daily":false,"chose_seed":false,"campfire_upgraded":1,"win_rate":0,"timestamp":1550294787,"path_taken":["M","?","?","M","?","E","R","?","T","?","R","?","M","M","R","BOSS","M","?","M","$","M","R","M","M","T","?","?","M","R","?","R","BOSS","M","?","M","?","M","R","M","R","T","$","M","M","E","M","R","BOSS"],"build_version":"2019-02-06","purchased_purges":2,"victory":true,"max_hp_per_floor":[80,80,80,80,80,80,80,80,80,80,80,80,80,80,80,80,80,80,80,80,80,80,80,80,80,80,80,80,80,80,80,80,80,80,80,80,80,80,80,80,80,80,80,80,80,80,80,80,80,80],"card_choices":[{"not_picked":["Havoc","Combust"],"picked":"Iron Wave","floor":0.0},{"not_picked":["True Grit","Headbutt"],"picked":"Shrug It Off","floor":0.0},{"not_picked":["Sword Boomerang","Pummel"],"picked":"Pommel Strike","floor":0.0},{"not_picked":["Thunderclap","Iron Wave"],"picked":"Disarm","floor":0.0},{"not_picked":["True Grit","Clash"],"picked":"Headbutt","floor":0.0},{"not_picked":["True Grit","Armaments"],"picked":"Heavy Blade","floor":0.0},{"not_picked":["Headbutt","Iron Wave"],"picked":"Dual Wield","floor":0.0},{"not_picked":["Clash","Twin Strike"],"picked":"Intimidate","floor":0.0},{"not_picked":["Sword Boomerang","True Grit"],"picked":"Clothesline","floor":0.0},{"not_picked":["True Grit","Armaments"],"picked":"Warcry","floor":0.0},{"not_picked":["Fire Breathing","Anger"],"picked":"Spot Weakness","floor":0.0},{"not_picked":["Armaments","Iron Wave"],"picked":"Heavy Blade","floor":0.0},{"not_picked":["Uppercut","Havoc"],"picked":"Cleave","floor":0.0},{"not_picked":["Iron Wave","Hemokinesis"],"picked":"Metallicize","floor":0.0},{"not_picked":["Sword Boomerang","Warcry"],"picked":"Cleave","floor":0.0},{"not_picked":["Clothesline","Headbutt","Heavy Blade"],"picked":"SKIP","floor":1.0},{"not_picked":["Clothesline","Headbutt","Warcry"],"picked":"SKIP","floor":4.0},{"not_picked":["Iron Wave","Sentinel"],"picked":"Limit Break","floor":6.0},{"not_picked":["Entrench","Armaments","Thunderclap"],"picked":"SKIP","floor":8.0},{"not_picked":["Seeing Red","Twin Strike","Sword Boomerang"],"picked":"SKIP","floor":13.0},{"not_picked":["Heavy Blade","Double Tap","Clash"],"picked":"SKIP","floor":14.0},{"not_picked":["Immolate","Limit Break"],"picked":"Offering","floor":16.0},{"not_picked":["Wild Strike","Pommel Strike","Havoc"],"picked":"SKIP","floor":18.0},{"not_picked":["Anger","Heavy Blade","Thunderclap"],"picked":"SKIP","floor":20.0},{"not_picked":["Searing Blow","Twin Strike","Metallicize"],"picked":"SKIP","floor":22.0},{"not_picked":["Seeing Red","Thunderclap","Pummel"],"picked":"SKIP","floor":24.0},{"not_picked":["Havoc","Anger"],"picked":"Spot Weakness+1","floor":25.0},{"not_picked":["Dropkick+1","Clash+1","Spot Weakness+1"],"picked":"SKIP","floor":29.0},{"not_picked":["Anger+1","Twin Strike+1","Combust+1"],"picked":"SKIP","floor":31.0},{"not_picked":["Clothesline+1","Evolve+1"],"picked":"Battle Trance+1","floor":35.0},{"not_picked":["Pommel Strike+1","Reckless Charge+1","Battle Trance+1"],"picked":"SKIP","floor":37.0},{"not_picked":["Thunderclap+1","Heavy Blade+1","Wild Strike+1"],"picked":"SKIP","floor":39.0},{"not_picked":["Pummel+1","Clash+1","Wild Strike+1"],"picked":"SKIP","floor":41.0},{"not_picked":["Iron Wave+1","Blood for Blood+1","Headbutt+1"],"picked":"SKIP","floor":45.0},{"not_picked":["Havoc","Wild Strike+1","Corruption"],"picked":"SKIP","floor":46.0},{"not_picked":["Brutality","Iron Wave+1","Wild Strike+1"],"picked":"SKIP","floor":47.0},{"not_picked":["Shrug It Off","Wild Strike+1","Armaments+1"],"picked":"SKIP","floor":48.0}],"player_experience":114874,"relics_obtained":[{"floor":6.0,"key":"Blue Candle"},{"floor":9.0,"key":"Magic Flower"},{"floor":12.0,"key":"Incense Burner"},{"floor":26.0,"key":"The Courier"},{"floor":28.0,"key":"Molten Egg 2"},{"floor":36.0,"key":"Bird Faced Urn"},{"floor":43.0,"key":"Potion Belt"},{"floor":47.0,"key":"Dream Catcher"}],"event_choices":[{"damage_healed":0.0,"max_hp_gain":0.0,"max_hp_loss":0.0,"gold_gain":0.0,"event_name":"Big Fish","player_choice":"Box","floor":2.0,"gold_loss":0.0,"damage_taken":0.0,"relics_obtained":["Ice Cream"],"cards_obtained":["Regret"]},{"damage_healed":0.0,"max_hp_gain":0.0,"max_hp_loss":0.0,"gold_gain":0.0,"event_name":"Scrap Ooze","player_choice":"Success","floor":3.0,"gold_loss":0.0,"damage_taken":18.0,"relics_obtained":["Peace Pipe"]},{"damage_healed":0.0,"max_hp_gain":0.0,"max_hp_loss":0.0,"gold_gain":175.0,"event_name":"Liars Game","player_choice":"AGREE","floor":10.0,"gold_loss":0.0,"damage_taken":0.0,"cards_obtained":["Doubt"]},{"damage_healed":0.0,"max_hp_gain":0.0,"max_hp_loss":0.0,"gold_gain":0.0,"event_name":"Drug Dealer","player_choice":"Obtain J.A.X.","floor":19.0,"gold_loss":0.0,"damage_taken":0.0,"cards_obtained":["J.A.X."]},{"cards_removed":["Dual Wield"],"damage_healed":0.0,"max_hp_gain":0.0,"max_hp_loss":0.0,"gold_gain":0.0,"event_name":"Back to Basics","player_choice":"Elegance","floor":27.0,"gold_loss":0.0,"damage_taken":0.0},{"damage_healed":0.0,"max_hp_gain":0.0,"max_hp_loss":0.0,"gold_gain":0.0,"event_name":"MindBloom","player_choice":"Fight","floor":36.0,"gold_loss":0.0,"damage_taken":0.0},{"cards_removed":["Iron Wave"],"damage_healed":0.0,"max_hp_gain":0.0,"max_hp_loss":0.0,"gold_gain":0.0,"event_name":"Falling","player_choice":"Removed Attack","floor":38.0,"gold_loss":0.0,"damage_taken":0.0}],"is_beta":true,"boss_relics":[{"not_picked":["Lizard Tail","Ectoplasm"],"picked":"Mark of Pain"},{"not_picked":["Eternal Feather","Fusion Hammer"],"picked":"Black Blood"}],"items_purged_floors":[21,44],"is_endless":false,"potions_floor_spawned":[8,13,14,29,31,36,37,46,47],"ascension_level":0}