{"gold_per_floor":[113,125,143,143,18,18,18,18,100,114,132,151,151,179,179,276,276,287,40,40,40,40,40,52,67,149,164,175,175,186,196,196,295,295,314,326,326,339,17,17,37,37,37,0,0,0,0,13,13,13],"floor_reached":50,"playtime":3953,"items_purged":["Decay"],"score":521,"play_id":"50198b8e-86db-4a43-b023-d17e74c3dcc4","local_time":"20190211222606","is_ascension_mode":false,"campfire_choices":[{"data":"Neutralize","floor":6,"key":"SMITH"},{"data":"Blade Dance","floor":8,"key":"SMITH"},{"data":"Noxious Fumes","floor":13,"key":"SMITH"},{"data":"Survivor","floor":15,"key":"SMITH"},{"data":"Noxious Fumes","floor":23,"key":"SMITH"},{"floor":29,"key":"REST"},{"floor":32,"key":"REST"},{"data":"Catalyst","floor":40,"key":"SMITH"},{"floor":42,"key":"REST"},{"data":"Footwork","floor":45,"key":"SMITH"},{"data":"Catalyst","floor":47,"key":"SMITH"},{"floor":49,"key":"REST"}],"neow_cost":"NONE","seed_source_timestamp":42132997763091,"circlet_count":0,"master_deck":["Defend_G","Defend_G","Defend_G","Defend_G","Defend_G","Strike_G","Strike_G","Strike_G+1","Strike_G","Survivor+1","Neutralize+1","PiercingWail","Dagger Spray+1","Blade Dance+1","Backflip","Calculated Gamble","Noxious Fumes+1","Infinite Blades","Tactician","Phantasmal Killer","Poisoned Stab","Noxious Fumes+1","Quick Slash","Bouncing Flask","Noxious Fumes+1","Flechettes+1","Dagger Spray+1","Pain","Sucker Punch+1","Catalyst+1","Sucker Punch","Catalyst+1","Envenom","Caltrops+1","Infinite Blades+1","PiercingWail+1","Footwork+1","Prepared","Flying Knee+1","Pain","Heel Hook"],"relics":["Ring of the Snake","Anchor","Ornamental Fan","Snake Skull","Cursed Key","Whetstone","MutagenicStrength","Pear","Lizard Tail","Toolbox","Mercury Hourglass","Red Mask"],"potions_floor_usage":[16,16,16,24,27,31,41,50],"damage_taken":[{"damage":1,"enemies":"Cultist","floor":1,"turns":5},{"damage":0,"enemies":"Small Slimes","floor":2,"turns":5},{"damage":0,"enemies":"2 Louse","floor":3,"turns":3},{"damage":0,"enemies":"Looter","floor":10,"turns":3},{"damage":0,"enemies":"2 Fungi Beasts","floor":11,"turns":4},{"damage":0,"enemies":"Lots of Slimes","floor":12,"turns":2},{"damage":0,"enemies":"Lagavulin","floor":14,"turns":6},{"damage":20,"enemies":"The Guardian","floor":16,"turns":10},{"damage":0,"enemies":"Shell Parasite","floor":18,"turns":7},{"damage":12,"enemies":"2 Thieves","floor":24,"turns":4},{"damage":16,"enemies":"Centurion and Healer","floor":25,"turns":5},{"damage":3,"enemies":"Snake Plant","floor":27,"turns":3},{"damage":13,"enemies":"Shelled Parasite and Fungi","floor":28,"turns":4},{"damage":26,"enemies":"Centurion and Healer","floor":30,"turns":6},{"damage":2,"enemies":"3 Cultists","floor":31,"turns":3},{"damage":36,"enemies":"Collector","floor":33,"turns":7},{"damage":2,"enemies":"3 Darklings","floor":35,"turns":3},{"damage":3,"enemies":"3 Shapes","floor":36,"turns":1},{"damage":11,"enemies":"Sphere and 2 Shapes","floor":38,"turns":4},{"damage":16,"enemies":"Maw","floor":41,"turns":6},{"damage":16,"enemies":"3 Darklings","floor":48,"turns":5},{"damage":117,"enemies":"Awakened One","floor":50,"turns":10}],"seed_played":"-8089897340344300518","potions_obtained":[{"floor":1,"key":"Dexterity Potion"},{"floor":3,"key":"FearPotion"},{"floor":14,"key":"Weak Potion"},{"floor":18,"key":"Poison Potion"},{"floor":25,"key":"Block Potion"},{"floor":30,"key":"Ancient Potion"},{"floor":36,"key":"FearPotion"},{"floor":48,"key":"AttackPotion"}],"is_trial":false,"path_per_floor":["M","M","M","?","$","R","?","R","T","M","M","M","R","E","R","B",null,"M","$","?","?","?","R","M","M","T","M","M","R","M","M","R","B",null,"M","M","?","M","$","R","M","R","T","?","R","?","R","M","R","B"],"character_chosen":"THE_SILENT","items_purchased":["Backflip","Noxious Fumes","Quick Slash","Whetstone","Toolbox","Footwork","Prepared"],"campfire_rested":4,"item_purchase_floors":[5,19,19,19,39,39,39],"current_hp_per_floor":[69,69,69,69,69,69,69,69,69,69,69,69,69,69,69,49,70,70,70,70,70,70,70,58,42,52,49,36,60,34,32,56,20,80,78,75,75,64,64,64,48,72,72,72,72,72,72,56,76,0],"gold":13,"neow_bonus":"RANDOM_COMMON_RELIC","is_prod":false,"is_daily":false,"chose_seed":false,"campfire_upgraded":8,"win_rate":0.0,"timestamp":1549938366,"path_taken":["M","?","M","?","?","R","?","R","T","M","M","M","R","E","R","BOSS","M","$","?","?","?","R","M","M","T","M","M","R","M","?","R","BOSS","M","M","?","?","$","R","M","R","T","?","R","?","R","M","R","BOSS"],"build_version":"2019-01-23","purchased_purges":1,"victory":false,"max_hp_per_floor":[70,70,70,70,70,70,70,70,70,70,70,70,70,70,70,70,70,70,70,70,70,70,70,70,70,80,80,80,80,80,80,80,80,80,80,80,80,80,80,80,80,80,80,80,80,76,76,76,76,76],"card_choices":[{"not_picked":["Deadly Poison","Escape Plan"],"picked":"PiercingWail","floor":1},{"not_picked":["Prepared","Slice"],"picked":"Dagger Spray","floor":2},{"not_picked":["Eviscerate","Predator"],"picked":"Blade Dance","floor":3},{"not_picked":["Slice","Night Terror"],"picked":"Calculated Gamble","floor":10},{"not_picked":["Flechettes","Predator"],"picked":"Noxious Fumes","floor":11},{"not_picked":["Finisher","Prepared"],"picked":"Infinite Blades","floor":12},{"not_picked":["Bullet Time","Deflect"],"picked":"Tactician","floor":14},{"not_picked":["Unload","Doppelganger"],"picked":"Phantasmal Killer","floor":16},{"not_picked":["Choke","Backflip"],"picked":"Poisoned Stab","floor":18},{"not_picked":["Masterful Stab","Prepared"],"picked":"Flechettes+1","floor":24},{"not_picked":["Backflip","Underhanded Strike"],"picked":"Dagger Spray+1","floor":25},{"not_picked":["Well Laid Plans","Predator"],"picked":"Sucker Punch+1","floor":27},{"not_picked":["Flying Knee","Burst"],"picked":"Catalyst","floor":28},{"not_picked":["Quick Slash","Acrobatics"],"picked":"Sucker Punch","floor":30},{"not_picked":["Prepared+1","Dagger Throw+1"],"picked":"Catalyst","floor":31},{"not_picked":["Wraith Form v2","Phantasmal Killer"],"picked":"Envenom","floor":33},{"not_picked":["Quick Slash+1","Backflip"],"picked":"Caltrops+1","floor":35},{"not_picked":["Caltrops","Deflect"],"picked":"Infinite Blades+1","floor":36},{"not_picked":["Flying Knee+1","Skewer"],"picked":"PiercingWail+1","floor":38},{"not_picked":["Blade Dance","Bullet Time"],"picked":"Flying Knee+1","floor":41},{"not_picked":["Sucker Punch","Riddle With Holes+1"],"picked":"Heel Hook","floor":48}],"player_experience":12332,"relics_obtained":[{"floor":9,"key":"Ornamental Fan"},{"floor":14,"key":"Snake Skull"},{"floor":26,"key":"Pear"},{"floor":43,"key":"Mercury Hourglass"}],"event_choices":[{"damage_healed":0,"gold_gain":0,"player_choice":"Cursed","damage_taken":0,"max_hp_gain":0,"max_hp_loss":0,"event_name":"Wheel of Change","floor":4,"gold_loss":0,"cards_obtained":["Decay"]},{"damage_healed":0,"gold_gain":0,"player_choice":"Leave","damage_taken":0,"max_hp_gain":0,"max_hp_loss":0,"event_name":"The Cleric","floor":7,"gold_loss":0},{"damage_healed":0,"gold_gain":0,"player_choice":"Read","damage_taken":0,"max_hp_gain":0,"max_hp_loss":0,"event_name":"The Library","floor":20,"gold_loss":0,"cards_obtained":["Bouncing Flask"]},{"damage_healed":0,"gold_gain":0,"player_choice":"Inject Mutagens","damage_taken":0,"relics_obtained":["MutagenicStrength"],"max_hp_gain":0,"max_hp_loss":0,"event_name":"Drug Dealer","floor":21,"gold_loss":0},{"damage_healed":0,"gold_gain":0,"player_choice":"Copied","damage_taken":0,"max_hp_gain":0,"max_hp_loss":0,"event_name":"Duplicator","floor":22,"gold_loss":0,"cards_obtained":["Noxious Fumes"]},{"cards_removed":["Strike_G"],"damage_healed":0,"gold_gain":0,"player_choice":"Offered Basic","damage_taken":0,"max_hp_gain":0,"max_hp_loss":0,"event_name":"Bonfire Elementals","floor":37,"gold_loss":0},{"damage_healed":0,"gold_gain":0,"player_choice":"Paid","damage_taken":0,"relics_obtained":["Red Mask"],"max_hp_gain":0,"max_hp_loss":0,"event_name":"Tomb of Lord Red Mask","floor":44,"gold_loss":37},{"damage_healed":0,"gold_gain":0,"player_choice":"Max HP","damage_taken":0,"max_hp_gain":0,"max_hp_loss":4,"event_name":"Winding Halls","floor":46,"gold_loss":0}],"is_beta":false,"boss_relics":[{"not_picked":["Philosopher\u0027s Stone","Calling Bell"],"picked":"Cursed Key"},{"not_picked":["Fusion Hammer","Orrery"],"picked":"Lizard Tail"}],"items_purged_floors":[5],"is_endless":false,"potions_floor_spawned":[1,3,14,18,25,30,36,48],"killed_by":"Awakened One","ascension_level":0}