{"gold_per_floor":[116,116,126,51,67,67,79,79,161,161,181,181,193,209,209,312,312,327,327,327,327,327,327,327],"floor_reached":24,"playtime":826,"items_purged":["Defend_R"],"score":258,"play_id":"ef376bc0-dd5b-4623-bb56-bcc50e832fc1","local_time":"20181104065956","is_ascension_mode":true,"campfire_choices":[{"data":"Armaments","floor":6,"key":"SMITH"},{"data":"Feed","floor":8,"key":"SMITH"},{"data":"Inflame","floor":10,"key":"SMITH"},{"data":"Iron Wave","floor":15,"key":"SMITH"},{"data":"Limit Break","floor":23,"key":"SMITH"}],"neow_cost":"NONE","seed_source_timestamp":87429610385288,"circlet_count":0,"master_deck":["Defend_R+1","Defend_R+1","Defend_R+1","Bash","Armaments+1","Inflame+1","Feed+1","Iron Wave+1","Whirlwind","Limit Break+1","J.A.X.","Bite","Bite","Bite","Bite","Bite"],"relics":["Burning Blood","NeowsBlessing","Tiny Chest","Sozu","Enchiridion"],"potions_floor_usage":[16,16,16],"damage_taken":[{"damage":0,"enemies":"Cultist","floor":1,"turns":1},{"damage":2,"enemies":"2 Louse","floor":3,"turns":2},{"damage":0,"enemies":"Small Slimes","floor":5,"turns":1},{"damage":13,"enemies":"3 Louse","floor":7,"turns":6},{"damage":30,"enemies":"Gremlin Gang","floor":11,"turns":7},{"damage":5,"enemies":"Red Slaver","floor":13,"turns":4},{"damage":6,"enemies":"Looter","floor":14,"turns":3},{"damage":17,"enemies":"The Guardian","floor":16,"turns":12},{"damage":0,"enemies":"3 Byrds","floor":18,"turns":4},{"damage":73,"enemies":"Slavers","floor":24,"turns":4}],"seed_played":"-105834707752916591","potions_obtained":[{"floor":5,"key":"Strength Potion"},{"floor":7,"key":"Energy Potion"},{"floor":14,"key":"Dexterity Potion"}],"is_trial":false,"path_per_floor":["M","?","M","$","M","R","M","R","T","R","M","?","M","M","R","B",null,"M","?","?","?","?","R","E"],"character_chosen":"IRONCLAD","items_purchased":[],"campfire_rested":0,"item_purchase_floors":[],"current_hp_per_floor":[80,80,80,80,83,83,79,79,79,79,59,52,57,57,57,46,82,92,92,92,68,52,52,0],"gold":327,"neow_bonus":"THREE_ENEMY_KILL","is_prod":false,"is_daily":false,"chose_seed":false,"campfire_upgraded":5,"win_rate":0,"timestamp":1541276996,"path_taken":["M","?","M","$","M","R","M","R","T","R","?","?","M","M","R","BOSS","M","?","?","?","?","R","E"],"build_version":"2018-11-01","purchased_purges":1,"victory":false,"max_hp_per_floor":[80,80,80,80,83,83,86,86,86,86,90,90,94,94,94,94,94,98,98,98,68,68,68,68],"card_choices":[{"not_picked":["Combust","Flex"],"picked":"Armaments","floor":1},{"not_picked":["Flex","Sever Soul"],"picked":"Feed","floor":3},{"not_picked":["Anger","Sever Soul","Corruption"],"picked":"SKIP","floor":5},{"not_picked":["Body Slam","Clash","Dropkick"],"picked":"SKIP","floor":7},{"not_picked":["Heavy Blade","Sword Boomerang"],"picked":"Iron Wave","floor":11},{"not_picked":["Shrug It Off","True Grit"],"picked":"Whirlwind","floor":13},{"not_picked":["True Grit","Clothesline","Sever Soul"],"picked":"SKIP","floor":14},{"not_picked":["Berserk","Double Tap"],"picked":"Limit Break","floor":16},{"not_picked":["Pommel Strike+1","Body Slam","Heavy Blade"],"picked":"SKIP","floor":18}],"player_experience":371223,"relics_obtained":[{"floor":9,"key":"Tiny Chest"},{"floor":22,"key":"Enchiridion"}],"event_choices":[{"damage_healed":0,"gold_gain":0,"cards_transformed":["Strike_R"],"player_choice":"Transformed","damage_taken":0,"max_hp_gain":0,"max_hp_loss":0,"event_name":"Transmorgrifier","floor":2,"gold_loss":0,"cards_obtained":["Inflame"]},{"cards_removed":["Strike_R"],"damage_healed":0,"gold_gain":0,"player_choice":"Card Removal","damage_taken":7,"max_hp_gain":0,"max_hp_loss":0,"event_name":"Golden Wing","floor":12,"gold_loss":0},{"damage_healed":0,"gold_gain":0,"player_choice":"Obtain J.A.X.","damage_taken":0,"max_hp_gain":0,"max_hp_loss":0,"event_name":"Drug Dealer","floor":19,"gold_loss":0,"cards_obtained":["J.A.X."]},{"damage_healed":0,"gold_gain":0,"player_choice":"Simplicity","damage_taken":0,"max_hp_gain":0,"max_hp_loss":0,"event_name":"Back to Basics","floor":20,"gold_loss":0,"cards_upgraded":["Strike_R","Strike_R","Strike_R","Defend_R","Defend_R","Defend_R"]},{"damage_healed":0,"gold_gain":0,"player_choice":"Became a vampire","damage_taken":0,"max_hp_gain":0,"max_hp_loss":30,"event_name":"Vampires","floor":21,"gold_loss":0,"cards_obtained":["Bite","Bite","Bite","Bite","Bite"]},{"damage_healed":0,"gold_gain":0,"player_choice":"Obtained Book","damage_taken":16,"max_hp_gain":0,"max_hp_loss":0,"event_name":"Cursed Tome","floor":22,"gold_loss":0}],"is_beta":false,"boss_relics":[{"not_picked":["Coffee Dripper","Philosopher\u0027s Stone"],"picked":"Sozu"}],"items_purged_floors":[4],"is_endless":false,"potions_floor_spawned":[5,7,14],"killed_by":"Slavers","ascension_level":5}