{"gold_per_floor":[114,114,114,129,54,85,101,101,179,198,216,132,142,142,142,238,238,257,356,356,366,366,385,385,396,396,396,122,137,149,167,167,262,262,279,290,290,290,68,68,80,90,90,90,102,102,102],"floor_reached":47,"playtime":1752,"items_purged":["Pain","Strike_G"],"score":481,"play_id":"9351e872-4ef7-4dcd-b11f-30c2a60bbf30","local_time":"20181122155121","is_ascension_mode":false,"campfire_choices":[{"data":"Neutralize","floor":8,"key":"SMITH"},{"floor":15,"key":"REST"},{"data":"Accuracy","floor":24,"key":"SMITH"},{"data":"Infinite Blades","floor":27,"key":"SMITH"},{"floor":32,"key":"REST"},{"floor":40,"key":"REST"}],"neow_cost":"NONE","seed_source_timestamp":69787653919537,"circlet_count":0,"master_deck":["Defend_G","Defend_G","Defend_G+1","Defend_G","Defend_G+1","Strike_G","Strike_G","Survivor","Neutralize+1","Blade Dance","Catalyst","Calculated Gamble","Leg Sweep","Poisoned Stab","Crippling Poison","Crippling Poison","Terror","Accuracy+1","Storm of Steel","Blade Dance","Infinite Blades+1","Corpse Explosion","Panache","Blade Dance","After Image","Secret Weapon","Deadly Poison","Accuracy","Heel Hook"],"relics":["Ring of the Snake","NeowsBlessing","WarpedTongs","Omamori","Pantograph","Mercury Hourglass","WristBlade","Du-Vu Doll","Fusion Hammer","Oddly Smooth Stone"],"potions_floor_usage":[33],"damage_taken":[{"damage":0,"enemies":"Small Slimes","floor":1,"turns":1},{"damage":0,"enemies":"Cultist","floor":4,"turns":1},{"damage":2,"enemies":"Lagavulin","floor":6,"turns":1},{"damage":3,"enemies":"2 Louse","floor":7,"turns":3},{"damage":17,"enemies":"Gremlin Gang","floor":10,"turns":5},{"damage":10,"enemies":"Large Slime","floor":11,"turns":6},{"damage":8,"enemies":"2 Fungi Beasts","floor":13,"turns":4},{"damage":22,"enemies":"Hexaghost","floor":16,"turns":9},{"damage":2,"enemies":"Chosen","floor":18,"turns":4},{"damage":24,"enemies":"2 Thieves","floor":21,"turns":4},{"damage":11,"enemies":"Chosen and Byrds","floor":23,"turns":5},{"damage":13,"enemies":"Snecko","floor":25,"turns":4},{"damage":8,"enemies":"3 Cultists","floor":29,"turns":3},{"damage":14,"enemies":"Snake Plant","floor":30,"turns":3},{"damage":15,"enemies":"Centurion and Healer","floor":31,"turns":5},{"damage":24,"enemies":"Automaton","floor":33,"turns":7},{"damage":8,"enemies":"3 Darklings","floor":35,"turns":2},{"damage":2,"enemies":"Orb Walker","floor":36,"turns":3},{"damage":14,"enemies":"4 Shapes","floor":41,"turns":4},{"damage":17,"enemies":"3 Darklings","floor":42,"turns":3},{"damage":13,"enemies":"Maw","floor":45,"turns":5},{"damage":29,"enemies":"Writhing Mass","floor":47,"turns":6}],"seed_played":"1798393721155990653","potions_obtained":[{"floor":4,"key":"Strength Potion"},{"floor":7,"key":"EssenceOfSteel"},{"floor":11,"key":"GhostInAJar"},{"floor":18,"key":"GhostInAJar"},{"floor":36,"key":"Explosive Potion"}],"is_trial":false,"path_per_floor":["M","?","?","M","$","E","M","R","T","M","M","?","M","?","R","B",null,"M","?","?","M","?","M","R","M","T","R","$","M","M","M","R","B",null,"M","M","?","?","$","R","M","M","T","?","M","?","M"],"character_chosen":"THE_SILENT","items_purchased":["Leg Sweep","Panache","Blade Dance","Deadly Poison","Accuracy"],"campfire_rested":3,"item_purchase_floors":[5,28,28,39,39],"current_hp_per_floor":[70,70,70,70,70,68,65,65,65,48,38,38,30,16,37,40,70,68,68,68,44,70,59,59,46,46,46,46,38,24,9,30,31,70,62,60,60,60,60,70,56,39,39,39,26,26,0],"gold":102,"neow_bonus":"THREE_ENEMY_KILL","is_prod":false,"is_daily":false,"chose_seed":false,"campfire_upgraded":3,"win_rate":0,"timestamp":1542869481,"path_taken":["M","?","?","M","$","E","M","R","T","?","M","?","?","?","R","BOSS","M","?","?","?","?","M","R","M","T","R","$","M","?","M","R","BOSS","M","M","?","?","$","R","M","M","T","?","M","?","M"],"build_version":"2018-11-15","purchased_purges":2,"victory":false,"max_hp_per_floor":[70,70,70,70,70,70,70,70,70,70,70,70,70,70,70,70,70,70,70,70,70,70,70,70,70,70,70,70,70,70,70,70,70,70,70,70,70,70,70,70,70,70,70,70,70,66,66],"card_choices":[{"not_picked":["Caltrops","Deflect"],"picked":"Blade Dance","floor":1},{"not_picked":["Reflex","Flying Knee"],"picked":"Calculated Gamble","floor":4},{"not_picked":["Quick Slash","Dagger Throw"],"picked":"Poisoned Stab","floor":6},{"not_picked":["All Out Attack","Endless Agony"],"picked":"Crippling Poison","floor":7},{"not_picked":["Finisher","Slice"],"picked":"Crippling Poison","floor":10},{"not_picked":["Slice","Underhanded Strike"],"picked":"Terror","floor":11},{"not_picked":["PiercingWail","Cloak And Dagger"],"picked":"Accuracy","floor":13},{"not_picked":["Tools of the Trade","Die Die Die"],"picked":"Storm of Steel","floor":16},{"not_picked":["Caltrops","Outmaneuver","Masterful Stab"],"picked":"SKIP","floor":18},{"not_picked":["Outmaneuver+1","Deadly Poison"],"picked":"Blade Dance","floor":21},{"not_picked":["Setup+1","Flying Knee"],"picked":"Infinite Blades","floor":23},{"not_picked":["Quick Slash+1","Bouncing Flask"],"picked":"Corpse Explosion","floor":25},{"not_picked":["Crippling Poison","Flying Knee","Footwork"],"picked":"SKIP","floor":29},{"not_picked":["Flechettes","Flying Knee+1","Calculated Gamble"],"picked":"SKIP","floor":30},{"not_picked":["Slice","Dagger Spray+1","Caltrops"],"picked":"SKIP","floor":31},{"not_picked":["Burst","Grand Finale"],"picked":"After Image","floor":33},{"not_picked":["Outmaneuver","Underhanded Strike","Deflect"],"picked":"SKIP","floor":35},{"not_picked":["Reflex+1","Deflect","Burst"],"picked":"SKIP","floor":36},{"not_picked":["PanicButton","Discovery"],"picked":"Secret Weapon","floor":38},{"not_picked":["Blade Dance","Setup+1","Deflect"],"picked":"SKIP","floor":41},{"not_picked":["Distraction+1","Sucker Punch","Outmaneuver+1"],"picked":"SKIP","floor":42},{"not_picked":["Bane","Deflect+1"],"picked":"Heel Hook","floor":45}],"player_experience":105871,"relics_obtained":[{"floor":6,"key":"Omamori"},{"floor":9,"key":"Pantograph"},{"floor":26,"key":"Du-Vu Doll"},{"floor":43,"key":"Oddly Smooth Stone"}],"event_choices":[{"damage_healed":0,"gold_gain":0,"cards_transformed":["Strike_G"],"player_choice":"Change","damage_taken":0,"max_hp_gain":0,"max_hp_loss":0,"event_name":"Living Wall","floor":2,"gold_loss":0,"cards_obtained":["Catalyst"]},{"damage_healed":0,"gold_gain":0,"player_choice":"Rummage","damage_taken":0,"relics_obtained":["WarpedTongs"],"max_hp_gain":0,"max_hp_loss":0,"event_name":"Accursed Blacksmith","floor":3,"gold_loss":0,"cards_obtained":["Pain"]},{"damage_healed":0,"gold_gain":0,"player_choice":"Paid Gold","damage_taken":0,"relics_obtained":["Mercury Hourglass"],"max_hp_gain":0,"max_hp_loss":0,"event_name":"WeMeetAgain","floor":12,"gold_loss":84},{"damage_healed":0,"gold_gain":0,"player_choice":"Entered Light","damage_taken":14,"max_hp_gain":0,"max_hp_loss":0,"event_name":"Shining Light","floor":14,"gold_loss":0,"cards_upgraded":["Defend_G","Defend_G"]},{"damage_healed":0,"gold_gain":99,"player_choice":"Stole From Cult","damage_taken":0,"max_hp_gain":0,"max_hp_loss":0,"event_name":"Nest","floor":19,"gold_loss":0},{"damage_healed":0,"gold_gain":0,"player_choice":"Got Potions","damage_taken":0,"max_hp_gain":0,"max_hp_loss":0,"event_name":"Lab","floor":20,"gold_loss":0},{"damage_healed":26,"gold_gain":0,"player_choice":"Full Heal","damage_taken":0,"max_hp_gain":0,"max_hp_loss":0,"event_name":"Wheel of Change","floor":22,"gold_loss":0},{"cards_removed":["Strike_G"],"damage_healed":0,"gold_gain":0,"player_choice":"Removed Attack","damage_taken":0,"max_hp_gain":0,"max_hp_loss":0,"event_name":"Falling","floor":37,"gold_loss":0},{"damage_healed":0,"gold_gain":0,"player_choice":"Memory 1","damage_taken":0,"max_hp_gain":0,"max_hp_loss":0,"event_name":"SensoryStone","floor":38,"gold_loss":0},{"damage_healed":0,"gold_gain":0,"player_choice":"Ignored","damage_taken":0,"max_hp_gain":0,"max_hp_loss":0,"event_name":"Mysterious Sphere","floor":44,"gold_loss":0},{"damage_healed":0,"gold_gain":0,"player_choice":"Max HP","damage_taken":0,"max_hp_gain":0,"max_hp_loss":4,"event_name":"Winding Halls","floor":46,"gold_loss":0}],"is_beta":false,"boss_relics":[{"not_picked":["Eternal Feather","Velvet Choker"],"picked":"WristBlade"},{"not_picked":["Busted Crown","Coffee Dripper"],"picked":"Fusion Hammer"}],"items_purged_floors":[28,39],"is_endless":false,"potions_floor_spawned":[4,7,11,16,18,23,25,30,36],"killed_by":"Writhing Mass","ascension_level":0}