{"gold_per_floor":[361,8,83,103,103,135,13,13,36,62,62,75,75,75,75,75],"floor_reached":16,"playtime":799,"items_purged":["Parasite"],"score":133,"play_id":"dce97f33-504e-4a15-84f8-a40d617a2034","local_time":"20181019125706","is_ascension_mode":true,"campfire_choices":[{"data":"Infinite Blades","floor":8,"key":"SMITH"},{"data":"Blade Dance","floor":11,"key":"SMITH"},{"floor":15,"key":"REST"}],"neow_cost":"CURSE","seed_source_timestamp":189486925480086,"circlet_count":0,"master_deck":["Defend_G","Defend_G","Defend_G","Defend_G","Defend_G","Strike_G","Strike_G","Strike_G","Strike_G","Strike_G","Survivor","Neutralize","Backflip","Accuracy+1","Blade Dance+1","Infinite Blades+1","Cloak And Dagger"],"relics":["Ring of the Snake","Gremlin Horn","Torii","Strawberry","Pocketwatch"],"potions_floor_usage":[6],"damage_taken":[{"damage":4,"enemies":"2 Louse","floor":1,"turns":4},{"damage":0,"enemies":"Small Slimes","floor":4,"turns":5},{"damage":31,"enemies":"Gremlin Nob","floor":6,"turns":5},{"damage":13,"enemies":"3 Sentries","floor":10,"turns":6},{"damage":0,"enemies":"Cultist","floor":12,"turns":2},{"damage":29,"enemies":"Hexaghost","floor":16,"turns":10}],"seed_played":"-997237383791752381","potions_obtained":[{"floor":1,"key":"Swift Potion"},{"floor":4,"key":"SmokeBomb"}],"is_trial":false,"path_per_floor":["M","$","?","M","?","E","$","R","T","E","R","M","?","?","R"],"character_chosen":"THE_SILENT","items_purchased":["Gremlin Horn","Accuracy","Infinite Blades","Cloak And Dagger"],"campfire_rested":1,"item_purchase_floors":[2,2,7,7],"current_hp_per_floor":[66,66,55,55,55,24,24,24,31,18,18,18,11,4,26,0],"gold":75,"neow_bonus":"TWO_FIFTY_GOLD","is_prod":false,"is_daily":false,"chose_seed":false,"campfire_upgraded":2,"win_rate":0,"timestamp":1539916026,"path_taken":["M","$","?","M","?","E","?","R","T","E","R","M","?","?","R","BOSS"],"build_version":"2018-10-18","purchased_purges":1,"victory":false,"max_hp_per_floor":[70,67,67,67,67,67,67,67,74,74,74,74,74,74,74,74],"card_choices":[{"not_picked":["Well Laid Plans","Prepared"],"picked":"Backflip","floor":1},{"not_picked":["Outmaneuver","Reflex"],"picked":"Blade Dance","floor":4},{"not_picked":["PiercingWail","Bouncing Flask","Outmaneuver"],"picked":"SKIP","floor":6},{"not_picked":["Quick Slash","Prepared","All Out Attack"],"picked":"SKIP","floor":10},{"not_picked":["Crippling Poison","Eviscerate","Reflex"],"picked":"SKIP","floor":12}],"player_experience":315784,"relics_obtained":[{"floor":6,"key":"Torii"},{"floor":9,"key":"Strawberry"},{"floor":10,"key":"Pocketwatch"}],"event_choices":[{"damage_healed":0,"gold_gain":75,"player_choice":"Gather Gold","damage_taken":11,"max_hp_gain":0,"max_hp_loss":0,"event_name":"World of Goop","floor":3,"gold_loss":0},{"damage_healed":0,"gold_gain":0,"player_choice":"Forge","damage_taken":0,"max_hp_gain":0,"max_hp_loss":0,"event_name":"Accursed Blacksmith","floor":5,"gold_loss":0,"cards_upgraded":["Accuracy"]},{"damage_healed":0,"gold_gain":0,"player_choice":"Damaged","damage_taken":7,"max_hp_gain":0,"max_hp_loss":0,"event_name":"Wheel of Change","floor":13,"gold_loss":0},{"damage_healed":0,"gold_gain":0,"player_choice":"Fled","damage_taken":7,"max_hp_gain":0,"max_hp_loss":0,"event_name":"Scrap Ooze","floor":14,"gold_loss":0}],"is_beta":false,"boss_relics":[],"items_purged_floors":[2],"is_endless":false,"potions_floor_spawned":[1,4],"killed_by":"Hexaghost","ascension_level":5}