{"gold_per_floor":[10,22,34,34,34,34,34,47,47,68,68,91,16,16],"floor_reached":14,"playtime":598,"items_purged":["Strike_R"],"score":115,"play_id":"2b008a80-98de-4e53-9ed6-6be8c3f91ac2","local_time":"20180902150858","is_ascension_mode":true,"campfire_choices":[{"data":"Iron Wave","floor":6,"key":"SMITH"},{"data":"Armaments","floor":11,"key":"SMITH"}],"neow_cost":"NO_GOLD","seed_source_timestamp":459578596099417,"circlet_count":0,"master_deck":["Strike_R+1","Strike_R","Strike_R+1","Strike_R","Defend_R","Defend_R","Defend_R","Defend_R","Bash","Iron Wave+1","Whirlwind","Twin Strike","Armaments+1","Juggernaut","Clothesline"],"relics":["Burning Blood","Golden Idol","Omamori"],"potions_floor_usage":[8],"damage_taken":[{"damage":9,"enemies":"Cultist","floor":1,"turns":5},{"damage":8,"enemies":"Small Slimes","floor":2,"turns":4},{"damage":9,"enemies":"Jaw Worm","floor":3,"turns":3},{"damage":10,"enemies":"Large Slime","floor":8,"turns":5},{"damage":35,"enemies":"Exordium Thugs","floor":10,"turns":6},{"damage":15,"enemies":"Exordium Wildlife","floor":12,"turns":4},{"damage":20,"enemies":"Lots of Slimes","floor":14,"turns":2}],"seed_played":"-1421135148613032752","potions_obtained":[{"floor":2,"key":"Regen Potion"},{"floor":3,"key":"LiquidBronze"},{"floor":10,"key":"Weak Potion"},{"floor":12,"key":"GamblersBrew"}],"is_trial":false,"path_per_floor":["M","M","M","?","?","R","$","M","T","M","R","M","$"],"character_chosen":"IRONCLAD","items_purchased":[],"campfire_rested":0,"item_purchase_floors":[],"current_hp_per_floor":[93,91,88,64,45,45,45,55,55,26,26,17,17,0],"gold":16,"neow_bonus":"TWENTY_PERCENT_HP_BONUS","is_prod":false,"is_daily":false,"chose_seed":false,"campfire_upgraded":2,"win_rate":0,"timestamp":1535866738,"path_taken":["M","?","?","?","?","R","?","M","T","M","R","M","$","?"],"build_version":"2018-08-30","purchased_purges":1,"victory":false,"max_hp_per_floor":[96,96,96,96,96,96,96,96,96,96,96,96,96,96],"card_choices":[{"not_picked":["Headbutt","Pummel"],"picked":"Iron Wave","floor":1},{"not_picked":["True Grit","Warcry"],"picked":"Whirlwind","floor":2},{"not_picked":["Perfected Strike","Wild Strike"],"picked":"Twin Strike","floor":3},{"not_picked":["Havoc","Flex"],"picked":"Armaments","floor":8},{"not_picked":["Fire Breathing","Clothesline"],"picked":"Juggernaut","floor":10},{"not_picked":["Heavy Blade","Feel No Pain"],"picked":"Clothesline","floor":12}],"player_experience":109085,"relics_obtained":[{"floor":9,"key":"Omamori"}],"event_choices":[{"event_name":"Golden Idol","player_choice":"Take Damage","floor":4,"damage_taken":0},{"event_name":"Shining Light","player_choice":"Entered Light","floor":5,"damage_taken":0}],"is_beta":false,"boss_relics":[],"items_purged_floors":[13],"is_endless":false,"potions_floor_spawned":[2,3,10,12],"killed_by":"Lots of Slimes","ascension_level":2}