{"gold_per_floor":[113,126,301,301,301,301,320,338,338,353,386,386,49,68,68,68],"floor_reached":16,"playtime":1375,"items_purged":[],"score":120,"play_id":"3195557e-87cf-422b-aac0-29eb37b3b298","local_time":"20181005134412","is_ascension_mode":true,"campfire_choices":[{"data":"Feed","floor":6,"key":"SMITH"},{"data":"Flex","floor":15,"key":"SMITH"}],"neow_cost":"TEN_PERCENT_HP_LOSS","seed_source_timestamp":352384984295741,"circlet_count":0,"master_deck":["Strike_R","Strike_R","Strike_R","Strike_R+1","Strike_R","Defend_R","Defend_R","Defend_R+1","Defend_R","Bash","Feed+1","Flex+1","Shrug It Off","Clothesline","Flex","Twin Strike","Sword Boomerang","Twin Strike"],"relics":["Burning Blood","Pantograph","Mummified Hand","Anchor","Sling"],"potions_floor_usage":[11,12],"damage_taken":[{"damage":0,"enemies":"Small Slimes","floor":1,"turns":3},{"damage":7,"enemies":"Jaw Worm","floor":2,"turns":2},{"damage":0,"enemies":"2 Louse","floor":7,"turns":3},{"damage":3,"enemies":"Looter","floor":8,"turns":3},{"damage":30,"enemies":"Large Slime","floor":10,"turns":4},{"damage":32,"enemies":"Gremlin Nob","floor":11,"turns":4},{"damage":0,"enemies":"Exordium Thugs","floor":12,"turns":1},{"damage":0,"enemies":"2 Fungi Beasts","floor":14,"turns":2},{"damage":73,"enemies":"Slime Boss","floor":16,"turns":7}],"seed_played":"-1051808916720088401","potions_obtained":[{"floor":2,"key":"Ancient Potion"},{"floor":10,"key":"Dexterity Potion"},{"floor":11,"key":"SmokeBomb"}],"is_trial":false,"path_per_floor":["M","M","?","?","?","R","M","M","T","M","E","M","$","M","R"],"character_chosen":"IRONCLAD","items_purchased":["Anchor","Sling"],"campfire_rested":0,"item_purchase_floors":[13,13],"current_hp_per_floor":[75,74,74,59,59,59,69,76,76,56,30,36,36,46,46,0],"gold":68,"neow_bonus":"THREE_RARE_CARDS","is_prod":false,"is_daily":false,"chose_seed":false,"campfire_upgraded":2,"win_rate":0,"timestamp":1538712852,"path_taken":["M","M","?","?","?","R","?","M","T","M","E","M","$","?","R","BOSS"],"build_version":"2018-10-04","purchased_purges":0,"victory":false,"max_hp_per_floor":[75,75,75,75,75,75,79,83,83,87,87,87,87,91,91,91],"card_choices":[{"not_picked":["Exhume","Reaper"],"picked":"Feed","floor":0},{"not_picked":["Wild Strike","Warcry"],"picked":"Flex","floor":1},{"not_picked":["Iron Wave","Perfected Strike"],"picked":"Shrug It Off","floor":2},{"not_picked":["Evolve","Twin Strike"],"picked":"Clothesline","floor":7},{"not_picked":["Anger","Perfected Strike"],"picked":"Flex","floor":8},{"not_picked":["Wild Strike","Barricade"],"picked":"Twin Strike","floor":10},{"not_picked":["True Grit","Anger"],"picked":"Sword Boomerang","floor":11},{"not_picked":["Body Slam","Twin Strike","Power Through"],"picked":"SKIP","floor":14},{"not_picked":["Body Slam","Power Through"],"picked":"Twin Strike","floor":14}],"player_experience":265397,"relics_obtained":[{"floor":9,"key":"Pantograph"},{"floor":11,"key":"Mummified Hand"}],"event_choices":[{"event_name":"Liars Game","player_choice":"agreed","floor":3,"damage_taken":0},{"event_name":"Shining Light","player_choice":"Entered Light","floor":4,"damage_taken":0},{"event_name":"Living Wall","player_choice":"Forget","floor":5,"damage_taken":0}],"is_beta":false,"boss_relics":[],"items_purged_floors":[],"is_endless":false,"potions_floor_spawned":[2,10,11,12],"killed_by":"Slime Boss","ascension_level":3}