{"gold_per_floor":[113,38,50,50,67,67,86,36,63,63,81,81,33,45,45,142,142,153,68,68,68,68,68,68],"floor_reached":24,"playtime":717,"items_purged":["Strike_B"],"score":230,"play_id":"f34b303f-3d2e-4285-9a53-3b30803e1512","local_time":"20181103061809","is_ascension_mode":true,"campfire_choices":[{"data":"Zap","floor":6,"key":"SMITH"},{"data":"Self Repair","floor":10,"key":"SMITH"},{"data":"Cold Snap","floor":12,"key":"SMITH"},{"data":"Streamline","floor":15,"key":"SMITH"},{"data":"Streamline","floor":23,"key":"SMITH"}],"neow_cost":"NONE","seed_source_timestamp":510855125049551,"circlet_count":0,"master_deck":["Strike_B","Strike_B","Defend_B","Defend_B","Defend_B","Zap+1","Dualcast","Ball Lightning","Self Repair+1","Cold Snap+1","Streamline+1","Core Surge","Capacitor","Necronomicurse","Streamline+1"],"relics":["Velvet Choker","Regal Pillow","Coffee Dripper","Oddly Smooth Stone","Necronomicon"],"potions_floor_usage":[16],"damage_taken":[{"damage":4,"enemies":"Jaw Worm","floor":1,"turns":3},{"damage":0,"enemies":"Small Slimes","floor":3,"turns":2},{"damage":2,"enemies":"2 Louse","floor":5,"turns":3},{"damage":5,"enemies":"Large Slime","floor":7,"turns":5},{"damage":0,"enemies":"2 Fungi Beasts","floor":11,"turns":3},{"damage":1,"enemies":"Exordium Wildlife","floor":14,"turns":3},{"damage":35,"enemies":"Slime Boss","floor":16,"turns":10},{"damage":25,"enemies":"Shell Parasite","floor":18,"turns":4},{"damage":32,"enemies":"Slavers","floor":24,"turns":3}],"seed_played":"2746163005025937934","potions_obtained":[{"floor":3,"key":"Regen Potion"},{"floor":7,"key":"GamblersBrew"},{"floor":14,"key":"SteroidPotion"}],"is_trial":false,"path_per_floor":["M","$","M","?","M","R","M","?","T","R","M","R","$","M","R","B",null,"M","?","?","?","?","R","E"],"character_chosen":"DEFECT","items_purchased":["Streamline"],"campfire_rested":0,"item_purchase_floors":[13],"current_hp_per_floor":[71,71,71,64,62,62,57,57,57,57,67,67,67,75,75,62,72,57,57,41,41,27,27,0],"gold":68,"neow_bonus":"BOSS_RELIC","is_prod":false,"is_daily":false,"chose_seed":false,"campfire_upgraded":5,"win_rate":0,"timestamp":1541188089,"path_taken":["M","$","M","?","M","R","M","?","T","R","M","R","?","M","R","BOSS","M","?","?","?","?","R","E"],"build_version":"2018-11-01","purchased_purges":1,"victory":false,"max_hp_per_floor":[75,75,75,75,75,75,75,75,75,75,75,75,75,75,75,75,75,75,75,75,75,80,80,80],"card_choices":[{"not_picked":["Stack","Loop"],"picked":"Ball Lightning","floor":1},{"not_picked":["FTL","Steam","Barrage"],"picked":"SKIP","floor":3},{"not_picked":["Ball Lightning","Beam Cell","Redo"],"picked":"SKIP","floor":5},{"not_picked":["Coolheaded","Sweeping Beam"],"picked":"Self Repair","floor":7},{"not_picked":["Stack","All For One"],"picked":"Cold Snap","floor":11},{"not_picked":["Redo","Coolheaded","Heatsinks"],"picked":"SKIP","floor":14},{"not_picked":["Reboot","Multi-Cast"],"picked":"Core Surge","floor":16},{"not_picked":["Storm+1","Steam"],"picked":"Capacitor","floor":18}],"player_experience":369534,"relics_obtained":[{"floor":9,"key":"Regal Pillow"},{"floor":20,"key":"Necronomicon"}],"event_choices":[{"cards_removed":["Defend_B"],"damage_healed":0,"gold_gain":0,"player_choice":"Card Removal","damage_taken":7,"max_hp_gain":0,"max_hp_loss":0,"event_name":"Golden Wing","floor":4,"gold_loss":0},{"cards_removed":["Strike_B"],"damage_healed":0,"gold_gain":0,"player_choice":"Card Removal","damage_taken":0,"max_hp_gain":0,"max_hp_loss":0,"event_name":"The Cleric","floor":8,"gold_loss":50},{"damage_healed":0,"gold_gain":0,"player_choice":"Obtained Relic","damage_taken":0,"relics_obtained":["Oddly Smooth Stone"],"max_hp_gain":0,"max_hp_loss":0,"event_name":"Addict","floor":19,"gold_loss":85},{"damage_healed":0,"gold_gain":0,"player_choice":"Obtained Book","damage_taken":16,"max_hp_gain":0,"max_hp_loss":0,"event_name":"Cursed Tome","floor":20,"gold_loss":0},{"damage_healed":0,"gold_gain":0,"player_choice":"Read","damage_taken":0,"max_hp_gain":0,"max_hp_loss":0,"event_name":"The Library","floor":21,"gold_loss":0,"cards_obtained":["Streamline"]},{"damage_healed":0,"gold_gain":0,"player_choice":"Shed Blood","damage_taken":19,"max_hp_gain":5,"max_hp_loss":0,"event_name":"Forgotten Altar","floor":22,"gold_loss":0}],"is_beta":false,"boss_relics":[{"not_picked":["Astrolabe","Snecko Eye"],"picked":"Coffee Dripper"}],"items_purged_floors":[2],"is_endless":false,"potions_floor_spawned":[3,7,14],"killed_by":"Slavers","ascension_level":5}