{"gold_per_floor":[111,122,8,23,23,23,23,38,38,2,27,27,54,66,78,193,205,227,91,91,111,111,111,121,121,147,181,106,106,25,42,42,42],"floor_reached":33,"playtime":1829,"items_purged":["Strike_G","Decay"],"score":323,"play_id":"0e2896d9-dac4-4990-b218-e05e55989ae3","local_time":"20180906124001","is_ascension_mode":true,"campfire_choices":[{"data":"Poisoned Stab","floor":6,"key":"SMITH"},{"data":"Dash","floor":12,"key":"SMITH"},{"floor":15,"key":"REST"},{"data":"Infinite Blades","floor":23,"key":"SMITH"},{"data":"Terror","floor":25,"key":"SMITH"},{"floor":29,"key":"DIG"},{"data":"Infinite Blades","floor":32,"key":"SMITH"}],"neow_cost":"NONE","seed_source_timestamp":795160947614703,"circlet_count":0,"master_deck":["Defend_G","Defend_G","Defend_G","Defend_G","Strike_G","Strike_G","Strike_G","Strike_G","Survivor","Neutralize","Poisoned Stab+1","All Out Attack","Terror+1","Dodge and Roll+1","Dash+1","Infinite Blades+1","Infinite Blades+1","Cloak And Dagger+1","PiercingWail+1","Adrenaline+1","Dodge and Roll+1","Blade Dance+1","Writhe","Infinite Blades","Blade Dance+1","Infinite Blades"],"relics":["Ring of the Snake","Ornamental Fan","Toxic Egg 2","MawBank","WristBlade","Dodecahedron","Blood Vial","Shovel","Dream Catcher"],"potions_floor_usage":[13,13,33],"damage_taken":[{"damage":1,"enemies":"Jaw Worm","floor":1,"turns":3},{"damage":0,"enemies":"Cultist","floor":2,"turns":3},{"damage":2,"enemies":"2 Louse","floor":4,"turns":3},{"damage":16,"enemies":"Gremlin Gang","floor":8,"turns":4},{"damage":8,"enemies":"Lagavulin","floor":11,"turns":6},{"damage":8,"enemies":"Gremlin Nob","floor":13,"turns":4},{"damage":46,"enemies":"Slime Boss","floor":16,"turns":11},{"damage":9,"enemies":"Chosen","floor":18,"turns":4},{"damage":4,"enemies":"2 Thieves","floor":21,"turns":4},{"damage":22,"enemies":"Snake Plant","floor":24,"turns":5},{"damage":13,"enemies":"Book of Stabbing","floor":27,"turns":5},{"damage":8,"enemies":"Sentry and Sphere","floor":31,"turns":4},{"damage":44,"enemies":"Automaton","floor":33,"turns":6}],"seed_played":"205851685298009518","potions_obtained":[{"floor":2,"key":"PowerPotion"},{"floor":8,"key":"Strength Potion"},{"floor":24,"key":"Explosive Potion"}],"is_trial":false,"path_per_floor":["M","M","$","M","?","R","?","M","T","$","E","R","E","?","R","B",null,"M","$","?","M","?","R","M","R","T","E","?","R","$","M","R"],"character_chosen":"THE_SILENT","items_purchased":["Terror","Infinite Blades","Blade Dance+1","Infinite Blades"],"campfire_rested":1,"item_purchase_floors":[3,10,19,30],"current_hp_per_floor":[76,76,76,74,74,74,74,58,58,58,50,50,42,42,65,19,77,68,68,68,64,64,64,42,42,42,31,31,31,31,25,25,0],"gold":42,"neow_bonus":"TEN_PERCENT_HP_BONUS","is_prod":false,"is_daily":false,"chose_seed":false,"campfire_upgraded":5,"win_rate":0,"timestamp":1536203401,"path_taken":["M","M","$","M","?","R","?","M","T","$","E","R","E","?","R","BOSS","M","$","?","M","?","R","M","R","T","E","?","R","$","M","R","BOSS"],"build_version":"2018-08-30","purchased_purges":2,"victory":false,"max_hp_per_floor":[77,77,77,77,77,77,77,77,77,77,77,77,77,77,77,77,77,77,77,77,77,77,77,77,77,77,77,77,77,77,77,77,77],"card_choices":[{"not_picked":["Backflip","Bane"],"picked":"Poisoned Stab","floor":1},{"not_picked":["Cloak And Dagger","Tools of the Trade"],"picked":"All Out Attack","floor":2},{"not_picked":["Choke","Finisher"],"picked":"Dodge and Roll","floor":4},{"not_picked":["Escape Plan","Deadly Poison"],"picked":"Dash","floor":8},{"not_picked":["Masterful Stab","Dagger Throw"],"picked":"Infinite Blades","floor":11},{"not_picked":["Sucker Punch","Underhanded Strike"],"picked":"Cloak And Dagger+1","floor":13},{"not_picked":["Venomology+1","Unload"],"picked":"Adrenaline+1","floor":16},{"not_picked":["Underhanded Strike","Quick Slash"],"picked":"Dodge and Roll+1","floor":18},{"not_picked":["Well Laid Plans","Concentrate+1","Deflect+1"],"picked":"SKIP","floor":21},{"not_picked":["Expertise+1","Acrobatics+1"],"picked":"Blade Dance+1","floor":24},{"not_picked":["Backflip+1","Venomology+1","Choke"],"picked":"SKIP","floor":27},{"not_picked":["Bouncing Flask+1","Dodge and Roll+1","Poisoned Stab"],"picked":"SKIP","floor":31}],"player_experience":134662,"relics_obtained":[{"floor":9,"key":"Ornamental Fan"},{"floor":11,"key":"Toxic Egg 2"},{"floor":13,"key":"MawBank"},{"floor":26,"key":"Blood Vial"},{"floor":27,"key":"Shovel"},{"floor":29,"key":"Dream Catcher"}],"event_choices":[{"event_name":"Wheel of Change","player_choice":"Curse","floor":5,"damage_taken":0},{"event_name":"Upgrade Shrine","player_choice":"Upgraded","floor":7,"damage_taken":0},{"event_name":"Match and Keep!","player_choice":"1 cards matched","floor":14,"damage_taken":0},{"event_name":"The Mausoleum","player_choice":"Yes","floor":20,"damage_taken":0},{"event_name":"The Library","player_choice":"Read","floor":22,"damage_taken":0},{"event_name":"Beggar","player_choice":"Gave Gold","floor":28,"damage_taken":0}],"is_beta":false,"boss_relics":[{"not_picked":["Calling Bell","Runic Pyramid"],"picked":"WristBlade"}],"items_purged_floors":[3,19],"is_endless":false,"potions_floor_spawned":[2,8,24],"killed_by":"Automaton","ascension_level":2}