{"gold_per_floor":[112,112,126,301,301,301,328,404,404,404,424,424,238,254,254,349,349,360,360,370,370,72,102,115,115,167,167,21,50,50,63,63,165,165,178,1177,1177,646,658,692,708,719,719,750,143,160,172,172,172,172,172,172,12,45,45],"floor_reached":56,"playtime":1947,"items_purged":["Doubt","Strike_B","Strike_B","Normality","Normality"],"score":1423,"play_id":"337da3f9-0451-41e8-84a7-a84b6752c0ca","local_time":"20181211033754","is_ascension_mode":false,"campfire_choices":[{"data":"Cold Snap","floor":6,"key":"SMITH"},{"data":"Zap","floor":10,"key":"SMITH"},{"data":"Cold Snap","floor":12,"key":"SMITH"},{"data":"Defragment","floor":15,"key":"SMITH"},{"floor":25,"key":"RECALL"},{"data":"Defragment","floor":27,"key":"SMITH"},{"data":"Core Surge","floor":30,"key":"SMITH"},{"data":"RitualDagger","floor":32,"key":"SMITH"},{"floor":49,"key":"REST"},{"floor":52,"key":"REST"}],"neow_cost":"NONE","seed_source_timestamp":0,"circlet_count":0,"master_deck":["Strike_B","Strike_B+1","Defend_B","Defend_B+1","Defend_B","Defend_B","Zap+1","Dualcast","Cold Snap+1","Cold Snap+1","Fission+1","Defragment+1","Consume+1","Compile Driver+1","Reboot+1","Coolheaded+1","Glacier+1","RitualDagger+1","Panacea+1","Leap+1","Defragment+1","Core Surge+1","Impatience+1","Streamline+1","Go for the Eyes+1","RitualDagger+1","Undo+1","Master of Strategy+1","Darkness+1","Auto Shields+1","Blizzard+1","Defragment","Chaos+1","Coolheaded+1","Double Energy+1","Redo+1","Doom and Gloom+1","Skim+1"],"special_seed":0,"relics":["Cracked Core","Pen Nib","Dead Branch","DataDisk","Pantograph","Toxic Egg 2","Sozu","Membership Card","Bird Faced Urn","Ancient Tea Set","Fusion Hammer","Matryoshka","Anchor","DollysMirror","Sundial","Oddly Smooth Stone","Torii","Happy Flower","Bottled Tornado","Molten Egg 2","Cauldron","Kunai","Pocketwatch"],"potions_floor_usage":[7,29],"damage_taken":[{"damage":1,"enemies":"Cultist","floor":1,"turns":4},{"damage":1,"enemies":"Jaw Worm","floor":3,"turns":3},{"damage":30,"enemies":"Gremlin Nob","floor":7,"turns":4},{"damage":0,"enemies":"2 Louse","floor":11,"turns":1},{"damage":0,"enemies":"Looter","floor":14,"turns":1},{"damage":0,"enemies":"The Guardian","floor":16,"turns":12},{"damage":0,"enemies":"Spheric Guardian","floor":18,"turns":2},{"damage":0,"enemies":"3 Byrds","floor":20,"turns":5},{"damage":5,"enemies":"Book of Stabbing","floor":23,"turns":5},{"damage":0,"enemies":"Centurion and Healer","floor":24,"turns":4},{"damage":0,"enemies":"Slavers","floor":29,"turns":4},{"damage":0,"enemies":"Snecko","floor":31,"turns":3},{"damage":8,"enemies":"Automaton","floor":33,"turns":11},{"damage":2,"enemies":"Orb Walker","floor":35,"turns":3},{"damage":0,"enemies":"3 Shapes","floor":39,"turns":2},{"damage":21,"enemies":"Giant Head","floor":40,"turns":8},{"damage":0,"enemies":"Jaw Worm Horde","floor":41,"turns":6},{"damage":21,"enemies":"Transient","floor":42,"turns":5},{"damage":7,"enemies":"Nemesis","floor":44,"turns":5},{"damage":0,"enemies":"Spire Growth","floor":46,"turns":3},{"damage":0,"enemies":"Maw","floor":47,"turns":5},{"damage":0,"enemies":"Awakened One","floor":50,"turns":8},{"damage":10,"enemies":"Shield and Spear","floor":54,"turns":5},{"damage":71,"enemies":"The Heart","floor":55,"turns":9}],"seed_played":"7239514642164944168","potions_obtained":[{"floor":3,"key":"SteroidPotion"},{"floor":11,"key":"GamblersBrew"},{"floor":14,"key":"LiquidBronze"}],"is_trial":false,"path_per_floor":["M","?","M","?","?","R","E","T","T","R","M","R","$","M","R","B",null,"M","?","M","?","$","E","M","R","T","R","$","E","R","M","R","B",null,"M","?","?","$","M","E","M","M","T","E","$","M","M","?","R","B",null,"R","$","E","B",null],"character_chosen":"DEFECT","items_purchased":["Defragment","Consume+1","Membership Card","Panacea+1","Core Surge","Impatience+1","Matryoshka","Anchor","DollysMirror","Undo+1","Master of Strategy+1","Darkness+1","Double Energy+1","Redo+1","Secret Weapon+1","Bottled Tornado","Molten Egg 2","Cauldron","Doom and Gloom+1","Kunai","Skim+1"],"campfire_rested":2,"item_purchase_floors":[13,13,22,22,28,28,38,38,38,38,38,38,45,45,45,45,45,45,45,53,53],"current_hp_per_floor":[74,59,58,58,51,51,21,21,21,21,21,21,21,21,21,46,75,75,75,75,69,69,64,66,66,66,66,66,74,74,75,75,67,75,73,73,73,73,75,54,58,47,47,44,44,48,60,60,75,75,75,75,75,69,10],"gold":45,"neow_bonus":"RANDOM_COMMON_RELIC","is_prod":false,"is_daily":false,"chose_seed":false,"campfire_upgraded":7,"win_rate":0,"timestamp":1544467074,"path_taken":["M","?","M","?","?","R","E","?","T","R","M","R","$","?","R","BOSS","M","?","M","?","?","E","M","R","T","R","$","E","R","M","R","BOSS","M","?","?","$","M","E","M","M","T","E","$","M","?","?","R","BOSS","R","$","E","BOSS"],"build_version":"2018-12-06","purchased_purges":5,"victory":true,"max_hp_per_floor":[75,75,75,75,75,75,75,75,75,75,75,75,75,75,75,75,75,75,75,75,75,75,75,75,75,75,75,75,75,75,75,75,75,75,75,75,75,75,75,75,75,75,75,75,75,75,75,75,75,75,75,75,75,75,75],"card_choices":[{"not_picked":["Steam","Doom and Gloom"],"picked":"Cold Snap","floor":1},{"not_picked":["Hologram","Beam Cell","Gash"],"picked":"SKIP","floor":3},{"not_picked":["Static Discharge","Aggregate"],"picked":"Cold Snap","floor":7},{"not_picked":["Aggregate+1","Ball Lightning"],"picked":"Fission+1","floor":11},{"not_picked":["Gash","Barrage"],"picked":"Compile Driver","floor":14},{"not_picked":["Biased Cognition","All For One"],"picked":"Reboot+1","floor":16},{"not_picked":["Stack+1","Hologram+1"],"picked":"Coolheaded+1","floor":18},{"not_picked":["Conserve Battery+1","Steam+1"],"picked":"Glacier+1","floor":20},{"not_picked":["Tempest+1","Hello World"],"picked":"Leap+1","floor":23},{"not_picked":["Hologram+1","Reprogram+1"],"picked":"Defragment","floor":24},{"not_picked":["Barrage+1","Meteor Strike","Steam+1"],"picked":"SKIP","floor":29},{"not_picked":["Go for the Eyes","Consume+1"],"picked":"Streamline+1","floor":31},{"not_picked":["Turbo+1","Genetic Algorithm+1"],"picked":"Go for the Eyes+1","floor":35},{"not_picked":["Gash","Streamline+1"],"picked":"Auto Shields+1","floor":39},{"not_picked":["Reprogram+1","Lockon"],"picked":"Blizzard+1","floor":40},{"not_picked":["Cold Snap","Sunder"],"picked":"Defragment","floor":41},{"not_picked":["Rip and Tear+1","Leap+1"],"picked":"Chaos+1","floor":42},{"not_picked":["Undo+1","Auto Shields+1"],"picked":"Coolheaded+1","floor":44},{"not_picked":["Barrage+1","Turbo+1","Stack+1"],"picked":"SKIP","floor":46},{"not_picked":["Stack+1","Go for the Eyes+1","All For One+1"],"picked":"SKIP","floor":47},{"not_picked":["Turbo+1","Consume+1","Beam Cell+1"],"picked":"SKIP","floor":54}],"player_experience":780276,"relics_obtained":[{"floor":7,"key":"DataDisk"},{"floor":8,"key":"Pantograph"},{"floor":9,"key":"Toxic Egg 2"},{"floor":23,"key":"Bird Faced Urn"},{"floor":29,"key":"Ancient Tea Set"},{"floor":40,"key":"Sundial"},{"floor":43,"key":"Oddly Smooth Stone"},{"floor":43,"key":"Torii"},{"floor":44,"key":"Happy Flower"},{"floor":54,"key":"Pocketwatch"}],"event_choices":[{"damage_healed":0,"gold_gain":0,"player_choice":"Entered Light","damage_taken":15,"max_hp_gain":0,"max_hp_loss":0,"event_name":"Shining Light","floor":2,"gold_loss":0,"cards_upgraded":["Defend_B","Strike_B"]},{"damage_healed":0,"gold_gain":175,"player_choice":"AGREE","damage_taken":0,"max_hp_gain":0,"max_hp_loss":0,"event_name":"Liars Game","floor":4,"gold_loss":0,"cards_obtained":["Doubt"]},{"damage_healed":0,"gold_gain":0,"player_choice":"Success","damage_taken":7,"relics_obtained":["Dead Branch"],"max_hp_gain":0,"max_hp_loss":0,"event_name":"Scrap Ooze","floor":5,"gold_loss":0},{"damage_healed":0,"gold_gain":0,"player_choice":"Ignored","damage_taken":0,"max_hp_gain":0,"max_hp_loss":0,"event_name":"Vampires","floor":19,"gold_loss":0},{"damage_healed":0,"gold_gain":0,"player_choice":"Joined the Cult","damage_taken":6,"max_hp_gain":0,"max_hp_loss":0,"event_name":"Nest","floor":21,"gold_loss":0,"cards_obtained":["RitualDagger"]},{"damage_healed":0,"gold_gain":999,"player_choice":"Gold","damage_taken":0,"max_hp_gain":0,"max_hp_loss":0,"event_name":"MindBloom","floor":36,"gold_loss":0,"cards_obtained":["Normality","Normality"]},{"damage_healed":0,"gold_gain":0,"player_choice":"Upgraded","damage_taken":0,"max_hp_gain":0,"max_hp_loss":0,"event_name":"Upgrade Shrine","floor":37,"gold_loss":0,"cards_upgraded":["Compile Driver"]},{"cards_removed":["Secret Weapon"],"damage_healed":0,"gold_gain":0,"player_choice":"Removed Skill","damage_taken":0,"max_hp_gain":0,"max_hp_loss":0,"event_name":"Falling","floor":48,"gold_loss":0}],"is_beta":false,"boss_relics":[{"not_picked":["Philosopher\u0027s Stone","Cursed Key"],"picked":"Sozu"},{"not_picked":["Tiny House","Empty Cage"],"picked":"Fusion Hammer"}],"items_purged_floors":[13,22,28,38,45],"is_endless":false,"potions_floor_spawned":[3,11,14,20,23,31,40,41,42,54],"ascension_level":0}