{"gold_per_floor":[110,122,122,222,236,236,272,272,272,272,272,272],"floor_reached":12,"playtime":356,"items_purged":[],"score":84,"play_id":"47b226d9-db68-47b9-8919-7fc9a1a3a88f","local_time":"20180902073237","is_ascension_mode":true,"campfire_choices":[{"data":"Stack","floor":6,"key":"SMITH"},{"data":"Self Repair","floor":8,"key":"SMITH"}],"neow_cost":"CURSE","seed_source_timestamp":432441768177335,"circlet_count":0,"master_deck":["Strike_B","Strike_B","Strike_B","Strike_B","Defend_B","Defend_B","Defend_B","Defend_B","Zap","Dualcast","Core Surge","Static Discharge","Stack+1","Injury","Doom and Gloom","Self Repair+1"],"relics":["Cracked Core","Golden Idol","Sundial","Dodecahedron","Matryoshka"],"potions_floor_usage":[7,7],"damage_taken":[{"damage":9,"enemies":"Small Slimes","floor":1,"turns":3},{"damage":8,"enemies":"Cultist","floor":2,"turns":3},{"damage":12,"enemies":"2 Louse","floor":5,"turns":3},{"damage":15,"enemies":"Gremlin Nob","floor":7,"turns":4},{"damage":36,"enemies":"Lagavulin","floor":12,"turns":5}],"seed_played":"2472752738120838774","potions_obtained":[{"floor":2,"key":"Poison Potion"},{"floor":5,"key":"EssenceOfSteel"}],"is_trial":false,"path_per_floor":["M","M","?","?","M","R","E","R","T","?","T"],"character_chosen":"DEFECT","items_purchased":[],"campfire_rested":0,"item_purchase_floors":[],"current_hp_per_floor":[66,58,58,58,46,46,31,31,31,24,24,0],"gold":272,"neow_bonus":"THREE_RARE_CARDS","is_prod":false,"is_daily":false,"chose_seed":false,"campfire_upgraded":2,"win_rate":0,"timestamp":1535839357,"path_taken":["M","M","?","?","?","R","E","R","T","?","?","E"],"build_version":"2018-08-30","purchased_purges":0,"victory":false,"max_hp_per_floor":[75,75,75,75,75,75,75,75,75,75,75,75],"card_choices":[{"not_picked":["Amplify","Biased Cognition"],"picked":"Core Surge","floor":0},{"not_picked":["Storm","Compile Driver"],"picked":"Static Discharge","floor":1},{"not_picked":["Beam Cell","Force Field"],"picked":"Stack","floor":2},{"not_picked":["Heatsinks","Steam"],"picked":"Doom and Gloom","floor":5},{"not_picked":["Core Surge","Steam"],"picked":"Self Repair","floor":7}],"player_experience":104665,"relics_obtained":[{"floor":7,"key":"Sundial"},{"floor":9,"key":"Dodecahedron"},{"floor":11,"key":"Matryoshka"}],"event_choices":[{"event_name":"Golden Idol","player_choice":"Take Wound","floor":3,"damage_taken":0},{"event_name":"Golden Shrine","player_choice":"Pray","floor":4,"damage_taken":0},{"event_name":"Golden Wing","player_choice":"Card Removal","floor":10,"damage_taken":0}],"is_beta":false,"boss_relics":[],"items_purged_floors":[],"is_endless":false,"potions_floor_spawned":[2,5],"killed_by":"Lagavulin","ascension_level":2}