{"gold_per_floor":[115,131,131,131,131,131,164,182,182,162,189,209,225,225,225,321,321,339,354,354,354,71,71,90,90,90,129,79,79,95,120,120,213,213,229,154,487,505,605,605],"floor_reached":40,"playtime":4478,"items_purged":["Normality"],"score":857,"play_id":"59361fc4-9a45-46d8-8962-524f9f8f29da","local_time":"20190214194843","is_ascension_mode":true,"campfire_choices":[{"floor":6.0,"key":"REST"},{"data":"Armaments","floor":15.0,"key":"SMITH"},{"floor":23,"key":"REST"},{"data":"Corruption","floor":25,"key":"SMITH"},{"floor":29,"key":"REST"},{"data":"Iron Wave","floor":32,"key":"SMITH"}],"neow_cost":"TEN_PERCENT_HP_LOSS","seed_source_timestamp":886115972637010,"circlet_count":0,"master_deck":["AscendersBane","Strike_R","Strike_R","Strike_R+1","Strike_R","Strike_R","Defend_R","Defend_R","Bash+1","Feed","Sword Boomerang","Headbutt","Armaments+1","Offering","Disarm","Feed","Corruption+1","Iron Wave+1","Exhume","Havoc","Writhe","Brutality","Warcry","Immolate","Decay","Clumsy","Shockwave","Bloodletting","Anger","Rage+1","Fiend Fire"],"special_seed":0,"relics":["Burning Blood","Mummified Hand","Orichalcum","Self Forming Clay","Dead Branch","Mark of Pain","Vajra","Bottled Tornado","Sundial","Bottled Lightning","Calling Bell","Juzu Bracelet","Paper Frog","Prayer Wheel","StoneCalendar"],"potions_floor_usage":[21,30,35],"damage_taken":[{"damage":15.0,"enemies":"2 Louse","floor":1.0,"turns":3.0},{"damage":0.0,"enemies":"Small Slimes","floor":2.0,"turns":2.0},{"damage":8.0,"enemies":"Gremlin Nob","floor":7.0,"turns":3.0},{"damage":6.0,"enemies":"Cultist","floor":8.0,"turns":2.0},{"damage":31.0,"enemies":"Lagavulin","floor":11.0,"turns":6.0},{"damage":6.0,"enemies":"Looter","floor":12.0,"turns":1.0},{"damage":0.0,"enemies":"3 Louse","floor":13.0,"turns":1.0},{"damage":52.0,"enemies":"The Guardian","floor":16.0,"turns":12.0},{"damage":16.0,"enemies":"Spheric Guardian","floor":18.0,"turns":4.0},{"damage":28.0,"enemies":"2 Thieves","floor":19.0,"turns":5.0},{"damage":0,"enemies":"Shelled Parasite and Fungi","floor":21,"turns":1},{"damage":12,"enemies":"3 Cultists","floor":24,"turns":4},{"damage":32,"enemies":"Slavers","floor":27,"turns":3},{"damage":7,"enemies":"Chosen and Byrds","floor":30,"turns":3},{"damage":6,"enemies":"Snecko","floor":31,"turns":2},{"damage":26,"enemies":"Collector","floor":33,"turns":4},{"damage":29,"enemies":"3 Darklings","floor":35,"turns":3},{"damage":6,"enemies":"Orb Walker","floor":38,"turns":1},{"damage":26,"enemies":"Mind Bloom Boss Battle","floor":39,"turns":6},{"damage":36,"enemies":"Reptomancer","floor":40,"turns":2}],"seed_played":"8705276058355821053","potions_obtained":[{"floor":1.0,"key":"PowerPotion"},{"floor":8.0,"key":"LiquidBronze"},{"floor":10.0,"key":"EntropicBrew"},{"floor":11.0,"key":"PowerPotion"},{"floor":13.0,"key":"BloodPotion"},{"floor":16.0,"key":"SmokeBomb"},{"floor":19.0,"key":"Regen Potion"},{"floor":24,"key":"Fire Potion"},{"floor":33,"key":"Strength Potion"},{"floor":38,"key":"SpeedPotion"}],"is_trial":false,"path_per_floor":["M","M","?","?","?","R","E","M","T","?","E","M","M","?","R","B",null,"M","M","?","M","$","R","M","R","T","E","?","R","M","M","R","B",null,"M","$","?","M","?","E"],"character_chosen":"IRONCLAD","items_purchased":["Bottled Tornado"],"campfire_rested":3,"item_purchase_floors":[22],"current_hp_per_floor":[62,71,71,49,49,71,69,72,72,72,47,47,53,53,53,17,59,52,30,30,39,39,62,60,60,60,37,37,62,70,70,70,50,77,54,54,54,54,34,0],"gold":605,"neow_bonus":"TRANSFORM_TWO_CARDS","is_prod":false,"is_daily":false,"chose_seed":false,"campfire_upgraded":3,"win_rate":0,"timestamp":1550198923,"path_taken":["M","M","?","?","?","R","E","M","T","?","E","M","?","?","R","BOSS","M","M","?","M","$","R","M","R","T","E","?","R","?","M","R","BOSS","M","$","?","M","?","E"],"build_version":"2019-01-23","purchased_purges":1,"victory":false,"max_hp_per_floor":[71,74,74,74,74,74,74,77,77,77,77,77,77,70,70,73,73,76,76,76,79,79,79,83,83,83,86,86,86,86,86,86,86,86,86,86,86,86,86,86],"card_choices":[{"not_picked":["Entrench","Twin Strike"],"picked":"Headbutt","floor":1.0},{"not_picked":["Flex","Dropkick"],"picked":"Armaments","floor":2.0},{"not_picked":["Hemokinesis","Iron Wave"],"picked":"Offering","floor":7.0},{"not_picked":["Seeing Red","True Grit"],"picked":"Disarm","floor":8.0},{"not_picked":["Searing Blow","Wild Strike"],"picked":"Feed","floor":11.0},{"not_picked":["Anger","Sword Boomerang"],"picked":"Corruption","floor":12.0},{"not_picked":["Armaments","Entrench"],"picked":"Iron Wave","floor":13.0},{"not_picked":["Feed","Berserk"],"picked":"Exhume","floor":16.0},{"not_picked":["Twin Strike","Flex","Clash"],"picked":"SKIP","floor":18.0},{"not_picked":["Wild Strike","Cleave"],"picked":"Havoc","floor":19.0},{"not_picked":["Headbutt","Ghostly Armor","Rampage"],"picked":"SKIP","floor":24},{"not_picked":["Dropkick","Clash+1"],"picked":"Brutality","floor":27},{"not_picked":["Armaments","Cleave","Iron Wave"],"picked":"SKIP","floor":30},{"not_picked":["Rupture","Corruption"],"picked":"Warcry","floor":31},{"not_picked":["Double Tap","Berserk"],"picked":"Immolate","floor":33},{"not_picked":["Warcry+1","Pommel Strike+1"],"picked":"Shockwave","floor":35},{"not_picked":["Armaments","Combust"],"picked":"Bloodletting","floor":35},{"not_picked":["Headbutt","Clash"],"picked":"Anger","floor":38},{"not_picked":["Hemokinesis","Iron Wave+1"],"picked":"Rage+1","floor":38},{"not_picked":["Havoc","Wild Strike+1"],"picked":"Fiend Fire","floor":39}],"player_experience":833350,"relics_obtained":[{"floor":7.0,"key":"Orichalcum"},{"floor":9.0,"key":"Self Forming Clay"},{"floor":11.0,"key":"Dead Branch"},{"floor":26,"key":"Sundial"},{"floor":27,"key":"Bottled Lightning"},{"floor":34,"key":"Juzu Bracelet"},{"floor":34,"key":"Paper Frog"},{"floor":34,"key":"Prayer Wheel"},{"floor":39,"key":"StoneCalendar"}],"event_choices":[{"damage_healed":0.0,"max_hp_gain":0.0,"max_hp_loss":0.0,"gold_gain":0.0,"event_name":"Big Fish","player_choice":"Box","floor":3.0,"gold_loss":0.0,"damage_taken":0.0,"relics_obtained":["Mummified Hand"],"cards_obtained":["Regret"]},{"damage_healed":0.0,"max_hp_gain":0.0,"max_hp_loss":0.0,"gold_gain":0.0,"event_name":"Shining Light","player_choice":"Entered Light","floor":4.0,"gold_loss":0.0,"damage_taken":22.0,"cards_upgraded":["Strike_R","Bash"]},{"cards_removed":["Regret"],"damage_healed":0.0,"max_hp_gain":0.0,"max_hp_loss":0.0,"gold_gain":0.0,"event_name":"Living Wall","player_choice":"Forget","floor":5.0,"gold_loss":0.0,"damage_taken":0.0},{"damage_healed":0.0,"max_hp_gain":0.0,"max_hp_loss":0.0,"gold_gain":0.0,"event_name":"The Woman in Blue","player_choice":"Bought 1 Potion","floor":10.0,"gold_loss":0.0,"damage_taken":0.0},{"damage_healed":0.0,"max_hp_gain":0.0,"max_hp_loss":7.0,"gold_gain":0.0,"event_name":"Golden Idol","player_choice":"Lose Max HP","floor":14.0,"gold_loss":0.0,"damage_taken":0.0,"relics_obtained":["Golden Idol"]},{"damage_healed":0.0,"max_hp_gain":0.0,"max_hp_loss":0.0,"gold_gain":0.0,"event_name":"The Mausoleum","player_choice":"Opened","floor":20.0,"gold_loss":0.0,"damage_taken":0.0,"relics_obtained":["Vajra"],"cards_obtained":["Writhe"]},{"damage_healed":0,"gold_gain":0,"player_choice":"Bet on Owner","damage_taken":0,"max_hp_gain":0,"max_hp_loss":0,"event_name":"The Joust","floor":28,"gold_loss":50},{"damage_healed":0,"gold_gain":333,"player_choice":"Gave Idol","damage_taken":0,"max_hp_gain":0,"max_hp_loss":0,"event_name":"The Moai Head","floor":37,"relics_lost":["Golden Idol"],"gold_loss":0},{"damage_healed":0,"gold_gain":0,"player_choice":"Fight","damage_taken":0,"max_hp_gain":0,"max_hp_loss":0,"event_name":"MindBloom","floor":39,"gold_loss":0}],"is_beta":false,"boss_relics":[{"not_picked":["Eternal Feather","Black Star"],"picked":"Mark of Pain"},{"not_picked":["Busted Crown","Tiny House"],"picked":"Calling Bell"}],"items_purged_floors":[36],"is_endless":false,"potions_floor_spawned":[1,8,11,13,16,19,24,27,33,38],"killed_by":"Reptomancer","ascension_level":20}