{"gold_per_floor":[218,218,238,256,256,256,9,9,9,9,24,24,34,34,34,131,131,146,71,86,86,86,86,118,130,167,194,206,24,40,58,58,156,156,173,173,244,263,163,163,182,211,211,222,238,113,143,155,155,155],"floor_reached":51,"playtime":2870,"items_purged":["Turbo","Dualcast","Ball Lightning"],"score":725,"play_id":"69045c4e-f54b-4182-9aca-58b8b5d87a42","local_time":"20180901205350","is_ascension_mode":true,"campfire_choices":[{"data":"Defragment","floor":6.0,"key":"SMITH"},{"data":"Zap","floor":8.0,"key":"SMITH"},{"data":"Streamline","floor":10.0,"key":"SMITH"},{"data":"Zap","floor":12.0,"key":"SMITH"},{"data":"Chaos","floor":15.0,"key":"SMITH"},{"data":"Go for the Eyes","floor":23.0,"key":"SMITH"},{"data":"Chill","floor":25.0,"key":"SMITH"},{"data":"Stack","floor":28,"key":"SMITH"},{"data":"Ball Lightning","floor":32,"key":"SMITH"},{"data":"Cold Snap","floor":40,"key":"SMITH"},{"floor":49,"key":"REST"}],"neow_cost":"NONE","seed_source_timestamp":387566576638774,"circlet_count":0,"master_deck":["Zap+1","Defragment+1","Chaos+1","Streamline+1","Zap+1","Capacitor+1","Echo Form+1","Go for the Eyes","Stack+1","Go for the Eyes+1","Chill+1","Ball Lightning+1","Cold Snap+1","Genetic Algorithm+1","Creative AI+1","BootSequence+1"],"special_seed":0,"relics":["Cracked Core","Frozen Egg 2","Happy Flower","Pandora\u0027s Box","Ancient Tea Set","MawBank","Bag of Marbles","Lee\u0027s Waffle","Busted Crown","Cables","Torii","Question Card","Bottled Tornado"],"potions_floor_usage":[31,31,35,42,44,45,48],"damage_taken":[{"damage":0.0,"enemies":"Small Slimes","floor":1.0,"turns":5.0},{"damage":1.0,"enemies":"2 Louse","floor":3.0,"turns":2.0},{"damage":0.0,"enemies":"Cultist","floor":4.0,"turns":4.0},{"damage":0.0,"enemies":"Large Slime","floor":11.0,"turns":5.0},{"damage":20.0,"enemies":"Lots of Slimes","floor":13.0,"turns":4.0},{"damage":24.0,"enemies":"The Guardian","floor":16.0,"turns":8.0},{"damage":5.0,"enemies":"Shell Parasite","floor":18.0,"turns":4.0},{"damage":3.0,"enemies":"Spheric Guardian","floor":20.0,"turns":3.0},{"damage":22.0,"enemies":"Gremlin Leader","floor":24.0,"turns":7.0},{"damage":0,"enemies":"3 Cultists","floor":27,"turns":4},{"damage":7,"enemies":"Snake Plant","floor":30,"turns":5},{"damage":5,"enemies":"Centurion and Healer","floor":31,"turns":6},{"damage":35,"enemies":"Champ","floor":33,"turns":8},{"damage":0,"enemies":"3 Darklings","floor":35,"turns":5},{"damage":0,"enemies":"Orb Walker","floor":38,"turns":3},{"damage":11,"enemies":"Maw","floor":41,"turns":7},{"damage":32,"enemies":"2 Orb Walkers","floor":42,"turns":5},{"damage":8,"enemies":"4 Shapes","floor":44,"turns":4},{"damage":8,"enemies":"Spire Growth","floor":45,"turns":4},{"damage":7,"enemies":"Nemesis","floor":47,"turns":5},{"damage":9,"enemies":"3 Darklings","floor":48,"turns":5},{"damage":34,"enemies":"Time Eater","floor":50,"turns":8}],"seed_played":"-6384440487820622975","potions_obtained":[{"floor":1.0,"key":"Fire Potion"},{"floor":3.0,"key":"EssenceOfSteel"},{"floor":11.0,"key":"GamblersBrew"},{"floor":13.0,"key":"LiquidBronze"},{"floor":18.0,"key":"PowerPotion"},{"floor":30,"key":"EssenceOfSteel"},{"floor":33,"key":"Fruit Juice"},{"floor":38,"key":"Weak Potion"},{"floor":42,"key":"Explosive Potion"},{"floor":44,"key":"Weak Potion"},{"floor":47,"key":"EssenceOfSteel"}],"is_trial":false,"path_per_floor":["M","?","M","M","?","R","$","R","T","R","M","R","M","$","R","B",null,"M","$","M","T","?","R","E","R","T","M","R","$","M","M","R","B",null,"M","?","T","M","$","R","M","E","T","M","M","$","E","M","R","B"],"character_chosen":"DEFECT","items_purchased":["Frozen Egg 2","Lee\u0027s Waffle"],"campfire_rested":1,"item_purchase_floors":[7,29],"current_hp_per_floor":[75,68,67,67,67,67,67,67,67,67,67,67,47,47,47,23,75,70,70,67,67,67,67,45,45,45,45,45,82,75,70,70,35,82,87,87,87,87,87,87,76,44,44,36,28,28,21,12,38,4],"gold":155,"neow_bonus":"HUNDRED_GOLD","is_prod":false,"is_daily":false,"chose_seed":false,"campfire_upgraded":10,"win_rate":0,"timestamp":1535801030,"path_taken":["M","?","M","?","?","R","?","R","T","R","?","R","M","$","R","BOSS","M","$","?","?","?","R","E","R","T","M","R","$","?","M","R","BOSS","M","?","?","M","$","R","M","E","T","?","M","?","E","M","R","BOSS"],"build_version":"2018-08-30","purchased_purges":3,"victory":true,"max_hp_per_floor":[75,75,75,75,75,75,75,75,75,75,75,75,75,75,75,75,75,75,75,75,75,75,75,75,75,75,75,75,82,82,82,82,82,82,87,87,87,87,87,87,87,87,87,87,87,87,87,87,87,87],"card_choices":[{"not_picked":["Blizzard","Redo"],"picked":"Defragment","floor":1.0},{"not_picked":["Rebound","Storm"],"picked":"Chaos","floor":3.0},{"not_picked":["Tempest","Leap"],"picked":"Streamline","floor":4.0},{"not_picked":["Beam Cell","Sweeping Beam"],"picked":"Capacitor+1","floor":11.0},{"not_picked":["Scrape","Go for the Eyes","Steam"],"picked":"SKIP","floor":13.0},{"not_picked":["Meteor Strike","All For One"],"picked":"Echo Form+1","floor":16.0},{"not_picked":["Self Repair+1","Rebound+1"],"picked":"Genetic Algorithm+1","floor":18.0},{"not_picked":["Chaos","Static Discharge+1","Go for the Eyes"],"picked":"SKIP","floor":20.0},{"not_picked":["Double Energy","Sweeping Beam","Cold Snap"],"picked":"SKIP","floor":24.0},{"not_picked":["Rebound+1","Compile Driver","Hologram"],"picked":"SKIP","floor":27},{"not_picked":["Steam","Gash","Reprogram+1"],"picked":"SKIP","floor":30},{"not_picked":["Sweeping Beam+1","Barrage"],"picked":"Ball Lightning","floor":31},{"not_picked":["All For One","Fission"],"picked":"Creative AI+1","floor":33},{"not_picked":["Double Energy"],"picked":"SKIP","floor":35},{"not_picked":["Go for the Eyes+1"],"picked":"SKIP","floor":38},{"not_picked":["Skim+1"],"picked":"SKIP","floor":41},{"not_picked":["Gash"],"picked":"SKIP","floor":42},{"not_picked":["Sweeping Beam","Reinforced Body"],"picked":"SKIP","floor":44},{"not_picked":["Ball Lightning","Hello World+1"],"picked":"SKIP","floor":45},{"not_picked":["Steam","Streamline+1"],"picked":"SKIP","floor":47},{"not_picked":["Echo Form+1"],"picked":"BootSequence+1","floor":48}],"player_experience":99296,"relics_obtained":[{"floor":9.0,"key":"Happy Flower"},{"floor":21.0,"key":"Ancient Tea Set"},{"floor":24.0,"key":"MawBank"},{"floor":26,"key":"Bag of Marbles"},{"floor":37,"key":"Cables"},{"floor":42,"key":"Torii"},{"floor":43,"key":"Question Card"},{"floor":47,"key":"Bottled Tornado"}],"event_choices":[{"event_name":"Golden Wing","player_choice":"Card Removal","floor":2.0,"damage_taken":0.0},{"event_name":"Match and Keep!","player_choice":"2 cards matched","floor":5.0,"damage_taken":0.0},{"event_name":"Back to Basics","player_choice":"Elegance","floor":22.0,"damage_taken":0.0},{"event_name":"SensoryStone","player_choice":"Memory 1","floor":36,"damage_taken":0}],"is_beta":false,"boss_relics":[{"not_picked":["Runic Dome","Snecko Eye"],"picked":"Pandora\u0027s Box"},{"not_picked":["Philosopher\u0027s Stone","Fusion Hammer"],"picked":"Busted Crown"}],"items_purged_floors":[19,39,46],"is_endless":false,"potions_floor_spawned":[1,3,11,13,18,30,33,38,42,44,47],"ascension_level":1}