{"gold_per_floor":[13,24,24,39,39,50,50,50,126,137,137,23,23,23,23,124,124,109,109,109,109,126,126,126],"floor_reached":24,"playtime":1363,"items_purged":["Strike_G"],"score":237,"play_id":"6a14fc4a-1b59-4c2f-8508-1299f5610f5f","local_time":"20180922165047","is_ascension_mode":true,"campfire_choices":[{"data":"Die Die Die","floor":11,"key":"SMITH"},{"data":"Infinite Blades","floor":13,"key":"SMITH"},{"data":"Deadly Poison","floor":15,"key":"SMITH"},{"data":"Terror","floor":23,"key":"SMITH"}],"neow_cost":"NO_GOLD","seed_source_timestamp":773176053390685,"circlet_count":0,"master_deck":["Survivor","Neutralize","Die Die Die+1","Deadly Poison+1","Backflip","Reflex","Dagger Throw","Infinite Blades+1","Envenom","PiercingWail","Setup","Endless Agony","Outmaneuver","Infinite Blades","Prepared","Infinite Blades","Terror+1","Acrobatics","Backstab+1","Bite","Bite","Bite","Bite","Bite"],"relics":["Ring of the Snake","Bag of Marbles","Question Card","Pandora\u0027s Box"],"potions_floor_usage":[16,16,16],"damage_taken":[{"damage":0,"enemies":"2 Louse","floor":1,"turns":2},{"damage":4,"enemies":"Small Slimes","floor":2,"turns":4},{"damage":8,"enemies":"Jaw Worm","floor":4,"turns":4},{"damage":10,"enemies":"Red Slaver","floor":6,"turns":5},{"damage":0,"enemies":"3 Louse","floor":10,"turns":1},{"damage":67,"enemies":"Slime Boss","floor":16,"turns":16},{"damage":39,"enemies":"2 Thieves","floor":18,"turns":4},{"damage":35,"enemies":"Spheric Guardian","floor":22,"turns":5},{"damage":28,"enemies":"Gremlin Leader","floor":24,"turns":4}],"seed_played":"-1499218741301319009","potions_obtained":[{"floor":4,"key":"Block Potion"},{"floor":6,"key":"Swift Potion"},{"floor":10,"key":"Explosive Potion"}],"is_trial":false,"path_per_floor":["M","M","?","M","?","M","?","?","T","M","R","$","R","$","R","B",null,"M","?","?","?","M","R"],"character_chosen":"THE_SILENT","items_purchased":["Infinite Blades"],"campfire_rested":0,"item_purchase_floors":[12],"current_hp_per_floor":[70,66,66,58,58,48,48,70,70,70,70,70,70,70,70,3,70,31,31,54,49,22,22,0],"gold":126,"neow_bonus":"THREE_RARE_CARDS","is_prod":false,"is_daily":false,"chose_seed":false,"campfire_upgraded":4,"win_rate":0,"timestamp":1537600847,"path_taken":["M","M","?","?","?","M","?","?","T","M","R","$","R","?","R","BOSS","M","?","?","?","M","R","E"],"build_version":"2018-09-20","purchased_purges":1,"victory":false,"max_hp_per_floor":[70,70,70,70,70,70,70,70,70,70,70,70,70,70,70,70,70,70,70,70,49,49,49,49],"card_choices":[{"not_picked":["Storm of Steel","Glass Knife"],"picked":"Die Die Die","floor":0},{"not_picked":["Calculated Gamble","Quick Slash"],"picked":"Deadly Poison","floor":1},{"not_picked":["Skewer","PiercingWail"],"picked":"Backflip","floor":2},{"not_picked":["Sucker Punch","Poisoned Stab"],"picked":"Acrobatics","floor":4},{"not_picked":["Riddle With Holes","Acrobatics"],"picked":"Reflex","floor":6},{"not_picked":["Quick Slash","Flying Knee","Blade Dance"],"picked":"Dagger Throw","floor":10},{"not_picked":["Phantasmal Killer","Grand Finale","Tools of the Trade"],"picked":"Envenom","floor":16},{"not_picked":["Quick Slash+1","Outmaneuver","Dash"],"picked":"Backstab+1","floor":18},{"not_picked":["Setup","Outmaneuver+1","Heel Hook","Deadly Poison"],"picked":"SKIP","floor":22}],"player_experience":194285,"relics_obtained":[{"floor":9,"key":"Question Card"}],"event_choices":[{"event_name":"Big Fish","player_choice":"Box","floor":3,"damage_taken":0},{"event_name":"Living Wall","player_choice":"Forget","floor":5,"damage_taken":0},{"event_name":"Match and Keep!","player_choice":"1 cards matched","floor":7,"damage_taken":0},{"event_name":"Bonfire Elementals","player_choice":"UNCOMMON","floor":8,"damage_taken":0},{"event_name":"Back to Basics","player_choice":"Elegance","floor":19,"damage_taken":0},{"event_name":"The Library","player_choice":"Heal","floor":20,"damage_taken":0},{"event_name":"Vampires","player_choice":"Became a vampire","floor":21,"damage_taken":0}],"is_beta":false,"boss_relics":[{"not_picked":["Snecko Eye","Orrery"],"picked":"Pandora\u0027s Box"}],"items_purged_floors":[12],"is_endless":false,"potions_floor_spawned":[4,6,10],"killed_by":"Gremlin Leader","ascension_level":3}