{"gold_per_floor":[115,115,134,152,169,169,198,198,198,212,224,241,241,254,254,352,352,352,352,17,17,17,17,17,17,17,17,17,17,17,17,17,17,17,17,0,0,0,0,0,0,0,0,0,0,0],"floor_reached":46,"playtime":5455,"items_purged":["Pain"],"score":446,"play_id":"35d9b2e9-f22e-42b2-84bb-bd8fbb587a9b","local_time":"20190211150537","is_ascension_mode":false,"campfire_choices":[{"floor":6.0,"key":"REST"},{"floor":13.0,"key":"REST"},{"floor":15.0,"key":"REST"},{"floor":25,"key":"REST"},{"floor":27,"key":"REST"},{"floor":32,"key":"REST"},{"floor":40,"key":"REST"}],"neow_cost":"","seed_source_timestamp":0,"circlet_count":0,"master_deck":["Strike_R","Strike_R","Strike_R","Strike_R","Strike_R","Defend_R","Defend_R","Defend_R","Defend_R","Thunderclap","Disarm","Anger","Iron Wave","Warcry","Armaments","Inflame","Armaments","Headbutt","Juggernaut","Iron Wave","Anger","Armaments+1","Headbutt","Iron Wave+1","Feed","Dropkick+1","Barricade+1","Warcry","Madness","Madness","Uppercut+1","Clash","Rupture+1","Ghostly Armor+1"],"special_seed":0,"relics":["Burning Blood","Gremlin Horn","Pear","Ectoplasm","WarpedTongs","Frozen Egg 2","Ancient Tea Set","MawBank","Letter Opener","Meat on the Bone","Calipers","Busted Crown","Red Mask","Bottled Lightning"],"potions_floor_usage":[23,29,30,33,38,41],"damage_taken":[{"damage":1.0,"enemies":"2 Louse","floor":1.0,"turns":4.0},{"damage":5.0,"enemies":"Cultist","floor":3.0,"turns":4.0},{"damage":4.0,"enemies":"Small Slimes","floor":4.0,"turns":4.0},{"damage":31.0,"enemies":"Gremlin Gang","floor":5.0,"turns":4.0},{"damage":50.0,"enemies":"Lagavulin","floor":7.0,"turns":9.0},{"damage":24.0,"enemies":"Large Slime","floor":10.0,"turns":5.0},{"damage":22.0,"enemies":"Exordium Thugs","floor":11.0,"turns":5.0},{"damage":3.0,"enemies":"3 Louse","floor":12.0,"turns":3.0},{"damage":4.0,"enemies":"Blue Slaver","floor":14.0,"turns":5.0},{"damage":22.0,"enemies":"The Guardian","floor":16.0,"turns":17.0},{"damage":6,"enemies":"Shell Parasite","floor":18,"turns":6},{"damage":18,"enemies":"3 Byrds","floor":21,"turns":6},{"damage":53,"enemies":"Slavers","floor":23,"turns":4},{"damage":5,"enemies":"Cultist and Chosen","floor":28,"turns":5},{"damage":0,"enemies":"Snake Plant","floor":29,"turns":1},{"damage":18,"enemies":"Colosseum Slavers","floor":30,"turns":4},{"damage":22,"enemies":"Colosseum Nobs","floor":30,"turns":5},{"damage":8,"enemies":"Centurion and Healer","floor":31,"turns":5},{"damage":41,"enemies":"Champ","floor":33,"turns":12},{"damage":6,"enemies":"Orb Walker","floor":35,"turns":3},{"damage":47,"enemies":"3 Darklings","floor":38,"turns":7},{"damage":44,"enemies":"Sphere and 2 Shapes","floor":39,"turns":7},{"damage":5,"enemies":"Maw","floor":41,"turns":8},{"damage":26,"enemies":"Jaw Worm Horde","floor":45,"turns":5},{"damage":70,"enemies":"Giant Head","floor":46,"turns":7}],"seed_played":"-2566236515373166818","potions_obtained":[{"floor":3.0,"key":"Energy Potion"},{"floor":11.0,"key":"PowerPotion"},{"floor":12.0,"key":"Energy Potion"},{"floor":16.0,"key":"FearPotion"},{"floor":23,"key":"Strength Potion"},{"floor":28,"key":"SmokeBomb"},{"floor":30,"key":"Strength Potion"},{"floor":33,"key":"Fire Potion"},{"floor":39,"key":"BloodPotion"}],"is_trial":false,"path_per_floor":["M","?","M","M","M","R","E","?","T","M","M","M","R","M","R","B",null,"M","?","$","M","?","E","T","R","T","R","M","M","?","M","R","B",null,"M","?","?","M","M","R","M","$","T","$","M","E"],"character_chosen":"IRONCLAD","items_purchased":["Frozen Egg 2","Anger"],"campfire_rested":7,"item_purchase_floors":[20,20],"current_hp_per_floor":[80,80,80,80,55,79,35,35,45,27,11,14,41,43,70,54,90,90,90,90,78,78,31,31,58,58,85,86,90,62,60,87,52,90,90,90,79,50,24,51,61,61,61,61,53,0],"gold":0,"neow_bonus":"","is_prod":false,"is_daily":false,"chose_seed":false,"campfire_upgraded":0,"win_rate":0.0,"timestamp":1549911937,"path_taken":["M","?","?","M","M","R","E","?","T","?","M","M","R","M","R","BOSS","M","?","?","M","?","E","?","R","T","R","M","M","?","M","R","BOSS","M","?","?","M","M","R","M","?","T","$","?","E"],"build_version":"2019-01-23","purchased_purges":1,"victory":false,"max_hp_per_floor":[80,80,80,80,80,80,80,80,90,90,90,90,90,90,90,90,90,90,90,90,90,90,90,90,90,90,90,90,90,90,90,90,90,90,90,90,90,90,90,90,90,90,90,90,90,90],"card_choices":[{"not_picked":["Disarm","Flame Barrier"],"picked":"Thunderclap","floor":1.0},{"not_picked":["True Grit","Clothesline"],"picked":"Disarm","floor":3.0},{"not_picked":["Metallicize","Hemokinesis"],"picked":"Anger","floor":4.0},{"not_picked":["Flex","Twin Strike"],"picked":"Iron Wave","floor":5.0},{"not_picked":["Clothesline","Reckless Charge"],"picked":"Warcry","floor":7.0},{"not_picked":["Feel No Pain","Brutality"],"picked":"Armaments","floor":10.0},{"not_picked":["Corruption","Cleave"],"picked":"Inflame","floor":11.0},{"not_picked":["Perfected Strike","Sword Boomerang"],"picked":"Armaments","floor":12.0},{"not_picked":["Cleave","True Grit"],"picked":"Headbutt","floor":14.0},{"not_picked":["Feed","Offering"],"picked":"Juggernaut","floor":16.0},{"not_picked":["Sever Soul","True Grit"],"picked":"Iron Wave","floor":18},{"not_picked":["Hemokinesis","Blood for Blood+1"],"picked":"Armaments+1","floor":21},{"not_picked":["Flex","Body Slam+1"],"picked":"Headbutt","floor":23},{"not_picked":["Twin Strike","Body Slam"],"picked":"Iron Wave+1","floor":28},{"not_picked":["Power Through+1","Intimidate"],"picked":"Feed","floor":30},{"not_picked":["Cleave+1","Flex"],"picked":"Dropkick+1","floor":31},{"not_picked":["Double Tap","Berserk+1"],"picked":"Barricade+1","floor":33},{"not_picked":[],"picked":"Warcry","floor":35},{"not_picked":[],"picked":"Uppercut+1","floor":38},{"not_picked":[],"picked":"Clash","floor":39},{"not_picked":[],"picked":"Rupture+1","floor":41},{"not_picked":[],"picked":"Ghostly Armor+1","floor":45}],"player_experience":0,"relics_obtained":[{"floor":7.0,"key":"Gremlin Horn"},{"floor":9.0,"key":"Pear"},{"floor":23,"key":"Ancient Tea Set"},{"floor":24,"key":"MawBank"},{"floor":26,"key":"Letter Opener"},{"floor":30,"key":"Meat on the Bone"},{"floor":30,"key":"Calipers"},{"floor":43,"key":"Bottled Lightning"}],"event_choices":[{"damage_healed":0.0,"max_hp_gain":0.0,"max_hp_loss":0.0,"gold_gain":0.0,"event_name":"Purifier","player_choice":"Ignored","floor":2.0,"gold_loss":0.0,"damage_taken":0.0},{"cards_removed":["Bash"],"damage_healed":0.0,"max_hp_gain":0.0,"max_hp_loss":0.0,"gold_gain":0.0,"event_name":"Bonfire Elementals","player_choice":"Offered Basic","floor":8.0,"gold_loss":0.0,"damage_taken":0.0},{"damage_healed":0,"gold_gain":0,"player_choice":"Rummage","damage_taken":0,"relics_obtained":["WarpedTongs"],"max_hp_gain":0,"max_hp_loss":0,"event_name":"Accursed Blacksmith","floor":19,"gold_loss":0,"cards_obtained":["Pain"]},{"damage_healed":0,"gold_gain":0,"player_choice":"Ignored","damage_taken":0,"max_hp_gain":0,"max_hp_loss":0,"event_name":"Beggar","floor":22,"gold_loss":0},{"damage_healed":0,"gold_gain":0,"player_choice":"Fight","damage_taken":0,"max_hp_gain":0,"max_hp_loss":0,"event_name":"Colosseum","floor":30,"gold_loss":0},{"damage_healed":0,"gold_gain":0,"player_choice":"Fought Nobs","damage_taken":0,"max_hp_gain":0,"max_hp_loss":0,"event_name":"Colosseum","floor":30,"gold_loss":0},{"damage_healed":0,"gold_gain":0,"player_choice":"Paid","damage_taken":0,"relics_obtained":["Red Mask"],"max_hp_gain":0,"max_hp_loss":0,"event_name":"Tomb of Lord Red Mask","floor":36,"gold_loss":17},{"damage_healed":0,"gold_gain":0,"player_choice":"Embrace Madness","damage_taken":11,"max_hp_gain":0,"max_hp_loss":0,"event_name":"Winding Halls","floor":37,"gold_loss":0,"cards_obtained":["Madness","Madness"]}],"is_beta":false,"boss_relics":[{"not_picked":["Astrolabe","Philosopher\u0027s Stone"],"picked":"Ectoplasm"},{"not_picked":["Black Star","Runic Cube"],"picked":"Busted Crown"}],"items_purged_floors":[20],"is_endless":false,"potions_floor_spawned":[3,11,12,16,23,28,30,30,33,39],"killed_by":"Giant Head","ascension_level":0}