{"gold_per_floor":[109,126,126,136,13,13,31,31,31,31,58,58,58,8,8,104,104,104,104,104,104,104,104,104,104,104,104,104,104,104,104,104,104],"floor_reached":33,"playtime":829,"items_purged":["Strike_B"],"score":370,"play_id":"04fa4cdf-fe67-4e8f-a816-804d7ed5f116","local_time":"20190216225357","is_ascension_mode":true,"campfire_choices":[{"data":"Streamline","floor":6.0,"key":"SMITH"},{"data":"Zap","floor":10.0,"key":"SMITH"},{"data":"Consume","floor":13.0,"key":"SMITH"},{"data":"Static Discharge","floor":15.0,"key":"SMITH"},{"data":"Capacitor","floor":23.0,"key":"SMITH"},{"data":"Ball Lightning","floor":25.0,"key":"SMITH"},{"floor":32,"key":"REST"}],"neow_cost":"PERCENT_DAMAGE","seed_source_timestamp":30237835248000,"circlet_count":0,"master_deck":["Strike_B+1","Strike_B+1","Strike_B+1","Defend_B+1","Defend_B+1","Defend_B+1","Defend_B+1","Zap+1","Dualcast","Streamline+1","Consume+1","Capacitor+1","Static Discharge+1","Ball Lightning+1","Chaos","Loop+1"],"special_seed":0,"relics":["Cracked Core","Symbiotic Virus","Pear","Sundial","Ectoplasm","MutagenicStrength","Bag of Marbles","Bottled Tornado"],"potions_floor_usage":[27,31],"damage_taken":[{"damage":0.0,"enemies":"2 Louse","floor":1.0,"turns":2.0},{"damage":7.0,"enemies":"Jaw Worm","floor":2.0,"turns":4.0},{"damage":7.0,"enemies":"Small Slimes","floor":4.0,"turns":3.0},{"damage":8.0,"enemies":"2 Fungi Beasts","floor":7.0,"turns":4.0},{"damage":25.0,"enemies":"Lagavulin","floor":11.0,"turns":6.0},{"damage":38.0,"enemies":"Slime Boss","floor":16.0,"turns":4.0},{"damage":9.0,"enemies":"Shell Parasite","floor":18.0,"turns":3.0},{"damage":4.0,"enemies":"Chosen","floor":22.0,"turns":4.0},{"damage":8.0,"enemies":"Sentry and Sphere","floor":24.0,"turns":3.0},{"damage":31,"enemies":"Gremlin Leader","floor":27,"turns":3},{"damage":8,"enemies":"Chosen and Byrds","floor":28,"turns":3},{"damage":17,"enemies":"Shelled Parasite and Fungi","floor":29,"turns":3},{"damage":0,"enemies":"Snecko","floor":31,"turns":3},{"damage":69,"enemies":"Collector","floor":33,"turns":6}],"seed_played":"1322243158391173868","potions_obtained":[{"floor":2.0,"key":"Regen Potion"},{"floor":11.0,"key":"AttackPotion"},{"floor":16.0,"key":"SkillPotion"},{"floor":24.0,"key":"Fire Potion"},{"floor":27,"key":"FearPotion"}],"is_trial":false,"path_per_floor":["M","M","$","M","$","R","M","?","T","R","E","?","R","$","R","B",null,"M","?","?","?","M","R","M","R","T","E","M","M","?","M","R","B"],"character_chosen":"DEFECT","items_purchased":["Fire Potion","Explosive Potion"],"campfire_rested":1,"item_purchase_floors":[5,14],"current_hp_per_floor":[64,57,57,50,50,50,42,47,47,47,47,44,44,44,44,6,80,71,71,71,71,67,67,59,59,59,28,20,3,3,3,34,0],"gold":104,"neow_bonus":"TWENTY_PERCENT_HP_BONUS","is_prod":false,"is_daily":false,"chose_seed":false,"campfire_upgraded":6,"win_rate":0,"timestamp":1550350437,"path_taken":["M","M","$","M","$","R","M","?","T","R","E","?","R","?","R","BOSS","M","?","?","?","M","R","M","R","T","E","M","?","?","?","R","BOSS"],"build_version":"2019-01-23","purchased_purges":1,"victory":false,"max_hp_per_floor":[89,89,89,89,89,89,89,94,94,94,104,104,104,104,104,104,104,104,104,104,104,104,104,104,104,104,104,104,104,104,104,104,104],"card_choices":[{"not_picked":["Gash","Go for the Eyes"],"picked":"Streamline","floor":1.0},{"not_picked":["Hologram","Beam Cell","Gash"],"picked":"SKIP","floor":2.0},{"not_picked":["Aggregate","Beam Cell"],"picked":"Consume","floor":4.0},{"not_picked":["Beam Cell","Chaos"],"picked":"Capacitor","floor":7.0},{"not_picked":["Consume","Steam"],"picked":"Static Discharge","floor":11.0},{"not_picked":["Beam Cell","Tempest","Hologram"],"picked":"SKIP","floor":18.0},{"not_picked":["Barrage","Go for the Eyes"],"picked":"Ball Lightning","floor":22.0},{"not_picked":["Gash","Hologram","Reprogram"],"picked":"SKIP","floor":24.0},{"not_picked":["Stack","Turbo"],"picked":"Chaos","floor":27},{"not_picked":["Go for the Eyes","Rebound"],"picked":"Loop+1","floor":28},{"not_picked":["Hello World","Steam","All For One"],"picked":"SKIP","floor":29},{"not_picked":["Melter+1","Steam","Stack"],"picked":"SKIP","floor":31}],"player_experience":784591,"relics_obtained":[{"floor":9.0,"key":"Symbiotic Virus"},{"floor":11.0,"key":"Pear"},{"floor":26.0,"key":"Bag of Marbles"},{"floor":27,"key":"Bottled Tornado"}],"event_choices":[{"damage_healed":0.0,"max_hp_gain":5.0,"max_hp_loss":0.0,"gold_gain":0.0,"event_name":"Big Fish","player_choice":"Donut","floor":8.0,"gold_loss":0.0,"damage_taken":0.0},{"damage_healed":0.0,"max_hp_gain":0.0,"max_hp_loss":0.0,"gold_gain":0.0,"event_name":"Scrap Ooze","player_choice":"Success","floor":12.0,"gold_loss":0.0,"damage_taken":3.0,"relics_obtained":["Sundial"]},{"damage_healed":0.0,"max_hp_gain":0.0,"max_hp_loss":0.0,"gold_gain":0.0,"event_name":"Back to Basics","player_choice":"Simplicity","floor":19.0,"gold_loss":0.0,"damage_taken":0.0,"cards_upgraded":["Strike_B","Strike_B","Strike_B","Defend_B","Defend_B","Defend_B","Defend_B"]},{"damage_healed":0.0,"max_hp_gain":0.0,"max_hp_loss":0.0,"gold_gain":0.0,"event_name":"The Mausoleum","player_choice":"Ignored","floor":20.0,"gold_loss":0.0,"damage_taken":0.0},{"damage_healed":0.0,"max_hp_gain":0.0,"max_hp_loss":0.0,"gold_gain":0.0,"event_name":"Drug Dealer","player_choice":"Inject Mutagens","floor":21.0,"gold_loss":0.0,"damage_taken":0.0,"relics_obtained":["MutagenicStrength"]},{"damage_healed":0,"gold_gain":100,"player_choice":"Pray","damage_taken":0,"max_hp_gain":0,"max_hp_loss":0,"event_name":"Golden Shrine","floor":30,"gold_loss":0}],"is_beta":false,"boss_relics":[{"not_picked":["FrozenCore","Astrolabe"],"picked":"Ectoplasm"}],"items_purged_floors":[5],"is_endless":false,"potions_floor_spawned":[2,11,16,24,27],"killed_by":"Collector","ascension_level":6}