{"gold_per_floor":[117,127,202,202,222,250,250,262,288,253,283,283,317,317,317,390,390,406,418,333,405,417,417,417],"floor_reached":24,"playtime":579,"items_purged":[],"score":428,"play_id":"b2c3e766-281c-455c-a108-928acd4fef7f","local_time":"20181214021558","is_ascension_mode":true,"campfire_choices":[{"floor":7,"key":"REST"},{"data":"Demon Form","floor":12,"key":"SMITH"},{"data":"Anger","floor":15,"key":"SMITH"},{"data":"Whirlwind","floor":23,"key":"SMITH"}],"neow_cost":"NONE","seed_source_timestamp":29021704074948,"circlet_count":0,"master_deck":["AscendersBane","Strike_R","Strike_R","Strike_R","Strike_R","Strike_R","Defend_R","Defend_R","Defend_R","Defend_R","Bash","Anger+1","Pommel Strike","Demon Form+1","Ghostly Armor","Thunderclap","Offering","Battle Trance","Whirlwind+1","Battle Trance"],"relics":["Burning Blood","PreservedInsect","Bag of Preparation","Incense Burner","Gremlin Horn","Velvet Choker","Pen Nib","Pear"],"potions_floor_usage":[8,11,16,24],"damage_taken":[{"damage":7,"enemies":"Cultist","floor":1,"turns":4},{"damage":7,"enemies":"Jaw Worm","floor":2,"turns":4},{"damage":3,"enemies":"2 Louse","floor":5,"turns":3},{"damage":35,"enemies":"3 Sentries","floor":6,"turns":9},{"damage":9,"enemies":"2 Fungi Beasts","floor":8,"turns":3},{"damage":25,"enemies":"Lagavulin","floor":11,"turns":6},{"damage":25,"enemies":"3 Sentries","floor":13,"turns":6},{"damage":11,"enemies":"Hexaghost","floor":16,"turns":6},{"damage":26,"enemies":"3 Byrds","floor":18,"turns":5},{"damage":15,"enemies":"Chosen","floor":19,"turns":5},{"damage":15,"enemies":"Snecko","floor":22,"turns":4},{"damage":37,"enemies":"Book of Stabbing","floor":24,"turns":2}],"seed_played":"6225039845940220870","potions_obtained":[{"floor":1,"key":"Poison Potion"},{"floor":6,"key":"Swift Potion"},{"floor":13,"key":"Strength Potion"},{"floor":18,"key":"Strength Potion"}],"is_trial":false,"path_per_floor":["M","M","?","?","M","E","R","M","T","?","E","R","E","?","R","B",null,"M","M","?","T","M","R","E"],"character_chosen":"IRONCLAD","items_purchased":[],"campfire_rested":1,"item_purchase_floors":[],"current_hp_per_floor":[74,73,62,36,39,10,34,31,31,51,32,32,13,13,13,8,64,44,35,35,45,36,36,0],"gold":417,"neow_bonus":"TEN_PERCENT_HP_BONUS","is_prod":false,"is_daily":false,"chose_seed":false,"campfire_upgraded":3,"win_rate":0,"timestamp":1544721358,"path_taken":["M","?","?","?","M","E","R","M","T","?","E","R","E","?","R","BOSS","M","M","?","?","M","R","E"],"build_version":"2018-12-06","purchased_purges":0,"victory":false,"max_hp_per_floor":[82,82,82,82,82,82,82,82,82,82,82,82,82,82,82,82,82,82,82,82,92,92,92,92],"card_choices":[{"not_picked":["Entrench","Flex"],"picked":"Anger","floor":1},{"not_picked":["Flex","Wild Strike"],"picked":"Pommel Strike","floor":2},{"not_picked":["Wild Strike","Dropkick","Combust"],"picked":"SKIP","floor":5},{"not_picked":["Iron Wave","Disarm"],"picked":"Demon Form","floor":6},{"not_picked":["Cleave","Iron Wave"],"picked":"Ghostly Armor","floor":8},{"not_picked":["Barricade","Flex"],"picked":"Thunderclap","floor":11},{"not_picked":["Flex","Clothesline","Combust"],"picked":"SKIP","floor":13},{"not_picked":["Exhume","Juggernaut"],"picked":"Offering","floor":16},{"not_picked":["Inflame","Iron Wave"],"picked":"Battle Trance","floor":18},{"not_picked":["True Grit","Wild Strike"],"picked":"Whirlwind","floor":19},{"not_picked":["Clothesline","Sword Boomerang"],"picked":"Battle Trance","floor":22}],"player_experience":788295,"relics_obtained":[{"floor":6,"key":"Bag of Preparation"},{"floor":11,"key":"Incense Burner"},{"floor":13,"key":"Gremlin Horn"},{"floor":21,"key":"Pear"}],"event_choices":[{"damage_healed":0,"gold_gain":75,"player_choice":"Gather Gold","damage_taken":11,"max_hp_gain":0,"max_hp_loss":0,"event_name":"World of Goop","floor":3,"gold_loss":0},{"damage_healed":0,"gold_gain":0,"player_choice":"Success","damage_taken":26,"relics_obtained":["PreservedInsect"],"max_hp_gain":0,"max_hp_loss":0,"event_name":"Scrap Ooze","floor":4,"gold_loss":0},{"damage_healed":20,"gold_gain":0,"player_choice":"Healed","damage_taken":0,"max_hp_gain":0,"max_hp_loss":0,"event_name":"The Cleric","floor":10,"gold_loss":35},{"damage_healed":0,"gold_gain":0,"player_choice":"Ignored","damage_taken":0,"max_hp_gain":0,"max_hp_loss":0,"event_name":"Liars Game","floor":14,"gold_loss":0},{"damage_healed":0,"gold_gain":0,"player_choice":"Obtained Relic","damage_taken":0,"relics_obtained":["Pen Nib"],"max_hp_gain":0,"max_hp_loss":0,"event_name":"Addict","floor":20,"gold_loss":85}],"is_beta":false,"boss_relics":[{"not_picked":["Orrery","Snecko Eye"],"picked":"Velvet Choker"}],"items_purged_floors":[],"is_endless":false,"potions_floor_spawned":[1,6,13,18],"killed_by":"Book of Stabbing","ascension_level":20}