{"gold_per_floor":[118,4,4,4,14,14,25,58,58,58,78,92,105,105],"floor_reached":14,"playtime":514,"items_purged":["Shame"],"score":110,"play_id":"4c852a19-8cad-4711-92f5-903f77287890","local_time":"20181019114110","is_ascension_mode":true,"campfire_choices":[{"floor":6,"key":"DIG"}],"neow_cost":"NONE","seed_source_timestamp":185214408561947,"circlet_count":0,"master_deck":["Strike_B","Strike_B","Strike_B","Strike_B","Defend_B","Defend_B","Defend_B","Defend_B","Zap","Dualcast","Regret","Gash","Self Repair","Regret","Conserve Battery+1","Amplify+1","Chill+1","Streamline+1","Hologram+1"],"relics":["Calling Bell","Bronze Scales","Toxic Egg 2","Shovel","FossilizedHelix","StoneCalendar","Pen Nib","Question Card","Molten Egg 2"],"potions_floor_usage":[8],"damage_taken":[{"damage":14,"enemies":"Small Slimes","floor":1,"turns":4},{"damage":0,"enemies":"2 Louse","floor":5,"turns":2},{"damage":14,"enemies":"Jaw Worm","floor":7,"turns":3},{"damage":48,"enemies":"Gremlin Nob","floor":8,"turns":5},{"damage":13,"enemies":"3 Louse","floor":11,"turns":3},{"damage":4,"enemies":"Looter","floor":12,"turns":4},{"damage":14,"enemies":"Large Slime","floor":13,"turns":7},{"damage":12,"enemies":"Red Slaver","floor":14,"turns":1}],"seed_played":"6504785528642262956","potions_obtained":[{"floor":1,"key":"SkillPotion"},{"floor":7,"key":"Ancient Potion"},{"floor":11,"key":"Poison Potion"},{"floor":13,"key":"FearPotion"}],"is_trial":false,"path_per_floor":["M","$","?","T","M","R","M","E","T","?","M","M","M"],"character_chosen":"DEFECT","items_purchased":["Self Repair"],"campfire_rested":0,"item_purchase_floors":[2],"current_hp_per_floor":[61,61,61,61,68,68,61,20,20,20,14,17,10,0],"gold":105,"neow_bonus":"BOSS_RELIC","is_prod":false,"is_daily":false,"chose_seed":false,"campfire_upgraded":0,"win_rate":0,"timestamp":1539911470,"path_taken":["M","$","?","?","M","R","M","E","T","?","M","?","M","M"],"build_version":"2018-10-18","purchased_purges":1,"victory":false,"max_hp_per_floor":[75,75,75,75,75,75,75,75,75,75,75,75,75,75],"card_choices":[{"not_picked":["Leap+1","Chaos+1"],"picked":"Gash","floor":1},{"not_picked":["Compile Driver","Defragment"],"picked":"Conserve Battery+1","floor":5},{"not_picked":["Compile Driver","Barrage","Doom and Gloom"],"picked":"SKIP","floor":7},{"not_picked":["Rip and Tear","Loop"],"picked":"Amplify+1","floor":8},{"not_picked":["Barrage+1","Aggregate+1","Rebound+1"],"picked":"Chill+1","floor":11},{"not_picked":["Rebound+1","Blizzard+1","Conserve Battery+1"],"picked":"Streamline+1","floor":12},{"not_picked":["Rebound+1","Chaos+1","Doom and Gloom+1"],"picked":"Hologram+1","floor":13}],"player_experience":311798,"relics_obtained":[{"floor":0,"key":"Bronze Scales"},{"floor":0,"key":"Toxic Egg 2"},{"floor":0,"key":"Shovel"},{"floor":4,"key":"StoneCalendar"},{"floor":6,"key":"Pen Nib"},{"floor":8,"key":"Question Card"},{"floor":9,"key":"Molten Egg 2"}],"event_choices":[{"damage_healed":0,"gold_gain":0,"player_choice":"Box","damage_taken":0,"relics_obtained":["FossilizedHelix"],"max_hp_gain":0,"max_hp_loss":0,"event_name":"Big Fish","floor":3,"gold_loss":0,"cards_obtained":["Regret"]},{"cards_removed":["Doubt"],"damage_healed":0,"gold_gain":0,"player_choice":"Forget","damage_taken":0,"max_hp_gain":0,"max_hp_loss":0,"event_name":"Living Wall","floor":10,"gold_loss":0}],"is_beta":false,"boss_relics":[],"items_purged_floors":[2],"is_endless":false,"potions_floor_spawned":[1,7,11,13],"killed_by":"Red Slaver","ascension_level":4}