{"gold_per_floor":[117,117,49,65,65,92,92,139,165,180,211,3,13,23,23,123,123,137,137,137,154,169,199,199,216,216,246,246,246,265,277,277,377,377,387,402,327,343,353,353,353,353,353,370,370,370,390,51,51,51],"floor_reached":50,"playtime":2440,"items_purged":["Feed+1","Strike_R"],"score":599,"play_id":"6a409aa7-e7da-4525-869a-5162dcd90ecc","local_time":"20180924194144","is_ascension_mode":true,"campfire_choices":[{"data":"True Grit","floor":7,"key":"SMITH"},{"data":"Battle Trance","floor":15,"key":"SMITH"},{"data":"Rampage","floor":24,"key":"SMITH"},{"floor":29,"key":"REST"},{"data":"RitualDagger","floor":32,"key":"SMITH"},{"data":"Bash","floor":40,"key":"SMITH"},{"data":"Dark Embrace","floor":42,"key":"SMITH"},{"data":"Madness","floor":46,"key":"SMITH"},{"data":"Madness","floor":49,"key":"SMITH"}],"neow_cost":"NONE","seed_source_timestamp":955175586876920,"circlet_count":0,"master_deck":["Strike_R","Strike_R+1","Strike_R+1","Defend_R+1","Defend_R+1","Defend_R","Bash+1","True Grit+1","Rampage+1","True Grit+1","Battle Trance+1","RitualDagger+1","Dark Embrace+1","Madness+1","Madness+1"],"relics":["Burning Blood","NeowsBlessing","Whetstone","Ancient Tea Set","Centennial Puzzle","Vajra","DollysMirror","Busted Crown","Bronze Scales","War Paint","Red Mask","Coffee Dripper","Unceasing Top","Shuriken"],"potions_floor_usage":[11,16,16,23,25,30,31,33,33,39],"damage_taken":[{"damage":0,"enemies":"Small Slimes","floor":1,"turns":1},{"damage":0,"enemies":"Cultist","floor":4,"turns":1},{"damage":0,"enemies":"Gremlin Nob","floor":6,"turns":1},{"damage":12,"enemies":"Jaw Worm","floor":10,"turns":3},{"damage":42,"enemies":"Lagavulin","floor":11,"turns":6},{"damage":4,"enemies":"Red Slaver","floor":13,"turns":3},{"damage":8,"enemies":"Blue Slaver","floor":14,"turns":4},{"damage":37,"enemies":"The Guardian","floor":16,"turns":7},{"damage":7,"enemies":"Chosen","floor":18,"turns":4},{"damage":18,"enemies":"Spheric Guardian","floor":21,"turns":5},{"damage":24,"enemies":"Shelled Parasite and Fungi","floor":22,"turns":5},{"damage":51,"enemies":"Book of Stabbing","floor":23,"turns":6},{"damage":13,"enemies":"Centurion and Healer","floor":25,"turns":5},{"damage":9,"enemies":"Masked Bandits","floor":27,"turns":5},{"damage":15,"enemies":"Chosen and Byrds","floor":30,"turns":5},{"damage":1,"enemies":"Snecko","floor":31,"turns":3},{"damage":21,"enemies":"Champ","floor":33,"turns":7},{"damage":6,"enemies":"3 Darklings","floor":35,"turns":5},{"damage":13,"enemies":"Orb Walker","floor":36,"turns":3},{"damage":21,"enemies":"3 Darklings","floor":38,"turns":5},{"damage":30,"enemies":"Maw","floor":39,"turns":6},{"damage":16,"enemies":"Sphere and 2 Shapes","floor":44,"turns":5},{"damage":0,"enemies":"Spire Growth","floor":47,"turns":3},{"damage":98,"enemies":"Time Eater","floor":50,"turns":8}],"seed_played":"7390085824099976997","potions_obtained":[{"floor":4,"key":"FearPotion"},{"floor":10,"key":"AttackPotion"},{"floor":11,"key":"PowerPotion"},{"floor":13,"key":"SteroidPotion"},{"floor":18,"key":"Poison Potion"},{"floor":23,"key":"BloodPotion"},{"floor":25,"key":"FearPotion"},{"floor":28,"key":"SkillPotion"},{"floor":28,"key":"GamblersBrew"},{"floor":31,"key":"BloodPotion"},{"floor":35,"key":"Block Potion"},{"floor":47,"key":"GamblersBrew"}],"is_trial":false,"path_per_floor":["M","?","$","M","?","E","R","T","T","M","E","$","M","M","R","B",null,"M","?","?","M","M","E","R","M","T","?","?","R","M","M","R","B",null,"M","M","$","M","M","R","?","R","T","M","?","R","M","$","R"],"character_chosen":"IRONCLAD","items_purchased":["Feed","DollysMirror","Shuriken"],"campfire_rested":1,"item_purchase_floors":[3,12,48],"current_hp_per_floor":[80,80,80,80,80,84,84,84,84,78,42,42,48,50,50,19,92,91,91,85,73,59,14,14,16,16,17,17,47,42,47,47,42,104,104,97,97,82,58,58,104,104,104,94,81,81,87,87,87,0],"gold":51,"neow_bonus":"THREE_ENEMY_KILL","is_prod":false,"is_daily":false,"chose_seed":false,"campfire_upgraded":8,"win_rate":0,"timestamp":1537783904,"path_taken":["M","?","$","?","?","E","R","?","T","M","E","$","M","M","R","BOSS","M","?","?","?","M","E","R","M","T","?","?","R","M","?","R","BOSS","M","?","$","M","M","R","?","R","T","?","?","R","M","$","R","BOSS"],"build_version":"2018-09-20","purchased_purges":2,"victory":false,"max_hp_per_floor":[80,80,80,80,80,84,84,84,84,84,84,84,88,92,92,92,92,92,92,92,92,96,96,96,96,96,100,100,100,104,104,104,104,104,104,104,104,104,104,104,104,104,104,104,104,104,104,104,104,104],"card_choices":[{"not_picked":["Armaments","Second Wind"],"picked":"True Grit","floor":1},{"not_picked":["Second Wind","Flame Barrier"],"picked":"Rampage","floor":4},{"not_picked":["Carnage","Rage","Searing Blow"],"picked":"SKIP","floor":6},{"not_picked":["Body Slam","Infernal Blade","Armaments"],"picked":"SKIP","floor":10},{"not_picked":["Sword Boomerang","Berserk","Thunderclap"],"picked":"SKIP","floor":11},{"not_picked":["Rupture","Armaments","Headbutt"],"picked":"SKIP","floor":13},{"not_picked":["Headbutt","Spot Weakness"],"picked":"Battle Trance","floor":14},{"not_picked":["Anger"],"picked":"SKIP","floor":18},{"not_picked":["Iron Wave"],"picked":"SKIP","floor":21},{"not_picked":["Clash"],"picked":"SKIP","floor":22},{"not_picked":["Hemokinesis+1"],"picked":"SKIP","floor":23},{"not_picked":["Armaments"],"picked":"SKIP","floor":25},{"not_picked":["Body Slam"],"picked":"SKIP","floor":30},{"not_picked":["Body Slam"],"picked":"SKIP","floor":31},{"not_picked":[],"picked":"Dark Embrace","floor":33},{"not_picked":["Sword Boomerang+1"],"picked":"SKIP","floor":35},{"not_picked":["Flex"],"picked":"SKIP","floor":36},{"not_picked":["Twin Strike"],"picked":"SKIP","floor":38},{"not_picked":["Warcry+1"],"picked":"SKIP","floor":39},{"not_picked":["Dropkick+1"],"picked":"SKIP","floor":44},{"not_picked":["Headbutt+1"],"picked":"SKIP","floor":47}],"player_experience":208529,"relics_obtained":[{"floor":6,"key":"Whetstone"},{"floor":8,"key":"Ancient Tea Set"},{"floor":9,"key":"Centennial Puzzle"},{"floor":11,"key":"Vajra"},{"floor":23,"key":"Bronze Scales"},{"floor":26,"key":"War Paint"},{"floor":27,"key":"Red Mask"},{"floor":43,"key":"Unceasing Top"}],"event_choices":[{"event_name":"Purifier","player_choice":"One Purge","floor":2,"damage_taken":0},{"event_name":"Upgrade Shrine","player_choice":"Upgraded","floor":5,"damage_taken":0},{"event_name":"Back to Basics","player_choice":"Elegance","floor":19,"damage_taken":0},{"event_name":"Nest","player_choice":"Joined the Cult","floor":20,"damage_taken":0},{"event_name":"Masked Bandits","player_choice":"Fought Bandits","floor":27,"damage_taken":0},{"event_name":"The Lab","player_choice":"Got Potions","floor":28,"damage_taken":0},{"event_name":"Wheel of Change","player_choice":"Full Heal","floor":41,"damage_taken":0},{"event_name":"Winding Halls","player_choice":"Embrace Madness","floor":45,"damage_taken":0}],"is_beta":false,"boss_relics":[{"not_picked":["Snecko Eye","Cursed Key"],"picked":"Busted Crown"},{"not_picked":["Calling Bell","Tiny House"],"picked":"Coffee Dripper"}],"items_purged_floors":[37,48],"is_endless":false,"potions_floor_spawned":[4,10,11,13,18,23,25,31,35,47],"killed_by":"Time Eater","ascension_level":3}