{"gold_per_floor":[119,130,130,144,162,188,207,207,207,207,235,249,249,264,264,359,359,372,372,297,62,72,103,103,118,141,170,170,186,204,234,234,339,339,349,148,148,148,164,164,164,164,164,164,179,1,18,18,18,18],"floor_reached":51,"playtime":4569,"items_purged":["Defend_B","Defend_B"],"score":779,"play_id":"f12d93f0-b478-4ec6-9e31-25a44160f829","local_time":"20180910221625","is_ascension_mode":true,"campfire_choices":[{"data":"Zap","floor":8,"key":"SMITH"},{"floor":10,"key":"REST"},{"data":"Dualcast","floor":15,"key":"SMITH"},{"data":"Machine Learning","floor":24,"key":"SMITH"},{"floor":28,"key":"REST"},{"data":"Go for the Eyes","floor":32,"key":"SMITH"},{"data":"Echo Form","floor":40,"key":"SMITH"},{"data":"Blizzard","floor":42,"key":"SMITH"},{"data":"Hologram","floor":49,"key":"SMITH"}],"neow_cost":"","seed_source_timestamp":10579101935895,"circlet_count":0,"master_deck":["Strike_B","Strike_B","Strike_B","Defend_B","Zap+1","Dualcast+1","Machine Learning+1","Hologram+1","Cold Snap","Leap","Leap","Defragment","Echo Form+1","Cold Snap","Self Repair","Ball Lightning","Chill+1","Auto Shields","Cold Snap+1","Go for the Eyes+1","Biased Cognition","Blizzard+1","Conserve Battery","Compile Driver+1","Seek+1","Madness+1","Madness+1","Stack+1"],"relics":["Cracked Core","Juzu Bracelet","Anchor","Vajra","Velvet Choker","Dodecahedron","OrangePellets","Darkstone Periapt","Happy Flower","Red Mask","Tiny Chest","Snecko Eye","Toxic Egg 2","WingedGreaves","Bottled Flame"],"potions_floor_usage":[6,16,16,16,33,33,45,50,50,50],"damage_taken":[{"damage":4,"enemies":"Small Slimes","floor":1,"turns":3},{"damage":7,"enemies":"Jaw Worm","floor":2,"turns":3},{"damage":0,"enemies":"Cultist","floor":4,"turns":3},{"damage":5,"enemies":"Red Slaver","floor":5,"turns":4},{"damage":21,"enemies":"Gremlin Nob","floor":6,"turns":5},{"damage":0,"enemies":"2 Fungi Beasts","floor":7,"turns":4},{"damage":20,"enemies":"Lagavulin","floor":11,"turns":9},{"damage":0,"enemies":"Exordium Wildlife","floor":12,"turns":2},{"damage":0,"enemies":"Looter","floor":14,"turns":3},{"damage":27,"enemies":"Hexaghost","floor":16,"turns":11},{"damage":6,"enemies":"Chosen","floor":18,"turns":8},{"damage":7,"enemies":"3 Byrds","floor":22,"turns":6},{"damage":35,"enemies":"Slavers","floor":23,"turns":8},{"damage":15,"enemies":"Snake Plant","floor":25,"turns":6},{"damage":30,"enemies":"Masked Bandits","floor":27,"turns":5},{"damage":13,"enemies":"Centurion and Healer","floor":29,"turns":7},{"damage":7,"enemies":"Chosen and Byrds","floor":30,"turns":6},{"damage":56,"enemies":"Automaton","floor":33,"turns":13},{"damage":0,"enemies":"Orb Walker","floor":35,"turns":4},{"damage":0,"enemies":"Mind Bloom Boss Battle","floor":38,"turns":5},{"damage":0,"enemies":"3 Darklings","floor":39,"turns":5},{"damage":0,"enemies":"Maw","floor":45,"turns":8},{"damage":9,"enemies":"Spire Growth","floor":47,"turns":5},{"damage":0,"enemies":"Donu and Deca","floor":50,"turns":7}],"seed_played":"-3530102764069625544","potions_obtained":[{"floor":5,"key":"Block Potion"},{"floor":7,"key":"SteroidPotion"},{"floor":12,"key":"SteroidPotion"},{"floor":14,"key":"AttackPotion"},{"floor":22,"key":"FearPotion"},{"floor":27,"key":"SteroidPotion"},{"floor":29,"key":"GamblersBrew"},{"floor":30,"key":"FocusPotion"},{"floor":33,"key":"Fruit Juice"},{"floor":35,"key":"SkillPotion"},{"floor":45,"key":"SkillPotion"}],"is_trial":false,"path_per_floor":["M","M","?","M","M","E","M","R","T","R","E","M","?","M","R","B",null,"M","?","?","$","M","E","R","M","T","?","R","M","M","?","R","B",null,"M","$","T","?","M","R","?","R","T","?","M","$","M","?","R","B"],"character_chosen":"DEFECT","items_purchased":["Self Repair","OrangePellets","Blizzard","Conserve Battery","FocusPotion"],"campfire_rested":2,"item_purchase_floors":[21,21,36,36,46],"current_hp_per_floor":[71,64,69,69,64,43,43,43,43,67,47,47,47,47,47,20,80,74,74,74,74,74,53,53,52,52,36,60,61,68,68,68,19,80,80,80,80,80,80,80,80,80,80,70,82,82,85,85,85,85],"gold":18,"neow_bonus":"","is_prod":false,"is_daily":false,"chose_seed":false,"campfire_upgraded":7,"win_rate":0,"timestamp":1536642985,"path_taken":["M","M","?","M","M","E","M","R","T","R","E","M","?","M","R","BOSS","M","?","?","$","M","E","R","M","T","?","R","M","M","?","R","BOSS","M","$","?","?","M","R","?","R","T","?","M","$","M","?","R","BOSS"],"build_version":"2018-09-06","purchased_purges":2,"victory":true,"max_hp_per_floor":[75,75,80,80,80,80,80,80,80,80,80,80,80,80,80,80,80,80,80,80,80,80,80,80,80,80,80,80,80,80,80,80,80,80,80,80,80,80,80,80,80,80,80,80,85,85,85,85,85,85],"card_choices":[{"not_picked":["Sweeping Beam","Coolheaded"],"picked":"Leap","floor":1},{"not_picked":["BootSequence","Steam Power"],"picked":"Machine Learning","floor":2},{"not_picked":["Streamline","Darkness"],"picked":"Hologram","floor":4},{"not_picked":["Go for the Eyes","Coolheaded"],"picked":"Cold Snap","floor":5},{"not_picked":["Stack","Barrage"],"picked":"Leap","floor":6},{"not_picked":["Rebound","Aggregate","Doom and Gloom"],"picked":"SKIP","floor":7},{"not_picked":["Steam","Gash"],"picked":"Leap","floor":11},{"not_picked":["Sweeping Beam","Redo","Amplify"],"picked":"SKIP","floor":12},{"not_picked":["Gash","Turbo"],"picked":"Defragment","floor":14},{"not_picked":["Multi-Cast","Seek"],"picked":"Echo Form","floor":16},{"not_picked":["Turbo+1","Gash"],"picked":"Cold Snap","floor":18},{"not_picked":["Streamline+1","Reprogram+1"],"picked":"Ball Lightning","floor":22},{"not_picked":["Sweeping Beam","Rebound"],"picked":"Chill+1","floor":23},{"not_picked":["Coolheaded","Gash"],"picked":"Auto Shields","floor":25},{"not_picked":["Defragment","Blizzard"],"picked":"Cold Snap+1","floor":27},{"not_picked":["Leap","Aggregate"],"picked":"Go for the Eyes","floor":29},{"not_picked":["Steam","Barrage","Heatsinks"],"picked":"SKIP","floor":30},{"not_picked":["Reboot","Multi-Cast"],"picked":"Biased Cognition","floor":33},{"not_picked":["Melter+1","Stack","Skim+1"],"picked":"SKIP","floor":35},{"not_picked":["White Noise+1","Redo+1"],"picked":"Compile Driver+1","floor":39},{"not_picked":["Gash","Blizzard+1"],"picked":"Stack+1","floor":45},{"not_picked":["Fission+1","Blizzard","Turbo+1"],"picked":"SKIP","floor":47}],"player_experience":355768,"relics_obtained":[{"floor":6,"key":"Juzu Bracelet"},{"floor":9,"key":"Anchor"},{"floor":11,"key":"Vajra"},{"floor":23,"key":"Darkstone Periapt"},{"floor":26,"key":"Happy Flower"},{"floor":27,"key":"Red Mask"},{"floor":37,"key":"Toxic Egg 2"},{"floor":38,"key":"WingedGreaves"},{"floor":43,"key":"Bottled Flame"}],"event_choices":[{"event_name":"Big Fish","player_choice":"Donut","floor":3,"damage_taken":0},{"event_name":"Purifier","player_choice":"One Purge","floor":13,"damage_taken":0},{"event_name":"The Mausoleum","player_choice":"Yes","floor":19,"damage_taken":0},{"event_name":"Beggar","player_choice":"Gave Gold","floor":20,"damage_taken":0},{"event_name":"Masked Bandits","player_choice":"Fought Bandits","floor":27,"damage_taken":0},{"event_name":"WeMeetAgain","player_choice":"Potion","floor":31,"damage_taken":0},{"event_name":"MindBloom","player_choice":"Fight","floor":38,"damage_taken":0},{"event_name":"Transmorgrifier","player_choice":"Transform","floor":41,"damage_taken":0},{"event_name":"Winding Halls","player_choice":"Embrace Madness","floor":44,"damage_taken":0},{"event_name":"Falling","player_choice":"Removed Skill","floor":48,"damage_taken":0}],"is_beta":false,"boss_relics":[{"not_picked":["Eternal Feather","FrozenCore"],"picked":"Velvet Choker"},{"not_picked":["Astrolabe","Philosopher\u0027s Stone"],"picked":"Snecko Eye"}],"items_purged_floors":[36,46],"is_endless":false,"potions_floor_spawned":[5,7,12,14,22,27,29,30,33,35,45],"ascension_level":3}