{"gold_per_floor":[114,114,132,214,214,214,250,250,250,263,282,313,313,313],"floor_reached":14,"playtime":646,"items_purged":[],"score":113,"play_id":"150edb73-be47-4138-90b7-b36dd37e615a","local_time":"20180909150650","is_ascension_mode":true,"campfire_choices":[{"data":"Go for the Eyes","floor":6,"key":"SMITH"},{"floor":8,"key":"REST"}],"neow_cost":"NONE","seed_source_timestamp":2150430494041575,"circlet_count":0,"master_deck":["Strike_B","Strike_B","Defend_B","Defend_B","Defend_B","Defend_B","Zap","Dualcast","Go for the Eyes+1","Sweeping Beam","Genetic Algorithm+1","Leap+1","Defragment","Loop"],"relics":["Cracked Core","Golden Idol","Toxic Egg 2","Bag of Marbles","Symbiotic Virus","Lantern"],"potions_floor_usage":[],"damage_taken":[{"damage":2,"enemies":"Jaw Worm","floor":1,"turns":3},{"damage":0,"enemies":"2 Louse","floor":3,"turns":2},{"damage":20,"enemies":"3 Sentries","floor":7,"turns":7},{"damage":0,"enemies":"Small Slimes","floor":10,"turns":2},{"damage":5,"enemies":"3 Louse","floor":11,"turns":3},{"damage":23,"enemies":"Gremlin Nob","floor":12,"turns":4},{"damage":27,"enemies":"3 Sentries","floor":14,"turns":4}],"seed_played":"-3281996831053591253","potions_obtained":[{"floor":1,"key":"Ancient Potion"},{"floor":3,"key":"Ancient Potion"}],"is_trial":false,"path_per_floor":["M","?","M","T","?","R","E","R","T","M","M","E","?"],"character_chosen":"DEFECT","items_purchased":[],"campfire_rested":1,"item_purchase_floors":[],"current_hp_per_floor":[73,55,55,55,48,48,28,50,50,50,45,22,27,0],"gold":313,"neow_bonus":"REMOVE_CARD","is_prod":false,"is_daily":false,"chose_seed":false,"campfire_upgraded":1,"win_rate":0,"timestamp":1536530810,"path_taken":["M","?","M","?","?","R","E","R","T","?","M","E","?","E"],"build_version":"2018-09-06","purchased_purges":0,"victory":false,"max_hp_per_floor":[75,75,75,75,75,75,75,75,75,75,75,75,80,80],"card_choices":[{"not_picked":["Auto Shields","Hologram"],"picked":"Go for the Eyes","floor":1},{"not_picked":["Barrage","Chill"],"picked":"Sweeping Beam","floor":3},{"not_picked":["Hologram+1","Doom and Gloom"],"picked":"Genetic Algorithm+1","floor":7},{"not_picked":["Beam Cell","Sweeping Beam"],"picked":"Leap+1","floor":10},{"not_picked":["Leap+1","Beam Cell"],"picked":"Defragment","floor":11},{"not_picked":["Scrape","Streamline"],"picked":"Loop","floor":12}],"player_experience":335585,"relics_obtained":[{"floor":4,"key":"Toxic Egg 2"},{"floor":7,"key":"Bag of Marbles"},{"floor":9,"key":"Symbiotic Virus"},{"floor":12,"key":"Lantern"}],"event_choices":[{"event_name":"Golden Idol","player_choice":"Take Damage","floor":2,"damage_taken":0},{"event_name":"Golden Wing","player_choice":"Card Removal","floor":5,"damage_taken":0},{"event_name":"Big Fish","player_choice":"Donut","floor":13,"damage_taken":0}],"is_beta":false,"boss_relics":[],"items_purged_floors":[],"is_endless":false,"potions_floor_spawned":[1,3],"killed_by":"3 Sentries","ascension_level":3}