{"gold_per_floor":[117,135,151,101,101,101,128,128,428,428,56,70,70],"floor_reached":13,"playtime":514,"items_purged":["Strike_G"],"score":104,"play_id":"faac56c6-2fdf-43d1-9124-75870d9b60d5","local_time":"20181118101031","is_ascension_mode":true,"campfire_choices":[{"data":"Poisoned Stab","floor":6,"key":"SMITH"},{"data":"After Image","floor":8,"key":"SMITH"}],"neow_cost":"NONE","seed_source_timestamp":73378161271286,"circlet_count":0,"master_deck":["Defend_G","Defend_G","Defend_G+1","Defend_G+1","Strike_G+1","Strike_G","Strike_G+1","Survivor","Neutralize","Poisoned Stab+1","PiercingWail","Crippling Poison","After Image+1","Eviscerate","Dagger Throw"],"relics":["Ring of the Snake","StoneCalendar","Old Coin","PreservedInsect","Whetstone"],"potions_floor_usage":[],"damage_taken":[{"damage":0,"enemies":"Cultist","floor":1,"turns":4},{"damage":0,"enemies":"Small Slimes","floor":2,"turns":3},{"damage":3,"enemies":"2 Louse","floor":3,"turns":3},{"damage":40,"enemies":"3 Sentries","floor":7,"turns":11},{"damage":0,"enemies":"2 Fungi Beasts","floor":12,"turns":5},{"damage":20,"enemies":"Gremlin Nob","floor":13,"turns":3}],"seed_played":"-4196639533214490466","potions_obtained":[{"floor":3,"key":"FearPotion"},{"floor":12,"key":"SpeedPotion"}],"is_trial":false,"path_per_floor":["M","M","M","?","?","R","E","R","T","?","$","M","E"],"character_chosen":"THE_SILENT","items_purchased":["PreservedInsect","Whetstone"],"campfire_rested":0,"item_purchase_floors":[11,11],"current_hp_per_floor":[77,77,74,74,59,59,19,19,19,19,19,19,0],"gold":70,"neow_bonus":"TEN_PERCENT_HP_BONUS","is_prod":false,"is_daily":false,"chose_seed":false,"campfire_upgraded":2,"win_rate":0,"timestamp":1542498031,"path_taken":["M","?","M","?","?","R","E","R","T","?","$","?","E"],"build_version":"2018-11-15","purchased_purges":1,"victory":false,"max_hp_per_floor":[77,77,77,77,77,77,77,77,77,77,77,77,77],"card_choices":[{"not_picked":["Cloak And Dagger","Outmaneuver"],"picked":"Poisoned Stab","floor":1},{"not_picked":["Backflip","Night Terror"],"picked":"PiercingWail","floor":2},{"not_picked":["Expertise","Concentrate"],"picked":"Crippling Poison","floor":3},{"not_picked":["Calculated Gamble","Cloak And Dagger"],"picked":"After Image","floor":7},{"not_picked":["Caltrops","Dagger Spray"],"picked":"Dagger Throw","floor":12}],"player_experience":404720,"relics_obtained":[{"floor":7,"key":"StoneCalendar"},{"floor":9,"key":"Old Coin"}],"event_choices":[{"cards_removed":["Strike_G"],"damage_healed":0,"gold_gain":0,"player_choice":"Card Removal","damage_taken":0,"max_hp_gain":0,"max_hp_loss":0,"event_name":"The Cleric","floor":4,"gold_loss":50},{"damage_healed":0,"gold_gain":0,"player_choice":"Entered Light","damage_taken":15,"max_hp_gain":0,"max_hp_loss":0,"event_name":"Shining Light","floor":5,"gold_loss":0,"cards_upgraded":["Defend_G","Defend_G"]},{"damage_healed":0,"gold_gain":0,"cards_transformed":["Defend_G"],"player_choice":"Transformed","damage_taken":0,"max_hp_gain":0,"max_hp_loss":0,"event_name":"Transmorgrifier","floor":10,"gold_loss":0,"cards_obtained":["Eviscerate"]}],"is_beta":false,"boss_relics":[],"items_purged_floors":[11],"is_endless":false,"potions_floor_spawned":[3,12],"killed_by":"Gremlin Nob","ascension_level":5}