{"gold_per_floor":[111,36,36,47,59,59,71,71,71,71,86,86,86,104,104,230,230,249,249,249,262,283,283,283,304,328,84,84,98,176,196,196,321,321,344,444,465,479,495,495,249,249,299,364,364,220,240,290,290,290],"floor_reached":51,"playtime":1979,"items_purged":["Strike_R","Berserk"],"score":666,"play_id":"df5524c2-0285-4edb-945d-46b5d145e67a","local_time":"20181122163317","is_ascension_mode":false,"campfire_choices":[{"data":"Juggernaut","floor":6,"key":"SMITH"},{"data":"Armaments","floor":8,"key":"SMITH"},{"data":"Bash","floor":15,"key":"SMITH"},{"floor":23,"key":"REST"},{"floor":28,"key":"REST"},{"floor":32,"key":"REST"},{"floor":40,"key":"REST"},{"floor":45,"key":"REST"},{"data":"Intimidate","floor":49,"key":"SMITH"}],"neow_cost":"NONE","seed_source_timestamp":72069798819627,"circlet_count":0,"master_deck":["Defend_R","Defend_R","Defend_R","Defend_R","Bash+1","Juggernaut+1","Armaments+1","Thunderclap+1","Warcry","Ghostly Armor","Feed+1","Exhume+1","Rupture+1","Body Slam+1","Barricade+1","Finesse","Intimidate+1","Iron Wave","Shrug It Off+1","Battle Trance+1","Iron Wave+1"],"relics":["Burning Blood","Bottled Tornado","Mercury Hourglass","Golden Idol","Astrolabe","Whetstone","Bronze Scales","Darkstone Periapt","Sozu","Ancient Tea Set","SsserpentHead","Omamori","Lantern"],"potions_floor_usage":[37,50,50],"damage_taken":[{"damage":10,"enemies":"Small Slimes","floor":1,"turns":4},{"damage":6,"enemies":"Jaw Worm","floor":4,"turns":4},{"damage":1,"enemies":"Cultist","floor":5,"turns":4},{"damage":2,"enemies":"Blue Slaver","floor":7,"turns":5},{"damage":10,"enemies":"3 Louse","floor":11,"turns":3},{"damage":1,"enemies":"2 Fungi Beasts","floor":14,"turns":3},{"damage":25,"enemies":"The Guardian","floor":16,"turns":11},{"damage":22,"enemies":"2 Thieves","floor":18,"turns":4},{"damage":19,"enemies":"3 Byrds","floor":21,"turns":3},{"damage":33,"enemies":"Snecko","floor":22,"turns":7},{"damage":33,"enemies":"Chosen and Byrds","floor":25,"turns":7},{"damage":10,"enemies":"Sentry and Sphere","floor":29,"turns":4},{"damage":15,"enemies":"Centurion and Healer","floor":31,"turns":6},{"damage":11,"enemies":"Champ","floor":33,"turns":11},{"damage":54,"enemies":"3 Darklings","floor":35,"turns":5},{"damage":18,"enemies":"Orb Walker","floor":37,"turns":4},{"damage":23,"enemies":"3 Darklings","floor":38,"turns":5},{"damage":8,"enemies":"Maw","floor":39,"turns":7},{"damage":2,"enemies":"Spire Growth","floor":44,"turns":4},{"damage":0,"enemies":"Sphere and 2 Shapes","floor":47,"turns":4},{"damage":39,"enemies":"Time Eater","floor":50,"turns":11}],"seed_played":"-137916761893634663","potions_obtained":[{"floor":5,"key":"GamblersBrew"},{"floor":7,"key":"Strength Potion"},{"floor":11,"key":"SteroidPotion"},{"floor":18,"key":"FearPotion"},{"floor":22,"key":"Dexterity Potion"},{"floor":31,"key":"BloodPotion"}],"is_trial":false,"path_per_floor":["M","$","?","M","M","R","M","R","T","T","M","?","?","M","R","B",null,"M","?","?","M","M","R","?","M","T","$","R","M","T","M","R","B",null,"M","?","M","M","M","R","$","?","T","M","R","$","M","?","R","B",null],"character_chosen":"IRONCLAD","items_purchased":["Finesse","Bronze Scales","Ancient Tea Set","Lantern"],"campfire_rested":5,"item_purchase_floors":[27,27,41,46],"current_hp_per_floor":[76,76,69,69,74,74,78,78,78,78,74,54,54,59,59,40,80,64,64,64,51,24,48,48,25,25,25,50,46,46,37,62,57,84,36,36,36,19,17,43,43,43,43,47,73,73,83,83,83,50],"gold":290,"neow_bonus":"ONE_RANDOM_RARE_CARD","is_prod":false,"is_daily":false,"chose_seed":false,"campfire_upgraded":4,"win_rate":0,"timestamp":1542871997,"path_taken":["M","$","?","M","M","R","M","R","T","?","?","?","?","?","R","BOSS","M","?","?","M","M","R","?","?","T","?","R","M","?","M","R","BOSS","M","?","?","M","M","R","$","?","T","?","R","$","M","?","R","BOSS"],"build_version":"2018-11-15","purchased_purges":2,"victory":true,"max_hp_per_floor":[80,80,80,80,80,80,80,80,80,80,80,80,80,80,80,80,80,80,80,80,80,80,80,80,84,84,84,84,84,84,84,84,84,84,84,84,88,88,88,88,88,88,88,88,88,88,92,87,87,87],"card_choices":[{"not_picked":["Thunderclap","Dual Wield"],"picked":"Armaments","floor":1},{"not_picked":["True Grit","Wild Strike"],"picked":"Thunderclap","floor":4},{"not_picked":["Twin Strike","Anger","Pommel Strike"],"picked":"SKIP","floor":5},{"not_picked":["Infernal Blade","Dropkick"],"picked":"Warcry","floor":7},{"not_picked":["Clothesline","Thunderclap"],"picked":"Ghostly Armor","floor":11},{"not_picked":["Corruption","Pommel Strike","Spot Weakness"],"picked":"SKIP","floor":14},{"not_picked":["Double Tap","Immolate"],"picked":"Berserk","floor":16},{"not_picked":["Iron Wave","True Grit"],"picked":"Body Slam","floor":18},{"not_picked":["Headbutt","Clothesline","Perfected Strike"],"picked":"SKIP","floor":21},{"not_picked":["Havoc+1","Body Slam"],"picked":"Barricade","floor":22},{"not_picked":["True Grit","Flex","Feel No Pain"],"picked":"SKIP","floor":25},{"not_picked":["Heavy Blade+1","Pommel Strike","True Grit"],"picked":"SKIP","floor":29},{"not_picked":["Havoc","Armaments+1"],"picked":"Intimidate","floor":31},{"not_picked":["Bludgeon","Dark Embrace"],"picked":"Berserk","floor":33},{"not_picked":["Sever Soul+1","Armaments+1"],"picked":"Iron Wave","floor":35},{"not_picked":["Body Slam+1","Uppercut+1"],"picked":"Shrug It Off+1","floor":37},{"not_picked":["True Grit","Twin Strike+1"],"picked":"Battle Trance+1","floor":38},{"not_picked":["Heavy Blade+1","Thunderclap"],"picked":"Iron Wave+1","floor":39},{"not_picked":["Havoc+1","Feed","Sword Boomerang"],"picked":"SKIP","floor":44},{"not_picked":["Flex","Thunderclap+1","Second Wind+1"],"picked":"SKIP","floor":47}],"player_experience":107623,"relics_obtained":[{"floor":9,"key":"Bottled Tornado"},{"floor":10,"key":"Mercury Hourglass"},{"floor":26,"key":"Whetstone"},{"floor":30,"key":"Darkstone Periapt"},{"floor":43,"key":"Omamori"}],"event_choices":[{"cards_removed":["Strike_R"],"damage_healed":0,"gold_gain":0,"player_choice":"Card Removal","damage_taken":7,"max_hp_gain":0,"max_hp_loss":0,"event_name":"Golden Wing","floor":3,"gold_loss":0},{"damage_healed":0,"gold_gain":0,"player_choice":"Take Damage","damage_taken":20,"relics_obtained":["Golden Idol"],"max_hp_gain":0,"max_hp_loss":0,"event_name":"Golden Idol","floor":12,"gold_loss":0},{"cards_removed":["Strike_R"],"damage_healed":0,"gold_gain":0,"player_choice":"Purged","damage_taken":0,"max_hp_gain":0,"max_hp_loss":0,"event_name":"Purifier","floor":13,"gold_loss":0},{"damage_healed":0,"gold_gain":0,"player_choice":"Ignored","damage_taken":0,"max_hp_gain":0,"max_hp_loss":0,"event_name":"Vampires","floor":19,"gold_loss":0},{"damage_healed":0,"gold_gain":0,"player_choice":"Ignored","damage_taken":0,"max_hp_gain":0,"max_hp_loss":0,"event_name":"Ghosts","floor":20,"gold_loss":0},{"damage_healed":0,"gold_gain":0,"player_choice":"Forge","damage_taken":0,"max_hp_gain":0,"max_hp_loss":0,"event_name":"Accursed Blacksmith","floor":24,"gold_loss":0,"cards_upgraded":["Barricade"]},{"damage_healed":0,"gold_gain":100,"player_choice":"Pray","damage_taken":0,"max_hp_gain":0,"max_hp_loss":0,"event_name":"Golden Shrine","floor":36,"gold_loss":0},{"damage_healed":0,"gold_gain":0,"player_choice":"Trade","damage_taken":0,"relics_obtained":["SsserpentHead"],"max_hp_gain":0,"max_hp_loss":0,"event_name":"FaceTrader","floor":42,"gold_loss":0},{"damage_healed":0,"gold_gain":0,"player_choice":"Max HP","damage_taken":0,"max_hp_gain":0,"max_hp_loss":5,"event_name":"Winding Halls","floor":48,"gold_loss":0}],"is_beta":false,"boss_relics":[{"not_picked":["Black Star","Tiny House"],"picked":"Astrolabe"},{"not_picked":["Coffee Dripper","Mark of Pain"],"picked":"Sozu"}],"items_purged_floors":[2,41],"is_endless":false,"potions_floor_spawned":[5,7,11,18,22,31,35,37,44],"ascension_level":0}