{"gold_per_floor":[112,122,142,61,61,90,106,106,136,153,173,173,11,39,39,39],"floor_reached":16,"playtime":621,"items_purged":[],"score":140,"play_id":"7a307676-ceba-40c5-99e8-b6a255d12e4f","local_time":"20181104192602","is_ascension_mode":true,"campfire_choices":[{"data":"Crippling Poison","floor":8,"key":"SMITH"},{"data":"Distraction","floor":12,"key":"SMITH"},{"floor":15,"key":"REST"}],"neow_cost":"NONE","seed_source_timestamp":722071515187,"circlet_count":0,"master_deck":["Defend_G","Defend_G","Defend_G","Defend_G","Defend_G","Strike_G","Strike_G","Strike_G","Strike_G","Strike_G","Survivor","Neutralize","Cloak And Dagger","Infinite Blades","Crippling Poison+1","Infinite Blades","Distraction+1","Chrysalis"],"relics":["Ring of the Snake","NeowsBlessing","Omamori","Tiny Chest","Toxic Egg 2"],"potions_floor_usage":[6,6,6],"damage_taken":[{"damage":0,"enemies":"Cultist","floor":1,"turns":1},{"damage":0,"enemies":"Small Slimes","floor":2,"turns":1},{"damage":0,"enemies":"2 Louse","floor":3,"turns":1},{"damage":1,"enemies":"Gremlin Nob","floor":6,"turns":3},{"damage":13,"enemies":"Exordium Wildlife","floor":7,"turns":4},{"damage":8,"enemies":"Red Slaver","floor":10,"turns":4},{"damage":4,"enemies":"2 Fungi Beasts","floor":11,"turns":3},{"damage":23,"enemies":"Lagavulin","floor":14,"turns":7},{"damage":45,"enemies":"Slime Boss","floor":16,"turns":7}],"seed_played":"-5579128877052409346","potions_obtained":[{"floor":2,"key":"Fire Potion"},{"floor":5,"key":"SkillPotion"},{"floor":5,"key":"Block Potion"},{"floor":11,"key":"SpeedPotion"}],"is_trial":false,"path_per_floor":["M","M","M","$","?","E","M","R","T","M","M","R","$","E","R","B"],"character_chosen":"THE_SILENT","items_purchased":["Infinite Blades","Chrysalis"],"campfire_rested":1,"item_purchase_floors":[4,13],"current_hp_per_floor":[70,70,70,70,70,69,56,56,56,48,44,44,44,21,42,0],"gold":39,"neow_bonus":"THREE_ENEMY_KILL","is_prod":false,"is_daily":false,"chose_seed":false,"campfire_upgraded":2,"win_rate":0,"timestamp":1541321762,"path_taken":["M","M","?","$","?","E","M","R","T","?","M","R","$","E","R","BOSS"],"build_version":"2018-11-01","purchased_purges":0,"victory":false,"max_hp_per_floor":[70,70,70,70,70,70,70,70,70,70,70,70,70,70,70,70],"card_choices":[{"not_picked":["Deflect","Outmaneuver"],"picked":"Cloak And Dagger","floor":1},{"not_picked":["Well Laid Plans","Sucker Punch"],"picked":"Infinite Blades","floor":2},{"not_picked":["Concentrate","Riddle With Holes"],"picked":"Crippling Poison","floor":3},{"not_picked":["Dodge and Roll","Quick Slash","Slice"],"picked":"SKIP","floor":6},{"not_picked":["Escape Plan","Poisoned Stab","Backstab"],"picked":"SKIP","floor":7},{"not_picked":["Heel Hook","Masterful Stab","Doppelganger"],"picked":"SKIP","floor":10},{"not_picked":["Dagger Throw","Expertise"],"picked":"Distraction","floor":11},{"not_picked":["Expertise","Heel Hook","Outmaneuver"],"picked":"SKIP","floor":14}],"player_experience":374335,"relics_obtained":[{"floor":6,"key":"Omamori"},{"floor":9,"key":"Tiny Chest"},{"floor":14,"key":"Toxic Egg 2"}],"event_choices":[{"damage_healed":0,"gold_gain":0,"player_choice":"Got Potions","damage_taken":0,"max_hp_gain":0,"max_hp_loss":0,"event_name":"Lab","floor":5,"gold_loss":0}],"is_beta":false,"boss_relics":[],"items_purged_floors":[],"is_endless":false,"potions_floor_spawned":[2,11],"killed_by":"Slime Boss","ascension_level":5}