{"gold_per_floor":[112,128,144,161,172,198,198,218,218,218,253,253,316,328,328,405,405,420,435,435,445,14,14,34,34,86,111,125,141,141,166,166,166],"floor_reached":33,"playtime":1011,"items_purged":["Defend_R"],"score":627,"play_id":"e5f3118c-e785-4d59-b078-6b27ca2e5163","local_time":"20181214014834","is_ascension_mode":true,"campfire_choices":[{"data":"Perfected Strike","floor":7.0,"key":"SMITH"},{"data":"Perfected Strike","floor":12.0,"key":"SMITH"},{"data":"Shockwave","floor":15.0,"key":"SMITH"},{"data":"Panacea","floor":23.0,"key":"SMITH"},{"data":"Inflame","floor":25.0,"key":"SMITH"},{"floor":32,"key":"REST"}],"neow_cost":"NONE","seed_source_timestamp":26874145145964,"circlet_count":0,"master_deck":["AscendersBane","Strike_R","Strike_R","Strike_R","Strike_R","Strike_R","Defend_R","Defend_R","Bash","Perfected Strike+1","Blood for Blood+1","Shrug It Off","Thunderclap","Perfected Strike+1","Shockwave+1","Wild Strike","Burning Pact","Feed","Inflame+1","Armaments+1","Shockwave","Panacea+1","Spot Weakness","True Grit","Feel No Pain","Feel No Pain","Wild Strike","Double Tap"],"special_seed":0,"relics":["Burning Blood","Happy Flower","Centennial Puzzle","Potion Belt","Lantern","Velvet Choker","ClockworkSouvenir","Vajra","Ornamental Fan","Art of War"],"potions_floor_usage":[31,31],"damage_taken":[{"damage":11.0,"enemies":"Cultist","floor":1.0,"turns":4.0},{"damage":9.0,"enemies":"Jaw Worm","floor":2.0,"turns":5.0},{"damage":10.0,"enemies":"Small Slimes","floor":3.0,"turns":3.0},{"damage":9.0,"enemies":"Red Slaver","floor":4.0,"turns":2.0},{"damage":9.0,"enemies":"Looter","floor":5.0,"turns":3.0},{"damage":8.0,"enemies":"Gremlin Nob","floor":6.0,"turns":3.0},{"damage":21.0,"enemies":"Gremlin Gang","floor":8.0,"turns":3.0},{"damage":17.0,"enemies":"Lagavulin","floor":11.0,"turns":6.0},{"damage":6.0,"enemies":"Gremlin Nob","floor":13.0,"turns":3.0},{"damage":5.0,"enemies":"3 Louse","floor":14.0,"turns":3.0},{"damage":23.0,"enemies":"The Guardian","floor":16.0,"turns":8.0},{"damage":18.0,"enemies":"3 Byrds","floor":18.0,"turns":9.0},{"damage":3.0,"enemies":"2 Thieves","floor":19.0,"turns":3.0},{"damage":23.0,"enemies":"3 Cultists","floor":21.0,"turns":4.0},{"damage":9.0,"enemies":"Cultist and Chosen","floor":24.0,"turns":3.0},{"damage":19.0,"enemies":"Gremlin Leader","floor":27.0,"turns":5.0},{"damage":11.0,"enemies":"Snake Plant","floor":28.0,"turns":3.0},{"damage":0.0,"enemies":"Centurion and Healer","floor":29.0,"turns":7.0},{"damage":46,"enemies":"Book of Stabbing","floor":31,"turns":5},{"damage":91,"enemies":"Automaton","floor":33,"turns":6}],"seed_played":"6385460720199883901","potions_obtained":[{"floor":1.0,"key":"FearPotion"},{"floor":3.0,"key":"SteroidPotion"},{"floor":4.0,"key":"SteroidPotion"},{"floor":6.0,"key":"BloodPotion"},{"floor":11.0,"key":"Poison Potion"},{"floor":13.0,"key":"Swift Potion"},{"floor":18.0,"key":"SkillPotion"},{"floor":20.0,"key":"Swift Potion"},{"floor":20.0,"key":"SteroidPotion"},{"floor":21.0,"key":"Swift Potion"},{"floor":27.0,"key":"Dexterity Potion"},{"floor":28.0,"key":"BloodPotion"}],"is_trial":false,"path_per_floor":["M","M","M","M","M","E","R","M","T","?","E","R","?","M","R","B",null,"M","M","?","M","$","R","M","R","T","E","M","M","?","E","R","B"],"character_chosen":"IRONCLAD","items_purchased":["ClockworkSouvenir","Shockwave","Panacea"],"campfire_rested":1,"item_purchase_floors":[22,22,22],"current_hp_per_floor":[70,67,63,60,57,55,55,40,40,40,29,29,29,30,30,13,65,56,59,59,45,45,45,45,45,45,35,30,40,40,9,38,0],"gold":166,"neow_bonus":"TEN_PERCENT_HP_BONUS","is_prod":false,"is_daily":false,"chose_seed":false,"campfire_upgraded":5,"win_rate":0,"timestamp":1544719714,"path_taken":["M","M","?","M","M","E","R","M","T","?","E","R","?","M","R","BOSS","M","M","?","?","$","R","M","R","T","E","M","M","?","E","R","BOSS"],"build_version":"2018-12-06","purchased_purges":1,"victory":false,"max_hp_per_floor":[82,82,82,82,82,82,82,82,82,82,82,82,82,82,82,82,82,85,85,85,88,88,88,91,91,91,94,94,98,98,98,98,98],"card_choices":[{"not_picked":["Corruption","Infernal Blade","Wild Strike"],"picked":"SKIP","floor":1.0},{"not_picked":["Clothesline","Combust"],"picked":"Perfected Strike","floor":2.0},{"not_picked":["Warcry","Sentinel"],"picked":"Blood for Blood","floor":3.0},{"not_picked":["Havoc","Clash"],"picked":"Shrug It Off","floor":4.0},{"not_picked":["Flex","Wild Strike"],"picked":"Thunderclap","floor":5.0},{"not_picked":["Exhume","Body Slam"],"picked":"Perfected Strike","floor":6.0},{"not_picked":["Armaments","Fire Breathing"],"picked":"Shockwave","floor":8.0},{"not_picked":["Corruption","Rage","Infernal Blade"],"picked":"SKIP","floor":11.0},{"not_picked":["Bludgeon","Clash"],"picked":"Wild Strike","floor":13.0},{"not_picked":["Clash","Warcry"],"picked":"Burning Pact","floor":14.0},{"not_picked":["Berserk","Demon Form"],"picked":"Feed","floor":16.0},{"not_picked":["Heavy Blade","Anger","Sword Boomerang"],"picked":"SKIP","floor":18.0},{"not_picked":["Clash","Thunderclap"],"picked":"Inflame","floor":19.0},{"not_picked":["Sword Boomerang+1","Cleave"],"picked":"Armaments+1","floor":21.0},{"not_picked":["Searing Blow","Juggernaut"],"picked":"Spot Weakness","floor":24.0},{"not_picked":["Shrug It Off","Bludgeon"],"picked":"True Grit","floor":27.0},{"not_picked":["Evolve","Hemokinesis"],"picked":"Feel No Pain","floor":28.0},{"not_picked":["Rupture","Sword Boomerang"],"picked":"Feel No Pain","floor":29.0},{"not_picked":["Iron Wave","Inflame"],"picked":"Double Tap","floor":31}],"player_experience":786255,"relics_obtained":[{"floor":6.0,"key":"Happy Flower"},{"floor":9.0,"key":"Centennial Puzzle"},{"floor":11.0,"key":"Potion Belt"},{"floor":13.0,"key":"Lantern"},{"floor":26.0,"key":"Vajra"},{"floor":27.0,"key":"Ornamental Fan"},{"floor":31,"key":"Art of War"}],"event_choices":[{"damage_healed":0.0,"max_hp_gain":0.0,"max_hp_loss":0.0,"gold_gain":0.0,"event_name":"Living Wall","player_choice":"Grow","floor":10.0,"gold_loss":0.0,"damage_taken":0.0,"cards_upgraded":["Blood for Blood"]},{"damage_healed":0.0,"max_hp_gain":0.0,"max_hp_loss":0.0,"gold_gain":0.0,"event_name":"Dead Adventurer","player_choice":"Searched \u00271\u0027 times","floor":13.0,"gold_loss":0.0,"damage_taken":0.0},{"damage_healed":0.0,"max_hp_gain":0.0,"max_hp_loss":0.0,"gold_gain":0.0,"event_name":"Lab","player_choice":"Got Potions","floor":20.0,"gold_loss":0.0,"damage_taken":0.0},{"damage_healed":0.0,"max_hp_gain":0.0,"max_hp_loss":0.0,"gold_gain":0.0,"cards_transformed":["Defend_R"],"event_name":"Transmorgrifier","player_choice":"Transformed","floor":30.0,"gold_loss":0.0,"damage_taken":0.0,"cards_obtained":["Wild Strike"]}],"is_beta":false,"boss_relics":[{"not_picked":["Ectoplasm","Black Star"],"picked":"Velvet Choker"}],"items_purged_floors":[22],"is_endless":false,"potions_floor_spawned":[1,3,4,6,11,13,18,21,27,28],"killed_by":"Automaton","ascension_level":20}