{"gold_per_floor":[112,60,74,4,179,205,130,140,140,156,183,183,13,31,31,31],"floor_reached":16,"playtime":720,"items_purged":["Doubt","Defend_G"],"score":138,"play_id":"3c99d055-4ab6-444b-b820-7a823c361156","local_time":"20180902072627","is_ascension_mode":true,"campfire_choices":[{"data":"Caltrops","floor":12,"key":"SMITH"},{"data":"Prepared","floor":15,"key":"SMITH"}],"neow_cost":"NONE","seed_source_timestamp":431707974477884,"circlet_count":0,"master_deck":["Defend_G","Defend_G","Defend_G","Defend_G","Strike_G","Strike_G","Strike_G","Strike_G","Strike_G","Survivor","Neutralize","Prepared","Underhanded Strike","Phantasmal Killer","Caltrops+1","All Out Attack","Tactician","Underhanded Strike","Well Laid Plans","Tactician","Prepared+1"],"relics":["Ring of the Snake","NeowsBlessing","Bottled Tornado","Singing Bowl","Odd Mushroom"],"potions_floor_usage":[16,16,16],"damage_taken":[{"damage":0,"enemies":"Cultist","floor":1,"turns":1},{"damage":0,"enemies":"2 Louse","floor":3,"turns":1},{"damage":0,"enemies":"3 Sentries","floor":6,"turns":1},{"damage":0,"enemies":"Small Slimes","floor":8,"turns":3},{"damage":3,"enemies":"Blue Slaver","floor":10,"turns":3},{"damage":34,"enemies":"The Mushroom Lair","floor":11,"turns":6},{"damage":9,"enemies":"Exordium Wildlife","floor":14,"turns":3},{"damage":24,"enemies":"The Guardian","floor":16,"turns":5}],"seed_played":"2897057812736330031","potions_obtained":[{"floor":6,"key":"Swift Potion"},{"floor":8,"key":"GamblersBrew"},{"floor":10,"key":"PowerPotion"},{"floor":11,"key":"FearPotion"}],"is_trial":false,"path_per_floor":["M","$","M","$","?","E","$","M","T","M","?","R","$","M","R"],"character_chosen":"THE_SILENT","items_purchased":["Underhanded Strike","Caltrops","Tactician"],"campfire_rested":0,"item_purchase_floors":[2,4,13],"current_hp_per_floor":[70,70,70,70,70,70,70,70,70,67,33,33,33,24,24,0],"gold":31,"neow_bonus":"THREE_ENEMY_KILL","is_prod":false,"is_daily":false,"chose_seed":false,"campfire_upgraded":2,"win_rate":0,"timestamp":1535838987,"path_taken":["M","$","M","$","?","E","?","M","T","?","?","R","?","M","R","BOSS"],"build_version":"2018-08-30","purchased_purges":2,"victory":false,"max_hp_per_floor":[70,70,70,70,70,70,70,70,70,70,70,70,70,70,70,70],"card_choices":[{"not_picked":["Slice","Dagger Spray"],"picked":"Prepared","floor":1},{"not_picked":["Backflip","Slice"],"picked":"Phantasmal Killer","floor":3},{"not_picked":["Acrobatics","Infinite Blades"],"picked":"All Out Attack","floor":6},{"not_picked":["Accuracy","Slice"],"picked":"Tactician","floor":8},{"not_picked":["Finisher","Flechettes"],"picked":"Underhanded Strike","floor":10},{"not_picked":["Slice","Poisoned Stab"],"picked":"Well Laid Plans","floor":11},{"not_picked":["Flechettes","Cloak And Dagger"],"picked":"Prepared","floor":14}],"player_experience":103945,"relics_obtained":[{"floor":6,"key":"Bottled Tornado"},{"floor":9,"key":"Singing Bowl"},{"floor":11,"key":"Odd Mushroom"}],"event_choices":[{"event_name":"Liars Game","player_choice":"agreed","floor":5,"damage_taken":0},{"event_name":"Mushrooms","player_choice":"Fought Mushrooms","floor":11,"damage_taken":0}],"is_beta":false,"boss_relics":[],"items_purged_floors":[7,13],"is_endless":false,"potions_floor_spawned":[6,8,10,11],"killed_by":"The Guardian","ascension_level":2}