{"gold_per_floor":[113,63,74,94,94,94,125,125,148,165,175,175],"floor_reached":12,"playtime":418,"items_purged":[],"score":80,"play_id":"b96b9b86-60e2-4c0f-a2e0-585c61a20be2","local_time":"20181117141059","is_ascension_mode":false,"campfire_choices":[{"data":"Redo","floor":6,"key":"SMITH"},{"floor":12,"key":"REST"}],"neow_cost":"NONE","seed_source_timestamp":10290880044417,"circlet_count":0,"master_deck":["Strike_B","Strike_B","Defend_B","Defend_B","Defend_B","Defend_B","Zap","Dualcast","Force Field","Beam Cell","Cold Snap","Redo+1","Redo","Hello World","Beam Cell"],"relics":["Cracked Core","Blood Vial","Happy Flower"],"potions_floor_usage":[],"damage_taken":[{"damage":4,"enemies":"2 Louse","floor":1,"turns":3},{"damage":6,"enemies":"Cultist","floor":3,"turns":3},{"damage":1,"enemies":"Jaw Worm","floor":4,"turns":3},{"damage":26,"enemies":"3 Sentries","floor":7,"turns":9},{"damage":21,"enemies":"Lots of Slimes","floor":10,"turns":4},{"damage":11,"enemies":"Red Slaver","floor":11,"turns":4}],"seed_played":"5264859648511896210","potions_obtained":[{"floor":1,"key":"EssenceOfSteel"},{"floor":7,"key":"Regen Potion"},{"floor":11,"key":"FocusPotion"}],"is_trial":false,"path_per_floor":["M","$","M","M","?","R","E","?","T","M","M","R"],"character_chosen":"DEFECT","items_purchased":["Cold Snap"],"campfire_rested":1,"item_purchase_floors":[2],"current_hp_per_floor":[71,71,65,64,69,69,43,43,43,24,15,39],"gold":175,"neow_bonus":"TRANSFORM_CARD","is_prod":false,"is_daily":false,"chose_seed":false,"campfire_upgraded":1,"win_rate":0,"timestamp":1542431459,"path_taken":["M","$","M","M","?","R","E","?","T","M","?","R"],"build_version":"2018-11-15","purchased_purges":0,"victory":false,"max_hp_per_floor":[75,75,75,75,80,80,80,80,80,80,80,80],"card_choices":[{"not_picked":["Reprogram","Turbo"],"picked":"Beam Cell","floor":1},{"not_picked":["Turbo","Aggregate"],"picked":"Redo","floor":3},{"not_picked":["Steam","Gash"],"picked":"Redo","floor":4},{"not_picked":["Gash","Self Repair"],"picked":"Hello World","floor":7},{"not_picked":["Barrage","Redo","Consume"],"picked":"SKIP","floor":10},{"not_picked":["Aggregate","Turbo"],"picked":"Beam Cell","floor":11}],"player_experience":100857,"relics_obtained":[{"floor":7,"key":"Blood Vial"},{"floor":9,"key":"Happy Flower"}],"event_choices":[{"damage_healed":0,"gold_gain":0,"player_choice":"Donut","damage_taken":0,"max_hp_gain":5,"max_hp_loss":0,"event_name":"Big Fish","floor":5,"gold_loss":0},{"cards_removed":["Strike_B"],"damage_healed":0,"gold_gain":0,"player_choice":"Offered Basic","damage_taken":0,"max_hp_gain":0,"max_hp_loss":0,"event_name":"Bonfire Elementals","floor":8,"gold_loss":0}],"is_beta":false,"boss_relics":[],"items_purged_floors":[],"is_endless":false,"potions_floor_spawned":[1,7,11],"ascension_level":0}