{"gold_per_floor":[113,113,38,53,71,101,101,114,114,114,140,140,157,182,182,256,256,273,273,188,202,219,219],"floor_reached":23,"playtime":628,"items_purged":["Strike_B"],"score":496,"play_id":"539672f2-07d3-421e-89bb-05ff91a851e7","local_time":"20181001062132","is_ascension_mode":true,"campfire_choices":[{"data":"Zap","floor":7,"key":"SMITH"},{"data":"Consume","floor":12,"key":"SMITH"},{"data":"Capacitor","floor":15,"key":"SMITH"}],"neow_cost":"NONE","seed_source_timestamp":467679673300085,"circlet_count":0,"master_deck":["Strike_B","Strike_B","Strike_B","Defend_B","Defend_B","Defend_B","Defend_B","Zap+1","AscendersBane","Consume+1","Leap","Ball Lightning","Cold Snap","Sweeping Beam+1","Ball Lightning+1","Capacitor+1","Thunder Strike+1","Ball Lightning+1","Hologram+1"],"relics":["Velvet Choker","Bag of Preparation","Orichalcum","Molten Egg 2","Bottled Flame","Fusion Hammer","Symbiotic Virus"],"potions_floor_usage":[11,14,16,18,21],"damage_taken":[{"damage":19,"enemies":"Jaw Worm","floor":1,"turns":4},{"damage":4,"enemies":"Small Slimes","floor":4,"turns":4},{"damage":1,"enemies":"Cultist","floor":5,"turns":5},{"damage":7,"enemies":"Lagavulin","floor":6,"turns":7},{"damage":7,"enemies":"Large Slime","floor":8,"turns":5},{"damage":0,"enemies":"3 Sentries","floor":11,"turns":9},{"damage":0,"enemies":"Red Slaver","floor":13,"turns":3},{"damage":0,"enemies":"Gremlin Nob","floor":14,"turns":3},{"damage":6,"enemies":"Slime Boss","floor":16,"turns":8},{"damage":9,"enemies":"Chosen","floor":18,"turns":4},{"damage":21,"enemies":"Shell Parasite","floor":21,"turns":3},{"damage":18,"enemies":"Snecko","floor":22,"turns":5},{"damage":30,"enemies":"Gremlin Leader","floor":23,"turns":3}],"seed_played":"1532925080965616256","potions_obtained":[{"floor":6,"key":"EntropicBrew"},{"floor":14,"key":"Ancient Potion"},{"floor":18,"key":"SteroidPotion"}],"is_trial":false,"path_per_floor":["M","?","$","M","M","E","R","M","T","?","E","R","M","E","R","B",null,"M","?","?","M","M"],"character_chosen":"DEFECT","items_purchased":[],"campfire_rested":0,"item_purchase_floors":[],"current_hp_per_floor":[45,38,38,34,33,26,26,19,19,71,71,71,71,71,71,65,70,61,61,61,40,22,0],"gold":219,"neow_bonus":"BOSS_RELIC","is_prod":false,"is_daily":false,"chose_seed":false,"campfire_upgraded":3,"win_rate":0,"timestamp":1538342492,"path_taken":["M","?","$","M","?","E","R","M","T","?","E","R","M","E","R","BOSS","M","?","?","?","M","E"],"build_version":"2018-09-27","purchased_purges":1,"victory":false,"max_hp_per_floor":[71,71,71,71,71,71,71,71,71,71,71,71,71,71,71,71,71,71,71,71,71,71,71],"card_choices":[{"not_picked":["Go for the Eyes","Barrage"],"picked":"Consume","floor":1},{"not_picked":["Loop","White Noise"],"picked":"Leap","floor":4},{"not_picked":["Skim","Gash"],"picked":"Ball Lightning","floor":5},{"not_picked":["Undo","Melter"],"picked":"Cold Snap","floor":6},{"not_picked":["Steam","Coolheaded"],"picked":"Self Repair","floor":8},{"not_picked":["Coolheaded","Conserve Battery"],"picked":"Sweeping Beam","floor":11},{"not_picked":["Glacier","Sunder+1"],"picked":"Ball Lightning+1","floor":13},{"not_picked":["Redo","Force Field"],"picked":"Capacitor","floor":14},{"not_picked":["All For One+1","Amplify"],"picked":"Thunder Strike+1","floor":16},{"not_picked":["Gash+1","Redo","Hologram"],"picked":"SKIP","floor":18},{"not_picked":["Tempest","Capacitor"],"picked":"Ball Lightning+1","floor":21},{"not_picked":["Sweeping Beam+1","Chill"],"picked":"Hologram+1","floor":22}],"player_experience":728446,"relics_obtained":[{"floor":6,"key":"Bag of Preparation"},{"floor":9,"key":"Orichalcum"},{"floor":11,"key":"Molten Egg 2"},{"floor":14,"key":"Bottled Flame"}],"event_choices":[{"event_name":"Golden Wing","player_choice":"Card Removal","floor":2,"damage_taken":0},{"event_name":"Bonfire Elementals","player_choice":"UNCOMMON","floor":10,"damage_taken":0},{"event_name":"Ghosts","player_choice":"Ignored","floor":19,"damage_taken":0},{"event_name":"Addict","player_choice":"Obtained Relic","floor":20,"damage_taken":0}],"is_beta":false,"boss_relics":[{"not_picked":["Snecko Eye","Cursed Key"],"picked":"Fusion Hammer"}],"items_purged_floors":[3],"is_endless":false,"potions_floor_spawned":[6,14,18],"killed_by":"Gremlin Leader","ascension_level":18}