{"gold_per_floor":[110,127,142,160,180,209,222,222,247,280,300,300,315,341,341,436,436,449,460,474,499,82,82,82,82,82,106,123,123,140,154,154,252,252,269,491,332,332,332,332,349,349,400,400,416,416,134,153,153,153],"floor_reached":51,"playtime":4162,"items_purged":["Writhe"],"score":696,"play_id":"0325104c-1495-4446-a704-1d188da99592","local_time":"20181119202136","is_ascension_mode":false,"campfire_choices":[{"floor":8.0,"key":"REST"},{"floor":12.0,"key":"REST"},{"data":"Dualcast","floor":15.0,"key":"SMITH"},{"data":"Mind Blast","floor":23.0,"key":"SMITH"},{"data":"Apotheosis","floor":25.0,"key":"SMITH"},{"data":"Machine Learning","floor":32.0,"key":"SMITH"},{"data":"Hologram","floor":40.0,"key":"SMITH"},{"data":"Hologram","floor":42.0,"key":"SMITH"},{"data":"Loop","floor":44.0,"key":"SMITH"},{"floor":49,"key":"REST"}],"neow_cost":"NONE","seed_source_timestamp":0,"circlet_count":0,"master_deck":["Zap+1","Dualcast+1","Cold Snap","Go for the Eyes","Conserve Battery","Steam","Loop+1","BootSequence","Hologram+1","Compile Driver","Undo","Seek","Machine Learning+1","FTL","Hologram","Chill","Redo","Consume","Gash","Doom and Gloom","Compile Driver+1","Rip and Tear","Coolheaded+1","Hologram+1","Apotheosis+1","Mind Blast+1","Hologram+1","Reinforced Body","Leap+1","Rainbow","Turbo+1","Ball Lightning","Leap","Conserve Battery","Madness","Madness","Dark Shackles","Blizzard","Lockon+1","BootSequence+1"],"special_seed":0,"relics":["Cracked Core","Bird Faced Urn","Bronze Scales","Dodecahedron","Dream Catcher","Pandora\u0027s Box","Red Mask","Oddly Smooth Stone","MutagenicStrength","Boot","Blood Vial","DataDisk","Inserter","Lantern","Bag of Preparation"],"potions_floor_usage":[50,50],"damage_taken":[{"damage":1.0,"enemies":"Cultist","floor":1.0,"turns":3.0},{"damage":6.0,"enemies":"Jaw Worm","floor":2.0,"turns":3.0},{"damage":0.0,"enemies":"Small Slimes","floor":3.0,"turns":2.0},{"damage":2.0,"enemies":"Blue Slaver","floor":4.0,"turns":3.0},{"damage":5.0,"enemies":"3 Louse","floor":5.0,"turns":4.0},{"damage":18.0,"enemies":"Lagavulin","floor":6.0,"turns":6.0},{"damage":8.0,"enemies":"Exordium Wildlife","floor":7.0,"turns":4.0},{"damage":15.0,"enemies":"Gremlin Nob","floor":10.0,"turns":5.0},{"damage":1.0,"enemies":"Red Slaver","floor":11.0,"turns":3.0},{"damage":0.0,"enemies":"3 Louse","floor":13.0,"turns":2.0},{"damage":25.0,"enemies":"Lagavulin","floor":14.0,"turns":7.0},{"damage":44.0,"enemies":"Slime Boss","floor":16.0,"turns":14.0},{"damage":16.0,"enemies":"2 Thieves","floor":18.0,"turns":3.0},{"damage":4.0,"enemies":"Spheric Guardian","floor":19.0,"turns":4.0},{"damage":3.0,"enemies":"Snake Plant","floor":20.0,"turns":4.0},{"damage":0.0,"enemies":"Masked Bandits","floor":21.0,"turns":3.0},{"damage":0.0,"enemies":"Centurion and Healer","floor":28.0,"turns":4.0},{"damage":0.0,"enemies":"Cultist and Chosen","floor":30.0,"turns":5.0},{"damage":0.0,"enemies":"Snecko","floor":31.0,"turns":4.0},{"damage":18.0,"enemies":"Automaton","floor":33.0,"turns":8.0},{"damage":0.0,"enemies":"Orb Walker","floor":35.0,"turns":3.0},{"damage":18.0,"enemies":"3 Darklings","floor":41.0,"turns":3.0},{"damage":0.0,"enemies":"Spire Growth","floor":45.0,"turns":4.0},{"damage":0.0,"enemies":"Sphere and 2 Shapes","floor":48.0,"turns":5.0},{"damage":11,"enemies":"Time Eater","floor":50,"turns":11}],"seed_played":"7682586182181218013","potions_obtained":[{"floor":3.0,"key":"Block Potion"},{"floor":5.0,"key":"AttackPotion"},{"floor":6.0,"key":"EssenceOfSteel"},{"floor":7.0,"key":"Ancient Potion"},{"floor":11.0,"key":"SteroidPotion"},{"floor":13.0,"key":"Regen Potion"},{"floor":18.0,"key":"FearPotion"},{"floor":30.0,"key":"AttackPotion"},{"floor":31.0,"key":"Poison Potion"},{"floor":48.0,"key":"Weak Potion"}],"is_trial":false,"path_per_floor":["M","M","M","M","M","E","M","R","T","E","M","R","M","E","R","B",null,"M","M","M","?","$","R","?","R","T","T","M","?","M","M","R","B",null,"M","?","$","?","?","R","M","R","T","R","M","?","$","M","R","B",null],"character_chosen":"DEFECT","items_purchased":["Apotheosis","Oddly Smooth Stone","Mind Blast","Defragment","Ball Lightning","Bag of Preparation","Dark Shackles","Blizzard"],"campfire_rested":3,"item_purchase_floors":[22,22,22,37,37,47,47,47],"current_hp_per_floor":[74,68,68,66,61,43,37,59,59,46,47,69,71,62,62,20,75,61,59,60,62,62,62,62,62,62,62,68,68,74,75,75,59,75,75,75,75,75,75,75,57,57,57,57,63,54,54,60,75,66],"gold":153,"neow_bonus":"UPGRADE_CARD","is_prod":false,"is_daily":false,"chose_seed":false,"campfire_upgraded":7,"win_rate":0,"timestamp":1542687696,"path_taken":["M","M","?","M","M","E","M","R","T","E","M","R","M","E","R","BOSS","M","M","?","?","$","R","?","R","T","?","M","?","M","?","R","BOSS","M","?","$","?","?","R","M","R","T","R","?","?","$","M","R","BOSS"],"build_version":"2018-11-15","purchased_purges":1,"victory":true,"max_hp_per_floor":[75,75,75,75,75,75,75,75,75,75,75,75,75,75,75,75,75,75,75,75,75,75,75,75,75,75,75,75,75,75,75,75,75,75,75,75,75,75,75,75,75,75,75,75,75,75,75,75,75,75],"card_choices":[{"not_picked":["Static Discharge","Sweeping Beam"],"picked":"Cold Snap","floor":1.0},{"not_picked":["Scrape","Hologram"],"picked":"Go for the Eyes","floor":2.0},{"not_picked":["Barrage","Reinforced Body"],"picked":"Conserve Battery","floor":3.0},{"not_picked":["Stack","Scrape"],"picked":"Steam","floor":4.0},{"not_picked":["Gash","Go for the Eyes"],"picked":"Loop","floor":5.0},{"not_picked":["Cold Snap","Chaos"],"picked":"BootSequence","floor":6.0},{"not_picked":["Machine Learning","Turbo"],"picked":"Hologram","floor":7.0},{"not_picked":["Steam","Heatsinks","Blizzard"],"picked":"SKIP","floor":10.0},{"not_picked":["Heatsinks","Hologram"],"picked":"Compile Driver","floor":11.0},{"not_picked":["Stack","Chill"],"picked":"Undo","floor":13.0},{"not_picked":["Conserve Battery","Scrape"],"picked":"Seek","floor":14.0},{"not_picked":["Seek","Hyperbeam"],"picked":"Machine Learning","floor":16.0},{"not_picked":["Hologram","Steam Power+1"],"picked":"Compile Driver+1","floor":18.0},{"not_picked":["Force Field","Barrage+1"],"picked":"Rip and Tear","floor":19.0},{"not_picked":["Stack","Go for the Eyes"],"picked":"Coolheaded+1","floor":20.0},{"not_picked":["Turbo","Auto Shields"],"picked":"Hologram","floor":21.0},{"not_picked":["Doom and Gloom","Sweeping Beam"],"picked":"Hologram+1","floor":28.0},{"not_picked":["Go for the Eyes","Barrage+1"],"picked":"Reinforced Body","floor":30.0},{"not_picked":["Sweeping Beam+1","Beam Cell"],"picked":"Leap+1","floor":31.0},{"not_picked":["Reboot","Hyperbeam"],"picked":"Rainbow","floor":33.0},{"not_picked":["Consume","Undo+1"],"picked":"Turbo+1","floor":35.0},{"not_picked":["Cold Snap","Hello World"],"picked":"Leap","floor":41.0},{"not_picked":["Sweeping Beam","Compile Driver+1"],"picked":"Conserve Battery","floor":45.0},{"not_picked":["Cold Snap+1","Steam+1"],"picked":"Lockon+1","floor":48.0},{"not_picked":["Scrape+1","Conserve Battery+1"],"picked":"BootSequence+1","floor":49}],"player_experience":649274,"relics_obtained":[{"floor":6.0,"key":"Bird Faced Urn"},{"floor":9.0,"key":"Bronze Scales"},{"floor":10.0,"key":"Dodecahedron"},{"floor":14.0,"key":"Dream Catcher"},{"floor":21.0,"key":"Red Mask"},{"floor":26.0,"key":"Boot"},{"floor":27.0,"key":"Blood Vial"},{"floor":43.0,"key":"Lantern"}],"event_choices":[{"damage_healed":0.0,"max_hp_gain":0.0,"max_hp_loss":0.0,"gold_gain":0.0,"event_name":"Masked Bandits","player_choice":"Fought Bandits","floor":21.0,"gold_loss":0.0,"damage_taken":0.0},{"damage_healed":0.0,"max_hp_gain":0.0,"max_hp_loss":0.0,"gold_gain":0.0,"event_name":"Drug Dealer","player_choice":"Inject Mutagens","floor":24.0,"gold_loss":0.0,"damage_taken":0.0,"relics_obtained":["MutagenicStrength"]},{"damage_healed":0.0,"max_hp_gain":0.0,"max_hp_loss":0.0,"gold_gain":0.0,"event_name":"The Mausoleum","player_choice":"Opened","floor":29.0,"gold_loss":0.0,"damage_taken":0.0,"relics_obtained":["DataDisk"],"cards_obtained":["Writhe"]},{"damage_healed":0.0,"max_hp_gain":0.0,"max_hp_loss":0.0,"gold_gain":222.0,"event_name":"Tomb of Lord Red Mask","player_choice":"Wore Mask","floor":36.0,"gold_loss":0.0,"damage_taken":0.0},{"cards_removed":["Defragment"],"damage_healed":0.0,"max_hp_gain":0.0,"max_hp_loss":0.0,"gold_gain":0.0,"event_name":"Falling","player_choice":"Removed Power","floor":38.0,"gold_loss":0.0,"damage_taken":0.0},{"cards_removed":["Turbo"],"damage_healed":0.0,"max_hp_gain":0.0,"max_hp_loss":0.0,"gold_gain":0.0,"event_name":"Purifier","player_choice":"Purged","floor":39.0,"gold_loss":0.0,"damage_taken":0.0},{"damage_healed":0.0,"max_hp_gain":0.0,"max_hp_loss":0.0,"gold_gain":0.0,"event_name":"Winding Halls","player_choice":"Embrace Madness","floor":46.0,"gold_loss":0.0,"damage_taken":9.0,"cards_obtained":["Madness","Madness"]}],"is_beta":false,"boss_relics":[{"not_picked":["Coffee Dripper","Ectoplasm"],"picked":"Pandora\u0027s Box"},{"not_picked":["Nuclear Battery","Empty Cage"],"picked":"Inserter"}],"items_purged_floors":[37],"is_endless":false,"potions_floor_spawned":[3,5,6,7,11,13,18,30,31,41,48],"ascension_level":0}