{"gold_per_floor":[15,35,35,45,65,65,140,151,151,169,119,119,69,84,84,84],"floor_reached":16,"playtime":505,"items_purged":[],"score":138,"play_id":"f03c0c60-9cb1-402d-b8e0-4afa7be71305","local_time":"20181014145512","is_ascension_mode":true,"campfire_choices":[{"data":"Rampage","floor":6,"key":"SMITH"},{"data":"Corruption","floor":12,"key":"SMITH"},{"data":"Inflame","floor":15,"key":"SMITH"}],"neow_cost":"NO_GOLD","seed_source_timestamp":170013317574255,"circlet_count":0,"master_deck":["Strike_R","Strike_R","Strike_R","Strike_R","Strike_R","Defend_R","Defend_R","Defend_R","Defend_R","Pommel Strike","Clash+1","Rampage+1","Corruption+1","Inflame+1","Clash"],"relics":["Burning Blood","Matryoshka"],"potions_floor_usage":[16,16,16],"damage_taken":[{"damage":3,"enemies":"2 Louse","floor":1,"turns":3},{"damage":7,"enemies":"Jaw Worm","floor":2,"turns":3},{"damage":1,"enemies":"Cultist","floor":4,"turns":3},{"damage":9,"enemies":"2 Fungi Beasts","floor":5,"turns":4},{"damage":5,"enemies":"3 Louse","floor":8,"turns":3},{"damage":20,"enemies":"Gremlin Gang","floor":10,"turns":7},{"damage":6,"enemies":"Looter","floor":14,"turns":2},{"damage":70,"enemies":"Hexaghost","floor":16,"turns":9}],"seed_played":"4192571331066092333","potions_obtained":[{"floor":5,"key":"SkillPotion"},{"floor":8,"key":"EssenceOfSteel"},{"floor":10,"key":"EssenceOfSteel"}],"is_trial":false,"path_per_floor":["M","M","?","M","M","R","?","M","T","M","?","R","$","M","R"],"character_chosen":"IRONCLAD","items_purchased":["Clash"],"campfire_rested":0,"item_purchase_floors":[13],"current_hp_per_floor":[96,95,95,96,93,93,82,83,83,69,69,69,69,69,69,0],"gold":84,"neow_bonus":"TWENTY_PERCENT_HP_BONUS","is_prod":false,"is_daily":false,"chose_seed":false,"campfire_upgraded":3,"win_rate":0,"timestamp":1539491112,"path_taken":["M","M","?","?","M","R","?","M","T","?","?","R","?","M","R","BOSS"],"build_version":"2018-10-11","purchased_purges":0,"victory":false,"max_hp_per_floor":[96,96,96,96,96,96,96,96,96,96,96,96,96,96,96,96],"card_choices":[{"not_picked":["Thunderclap","Perfected Strike"],"picked":"Pommel Strike","floor":1},{"not_picked":["Cleave","Twin Strike"],"picked":"Clash","floor":2},{"not_picked":["Flex","Thunderclap"],"picked":"Rampage","floor":4},{"not_picked":["Anger","Heavy Blade","Intimidate"],"picked":"SKIP","floor":5},{"not_picked":["Power Through","Headbutt"],"picked":"Corruption","floor":8},{"not_picked":["Anger","Headbutt"],"picked":"Inflame","floor":10},{"not_picked":["Ghostly Armor","Flame Barrier","Shockwave"],"picked":"SKIP","floor":14}],"player_experience":302418,"relics_obtained":[{"floor":9,"key":"Matryoshka"}],"event_choices":[{"event_name":"Living Wall","player_choice":"Grow","floor":3,"damage_taken":0},{"event_name":"World of Goop","player_choice":"Gather Gold","floor":7,"damage_taken":0},{"event_name":"The Cleric","player_choice":"Card Removal","floor":11,"damage_taken":0}],"is_beta":false,"boss_relics":[],"items_purged_floors":[],"is_endless":false,"potions_floor_spawned":[5,8,10,14],"killed_by":"Hexaghost","ascension_level":4}