{"gold_per_floor":[110,110,129,14,14,14,25,25,52,127,162,175,125,125,125,227,227,246,246,261,275,289,289,318,318,318,278,289,303,303,49,49,151,151,167,183,58,74,94,94,105,115,141,156,156,156,156,0,0,0],"floor_reached":51,"playtime":4477,"items_purged":["Strike_R","Regret","Decay"],"score":694,"play_id":"c172b7e9-da52-4314-ab40-b819e6b6c917","local_time":"20181103023544","is_ascension_mode":false,"campfire_choices":[{"data":"Whirlwind","floor":6.0,"key":"SMITH"},{"data":"Body Slam","floor":8.0,"key":"SMITH"},{"data":"Leg Sweep","floor":15.0,"key":"SMITH"},{"data":"Battle Trance","floor":23.0,"key":"SMITH"},{"data":"Bash","floor":25.0,"key":"SMITH"},{"data":"Pommel Strike","floor":30.0,"key":"SMITH"},{"data":"Shrug It Off","floor":32.0,"key":"SMITH"},{"data":"Disarm","floor":40.0,"key":"SMITH"},{"data":"Double Tap","floor":45,"key":"SMITH"},{"data":"Shrug It Off","floor":47,"key":"SMITH"},{"data":"Feel No Pain","floor":49,"key":"SMITH"}],"neow_cost":"NONE","seed_source_timestamp":236790992861,"circlet_count":0,"master_deck":["Strike_R","Strike_R","Defend_R","Defend_R","Defend_R","Defend_R","Bash+1","Body Slam+1","Whirlwind+1","Feel No Pain+1","Leg Sweep+1","Pommel Strike+1","Shrug It Off+1","Feed","Body Slam+1","Battle Trance+1","Impervious","Double Tap+1","Shrug It Off+1","Disarm+1","Shrug It Off+1","True Grit+1","Impervious"],"special_seed":0,"relics":["Burning Blood","NeowsBlessing","Dream Catcher","Bag of Marbles","Bag of Preparation","Vajra","Coffee Dripper","Mercury Hourglass","Dodecahedron","Ancient Tea Set","Velvet Choker","Boot","Red Mask"],"potions_floor_usage":[50,50,50],"damage_taken":[{"damage":0.0,"enemies":"Small Slimes","floor":1.0,"turns":1.0},{"damage":0.0,"enemies":"Cultist","floor":3.0,"turns":1.0},{"damage":0.0,"enemies":"2 Louse","floor":7.0,"turns":1.0},{"damage":18.0,"enemies":"Lagavulin","floor":11.0,"turns":5.0},{"damage":0.0,"enemies":"Lots of Slimes","floor":12.0,"turns":1.0},{"damage":60.0,"enemies":"Hexaghost","floor":16.0,"turns":11.0},{"damage":2.0,"enemies":"Chosen","floor":18.0,"turns":3.0},{"damage":46.0,"enemies":"Spheric Guardian","floor":20.0,"turns":6.0},{"damage":5.0,"enemies":"Centurion and Healer","floor":21.0,"turns":7.0},{"damage":4.0,"enemies":"Snake Plant","floor":22.0,"turns":3.0},{"damage":7.0,"enemies":"Book of Stabbing","floor":24.0,"turns":5.0},{"damage":10.0,"enemies":"Snecko","floor":28.0,"turns":4.0},{"damage":0.0,"enemies":"Centurion and Healer","floor":29.0,"turns":3.0},{"damage":21.0,"enemies":"Automaton","floor":33.0,"turns":10.0},{"damage":0.0,"enemies":"Orb Walker","floor":35.0,"turns":1.0},{"damage":0.0,"enemies":"3 Darklings","floor":36.0,"turns":3.0},{"damage":8.0,"enemies":"Transient","floor":38.0,"turns":5.0},{"damage":5.0,"enemies":"Writhing Mass","floor":39.0,"turns":6.0},{"damage":11.0,"enemies":"Spire Growth","floor":41.0,"turns":6.0},{"damage":0.0,"enemies":"Sphere and 2 Shapes","floor":42.0,"turns":7.0},{"damage":27,"enemies":"Writhing Mass","floor":44,"turns":6},{"damage":20,"enemies":"Donu and Deca","floor":50,"turns":6}],"seed_played":"1358704486760289136","potions_obtained":[{"floor":1.0,"key":"SpeedPotion"},{"floor":3.0,"key":"Fire Potion"},{"floor":16.0,"key":"Dexterity Potion"},{"floor":18.0,"key":"SkillPotion"},{"floor":27.0,"key":"Swift Potion"},{"floor":27.0,"key":"Dexterity Potion"},{"floor":27.0,"key":"EssenceOfSteel"},{"floor":28.0,"key":"Regen Potion"},{"floor":33.0,"key":"Fruit Juice"},{"floor":38.0,"key":"FearPotion"}],"is_trial":false,"path_per_floor":["M","?","M","$","?","R","M","R","T","?","E","M","?","?","R","B",null,"M","?","M","M","M","R","E","R","T","?","M","M","R","$","R","B",null,"M","M","$","M","M","R","M","M","T","M","R","?","R","?","R","B",null],"character_chosen":"IRONCLAD","items_purchased":["Feel No Pain","Ancient Tea Set"],"campfire_rested":0,"item_purchase_floors":[4,31],"current_hp_per_floor":[80,73,79,79,79,79,80,80,80,69,57,63,63,63,63,9,80,83,83,46,50,52,52,51,51,51,51,47,65,65,65,65,53,95,98,98,98,101,105,105,103,112,112,91,91,91,91,91,91,77],"gold":0,"neow_bonus":"THREE_ENEMY_KILL","is_prod":false,"is_daily":false,"chose_seed":false,"campfire_upgraded":11,"win_rate":0.0,"timestamp":1541205344,"path_taken":["M","?","M","$","?","R","?","R","T","?","E","M","?","?","R","BOSS","M","?","?","M","M","R","E","R","T","?","M","M","R","$","R","BOSS","M","?","$","M","M","R","M","M","T","M","R","?","R","?","R","BOSS"],"build_version":"2018-11-01v2","purchased_purges":3,"victory":true,"max_hp_per_floor":[80,80,80,80,80,80,80,80,80,80,80,80,80,80,80,80,80,83,83,86,89,89,89,89,89,89,89,89,92,92,92,92,95,95,98,98,98,103,106,106,109,112,112,112,112,112,112,112,112,112],"card_choices":[{"not_picked":["Ghostly Armor","Hemokinesis"],"picked":"Body Slam","floor":1.0},{"not_picked":["Sword Boomerang","Combust"],"picked":"Whirlwind","floor":3.0},{"not_picked":["Shrug It Off","Headbutt"],"picked":"Pommel Strike","floor":7.0},{"not_picked":["Impervious","Warcry"],"picked":"Shrug It Off","floor":11.0},{"not_picked":["Blood for Blood","Perfected Strike","Anger"],"picked":"SKIP","floor":12.0},{"not_picked":["Fiend Fire","Bludgeon"],"picked":"Feed","floor":16.0},{"not_picked":["Sword Boomerang","Cleave+1"],"picked":"Body Slam+1","floor":18.0},{"not_picked":["Thunderclap","Anger","Flex+1"],"picked":"SKIP","floor":20.0},{"not_picked":["Corruption","True Grit"],"picked":"Battle Trance","floor":21.0},{"not_picked":["Twin Strike","Flex","Clash"],"picked":"SKIP","floor":22.0},{"not_picked":["Sever Soul","Seeing Red"],"picked":"Impervious","floor":24.0},{"not_picked":["Perfected Strike","Armaments","Cleave"],"picked":"SKIP","floor":28.0},{"not_picked":["Thunderclap","Whirlwind","Iron Wave"],"picked":"SKIP","floor":29.0},{"not_picked":["Feed","Juggernaut"],"picked":"Double Tap","floor":33.0},{"not_picked":["Twin Strike","Anger+1","Clash+1"],"picked":"SKIP","floor":35.0},{"not_picked":["Pommel Strike+1","Armaments"],"picked":"Shrug It Off+1","floor":36.0},{"not_picked":["Blood for Blood","Sever Soul"],"picked":"Disarm","floor":38.0},{"not_picked":["Hemokinesis","Clash+1"],"picked":"Shrug It Off","floor":39.0},{"not_picked":["Carnage+1","Perfected Strike+1"],"picked":"True Grit+1","floor":41.0},{"not_picked":["Armaments+1","Corruption+1","Thunderclap"],"picked":"SKIP","floor":42.0},{"not_picked":["Perfected Strike+1","Headbutt"],"picked":"Impervious","floor":44}],"player_experience":30001,"relics_obtained":[{"floor":9.0,"key":"Bag of Marbles"},{"floor":11.0,"key":"Bag of Preparation"},{"floor":24.0,"key":"Mercury Hourglass"},{"floor":26.0,"key":"Dodecahedron"},{"floor":43.0,"key":"Boot"}],"event_choices":[{"damage_healed":0.0,"max_hp_gain":0.0,"max_hp_loss":0.0,"gold_gain":0.0,"event_name":"Scrap Ooze","player_choice":"Success","floor":2.0,"gold_loss":0.0,"damage_taken":7.0,"relics_obtained":["Dream Catcher"]},{"cards_removed":["Strike_R"],"damage_healed":0.0,"max_hp_gain":0.0,"max_hp_loss":0.0,"gold_gain":0.0,"event_name":"NoteForYourself","player_choice":"Took Card","floor":5.0,"gold_loss":0.0,"damage_taken":0.0,"cards_obtained":["Leg Sweep"]},{"damage_healed":0.0,"max_hp_gain":0.0,"max_hp_loss":0.0,"gold_gain":75.0,"event_name":"World of Goop","player_choice":"Gather Gold","floor":10.0,"gold_loss":0.0,"damage_taken":11.0},{"cards_removed":["Strike_R"],"damage_healed":0.0,"max_hp_gain":0.0,"max_hp_loss":0.0,"gold_gain":0.0,"event_name":"The Cleric","player_choice":"Card Removal","floor":13.0,"gold_loss":50.0,"damage_taken":0.0},{"damage_healed":0.0,"max_hp_gain":0.0,"max_hp_loss":0.0,"gold_gain":0.0,"event_name":"Big Fish","player_choice":"Box","floor":14.0,"gold_loss":0.0,"damage_taken":0.0,"relics_obtained":["Vajra"],"cards_obtained":["Regret"]},{"damage_healed":0.0,"max_hp_gain":0.0,"max_hp_loss":0.0,"gold_gain":0.0,"event_name":"Wheel of Change","player_choice":"Cursed","floor":19.0,"gold_loss":0.0,"damage_taken":0.0,"cards_obtained":["Decay"]},{"damage_healed":0.0,"max_hp_gain":0.0,"max_hp_loss":0.0,"gold_gain":0.0,"event_name":"The Woman in Blue","player_choice":"Bought 3 Potions","floor":27.0,"gold_loss":0.0,"damage_taken":0.0},{"damage_healed":0,"gold_gain":0,"player_choice":"Memory 1","damage_taken":0,"max_hp_gain":0,"max_hp_loss":0,"event_name":"SensoryStone","floor":46,"gold_loss":0},{"damage_healed":0,"gold_gain":0,"player_choice":"Paid","damage_taken":0,"relics_obtained":["Red Mask"],"max_hp_gain":0,"max_hp_loss":0,"event_name":"Tomb of Lord Red Mask","floor":48,"gold_loss":156}],"is_beta":true,"boss_relics":[{"not_picked":["Fusion Hammer","Calling Bell"],"picked":"Coffee Dripper"},{"not_picked":["Runic Pyramid","Tiny House"],"picked":"Velvet Choker"}],"items_purged_floors":[4,31,37],"is_endless":false,"potions_floor_spawned":[1,3,16,18,28,33,38,41,44],"ascension_level":0}