{"gold_per_floor":[115,190,202,222,58,58,73,106,133,133],"floor_reached":10,"playtime":246,"items_purged":[],"score":136,"play_id":"29258ccf-a19f-4544-8b59-9da049a85ab2","local_time":"20181218053632","is_ascension_mode":true,"campfire_choices":[{"floor":6,"key":"REST"}],"neow_cost":"NONE","seed_source_timestamp":386989310249698,"circlet_count":0,"master_deck":["AscendersBane","Strike_B","Strike_B","Strike_B","Strike_B","Defend_B","Defend_B","Defend_B","Defend_B","Zap","Dualcast","Thunder Strike","Conserve Battery","Cold Snap","Capacitor","Double Energy"],"relics":["Cracked Core","Omamori","Happy Flower","Ancient Tea Set"],"potions_floor_usage":[8,10],"damage_taken":[{"damage":9,"enemies":"Jaw Worm","floor":1,"turns":4},{"damage":10,"enemies":"Small Slimes","floor":3,"turns":3},{"damage":1,"enemies":"2 Louse","floor":4,"turns":3},{"damage":7,"enemies":"Blue Slaver","floor":7,"turns":4},{"damage":33,"enemies":"Lagavulin","floor":8,"turns":8},{"damage":14,"enemies":"Exordium Wildlife","floor":10,"turns":6}],"seed_played":"-4746724643906086244","potions_obtained":[{"floor":7,"key":"EssenceOfSteel"},{"floor":8,"key":"SpeedPotion"}],"is_trial":false,"path_per_floor":["M","?","M","M","$","R","M","E","T","M"],"character_chosen":"DEFECT","items_purchased":["Omamori"],"campfire_rested":1,"item_purchase_floors":[5],"current_hp_per_floor":[55,44,34,33,33,54,47,14,14,0],"gold":133,"neow_bonus":"ONE_RANDOM_RARE_CARD","is_prod":false,"is_daily":false,"chose_seed":false,"campfire_upgraded":0,"win_rate":0,"timestamp":1545078992,"path_taken":["M","?","M","M","$","R","M","E","T","M"],"build_version":"2018-12-13","purchased_purges":0,"victory":false,"max_hp_per_floor":[71,71,71,71,71,71,71,71,71,71],"card_choices":[{"not_picked":["Sweeping Beam","Hologram"],"picked":"Conserve Battery","floor":1},{"not_picked":["Ball Lightning","Sweeping Beam"],"picked":"Cold Snap","floor":3},{"not_picked":["Fusion","Conserve Battery"],"picked":"Capacitor","floor":4},{"not_picked":["Hyperbeam","Rebound"],"picked":"Double Energy","floor":7},{"not_picked":["Rebound","Stack","Force Field"],"picked":"SKIP","floor":8}],"player_experience":814794,"relics_obtained":[{"floor":8,"key":"Happy Flower"},{"floor":9,"key":"Ancient Tea Set"}],"event_choices":[{"damage_healed":0,"gold_gain":75,"player_choice":"Gather Gold","damage_taken":11,"max_hp_gain":0,"max_hp_loss":0,"event_name":"World of Goop","floor":2,"gold_loss":0}],"is_beta":false,"boss_relics":[],"items_purged_floors":[],"is_endless":false,"potions_floor_spawned":[7,8],"killed_by":"Exordium Wildlife","ascension_level":20}