{"gold_per_floor":[113,127,127,127,144,171,171,202,202,232,232,33,50,50,50,129,129,144,124,141,155,17,17,43,43,68,68,68,68,31,57,57,131,131,141,157,174,45,62,62,80,80,129,129,129,4,24,24,24,24,24,24,24,24,52,52],"floor_reached":56,"playtime":1462,"items_purged":["Streamline","Undo"],"score":1912,"play_id":"f74f9a0d-973e-45d2-a307-bd3dd807bf10","local_time":"20181217083552","is_ascension_mode":true,"campfire_choices":[{"floor":7.0,"key":"REST"},{"data":"Zap","floor":15.0,"key":"SMITH"},{"data":"Enlightenment","floor":23.0,"key":"SMITH"},{"data":"Beam Cell","floor":25.0,"key":"SMITH"},{"data":"Dualcast","floor":29.0,"key":"SMITH"},{"data":"Thunder Strike","floor":32.0,"key":"SMITH"},{"floor":40.0,"key":"RECALL"},{"floor":42.0,"key":"REST"},{"floor":45.0,"key":"REST"},{"floor":49,"key":"REST"},{"floor":53,"key":"REST"}],"neow_cost":"NONE","seed_source_timestamp":309919774077577,"circlet_count":0,"master_deck":["AscendersBane","Zap+1","Dualcast+1","Sunder+1","Steam","Loop+1","BootSequence","Creative AI+1","Loop+1","FTL","Machine Learning+1","Static Discharge+1","Conserve Battery","Rip and Tear","Fusion+1","Beam Cell+1","Defragment+1","Cold Snap","Loop+1","Loop+1","Enlightenment+1","Defragment+1","Storm+1","Thunder Strike+1","Biased Cognition+1","Heatsinks+1","Redo+1","Force Field+1","Cold Snap","Coolheaded+1","Defragment+1","Blizzard+1","Fusion","Aggregate+1","Glacier+1","Defragment+1","Compile Driver+1","Compile Driver+1","Defragment+1"],"special_seed":0,"relics":["Cracked Core","Frozen Egg 2","Matryoshka","PreservedInsect","Bag of Marbles","Pear","Bird Faced Urn","Vajra","DataDisk","Pandora\u0027s Box","Pantograph","Blood Vial","Smiling Mask","Prayer Wheel","Fusion Hammer","Question Card","Blue Candle"],"potions_floor_usage":[50,56],"damage_taken":[{"damage":7.0,"enemies":"Cultist","floor":1.0,"turns":4.0},{"damage":0.0,"enemies":"Small Slimes","floor":2.0,"turns":2.0},{"damage":2.0,"enemies":"Jaw Worm","floor":5.0,"turns":3.0},{"damage":30.0,"enemies":"Gremlin Nob","floor":6.0,"turns":4.0},{"damage":34.0,"enemies":"Lagavulin","floor":8.0,"turns":6.0},{"damage":5.0,"enemies":"Gremlin Nob","floor":10.0,"turns":3.0},{"damage":0.0,"enemies":"Looter","floor":13.0,"turns":2.0},{"damage":29.0,"enemies":"Hexaghost","floor":16.0,"turns":8.0},{"damage":0.0,"enemies":"Chosen","floor":18.0,"turns":3.0},{"damage":9.0,"enemies":"3 Byrds","floor":20.0,"turns":3.0},{"damage":15.0,"enemies":"Snake Plant","floor":21.0,"turns":3.0},{"damage":22.0,"enemies":"Gremlin Leader","floor":24.0,"turns":5.0},{"damage":21.0,"enemies":"Slavers","floor":31.0,"turns":3.0},{"damage":28.0,"enemies":"Champ","floor":33.0,"turns":6.0},{"damage":12.0,"enemies":"3 Shapes","floor":35.0,"turns":3.0},{"damage":5.0,"enemies":"3 Darklings","floor":36.0,"turns":2.0},{"damage":12.0,"enemies":"Writhing Mass","floor":37.0,"turns":3.0},{"damage":49.0,"enemies":"Spire Growth","floor":39.0,"turns":4.0},{"damage":5.0,"enemies":"Maw","floor":41.0,"turns":4.0},{"damage":29.0,"enemies":"4 Shapes","floor":47.0,"turns":3.0},{"damage":38,"enemies":"Donu and Deca","floor":50,"turns":6},{"damage":64,"enemies":"Time Eater","floor":51,"turns":4},{"damage":81,"enemies":"Shield and Spear","floor":55,"turns":5},{"damage":117,"enemies":"The Heart","floor":56,"turns":3}],"seed_played":"6254212247539147624","potions_obtained":[{"floor":6.0,"key":"Regen Potion"},{"floor":8.0,"key":"EntropicBrew"},{"floor":16.0,"key":"Regen Potion"},{"floor":18.0,"key":"Weak Potion"},{"floor":33.0,"key":"FocusPotion"},{"floor":37.0,"key":"Weak Potion"},{"floor":39.0,"key":"Fire Potion"},{"floor":41.0,"key":"Dexterity Potion"},{"floor":55,"key":"PowerPotion"}],"is_trial":false,"path_per_floor":["M","M","T","?","M","E","R","E","T","E","?","$","M","?","R","B",null,"M","?","M","M","$","R","E","R","T","?","?","R","$","E","R","B",null,"M","M","M","$","M","R","M","R","T","?","R","$","M","?","R","B","B",null,"R","$","E","B"],"character_chosen":"DEFECT","items_purchased":["DataDisk","Loop+1","Loop+1","Enlightenment","Storm+1","Defragment+1","Defragment+1"],"campfire_rested":5,"item_purchase_floors":[12,12,22,22,30,38,46],"current_hp_per_floor":[64,64,64,41,39,9,32,13,23,18,13,13,17,17,17,6,68,78,78,79,78,78,78,84,84,84,84,84,84,84,77,77,68,83,80,88,80,80,45,45,66,88,88,88,88,88,73,73,88,66,42,77,88,88,25,0],"gold":52,"neow_bonus":"TEN_PERCENT_HP_BONUS","is_prod":false,"is_daily":false,"chose_seed":false,"campfire_upgraded":5,"win_rate":0,"timestamp":1545003352,"path_taken":["M","M","?","?","M","E","R","E","T","E","?","$","?","?","R","BOSS","M","?","M","?","$","R","E","R","T","?","?","R","?","E","R","BOSS","M","?","M","$","M","R","M","R","T","?","R","?","?","?","R","BOSS","BOSS","R","$","E","BOSS"],"build_version":"2018-12-13","purchased_purges":2,"victory":false,"max_hp_per_floor":[78,78,78,78,78,78,78,78,88,88,88,88,88,88,88,88,88,88,88,88,88,88,88,88,88,88,88,88,88,88,88,88,88,88,88,88,88,88,88,88,88,88,88,88,88,88,88,88,88,88,88,88,88,88,88,88],"card_choices":[{"not_picked":["Rebound","Gash","Redo"],"picked":"SKIP","floor":1.0},{"not_picked":["Fusion","Go for the Eyes"],"picked":"Sunder","floor":2.0},{"not_picked":["Compile Driver","Hello World+1"],"picked":"Steam","floor":5.0},{"not_picked":["Steam","Conserve Battery"],"picked":"Loop+1","floor":6.0},{"not_picked":["FTL","Skim"],"picked":"BootSequence","floor":8.0},{"not_picked":["Doom and Gloom","Fusion"],"picked":"Creative AI+1","floor":10.0},{"not_picked":["Barrage","Streamline"],"picked":"FTL","floor":13.0},{"not_picked":["Thunder Strike","Fission"],"picked":"Machine Learning+1","floor":16.0},{"not_picked":["Darkness","Barrage","Sweeping Beam"],"picked":"SKIP","floor":18.0},{"not_picked":["BootSequence","Chaos"],"picked":"Cold Snap","floor":20.0},{"not_picked":["Stack","Turbo"],"picked":"Loop+1","floor":21.0},{"not_picked":["Redo","Storm+1"],"picked":"Defragment+1","floor":24.0},{"not_picked":["Tempest","Redo"],"picked":"Thunder Strike","floor":31.0},{"not_picked":["Fission","Creative AI+1"],"picked":"Biased Cognition+1","floor":33.0},{"not_picked":["Redo","Stack"],"picked":"Heatsinks+1","floor":35.0},{"not_picked":["Tempest","Leap","Compile Driver"],"picked":"SKIP","floor":35.0},{"not_picked":["Sweeping Beam","Go for the Eyes"],"picked":"Redo+1","floor":36.0},{"not_picked":["FTL+1","Double Energy"],"picked":"Force Field+1","floor":36.0},{"not_picked":["Turbo","FTL"],"picked":"Cold Snap","floor":37.0},{"not_picked":["Double Energy","Creative AI+1"],"picked":"Coolheaded+1","floor":37.0},{"not_picked":["Steam","Sweeping Beam+1"],"picked":"Blizzard+1","floor":39.0},{"not_picked":["Heatsinks+1","Redo"],"picked":"Fusion","floor":39.0},{"not_picked":["Sweeping Beam","Beam Cell"],"picked":"Aggregate+1","floor":41.0},{"not_picked":["Leap","Fusion"],"picked":"Glacier+1","floor":41.0},{"not_picked":["Streamline","Sweeping Beam"],"picked":"Compile Driver+1","floor":47.0},{"not_picked":["Ball Lightning","Rebound"],"picked":"Compile Driver+1","floor":47.0},{"not_picked":["Hologram","Undo","Chill"],"picked":"Defragment+1","floor":55}],"player_experience":807041,"relics_obtained":[{"floor":3.0,"key":"Frozen Egg 2"},{"floor":6.0,"key":"Matryoshka"},{"floor":8.0,"key":"PreservedInsect"},{"floor":9.0,"key":"Bag of Marbles"},{"floor":9.0,"key":"Pear"},{"floor":10.0,"key":"Bird Faced Urn"},{"floor":24.0,"key":"Pantograph"},{"floor":26.0,"key":"Blood Vial"},{"floor":26.0,"key":"Smiling Mask"},{"floor":31.0,"key":"Prayer Wheel"},{"floor":55,"key":"Blue Candle"}],"event_choices":[{"damage_healed":0.0,"max_hp_gain":0.0,"max_hp_loss":0.0,"gold_gain":0.0,"event_name":"Shining Light","player_choice":"Entered Light","floor":4.0,"gold_loss":0.0,"damage_taken":23.0,"cards_upgraded":["Sunder","Defend_B"]},{"damage_healed":0.0,"max_hp_gain":0.0,"max_hp_loss":0.0,"gold_gain":0.0,"event_name":"Scrap Ooze","player_choice":"Success","floor":11.0,"gold_loss":0.0,"damage_taken":5.0,"relics_obtained":["Vajra"]},{"damage_healed":0.0,"max_hp_gain":0.0,"max_hp_loss":0.0,"gold_gain":0.0,"event_name":"Liars Game","player_choice":"Ignored","floor":14.0,"gold_loss":0.0,"damage_taken":0.0},{"damage_healed":0.0,"max_hp_gain":0.0,"max_hp_loss":0.0,"gold_gain":0.0,"event_name":"The Woman in Blue","player_choice":"Bought 1 Potion","floor":19.0,"gold_loss":0.0,"damage_taken":0.0},{"damage_healed":0.0,"max_hp_gain":0.0,"max_hp_loss":0.0,"gold_gain":0.0,"event_name":"Vampires","player_choice":"Ignored","floor":27.0,"gold_loss":0.0,"damage_taken":0.0},{"damage_healed":0.0,"max_hp_gain":0.0,"max_hp_loss":0.0,"gold_gain":0.0,"event_name":"Ghosts","player_choice":"Ignored","floor":28.0,"gold_loss":0.0,"damage_taken":0.0},{"damage_healed":0.0,"max_hp_gain":0.0,"max_hp_loss":0.0,"gold_gain":0.0,"event_name":"Upgrade Shrine","player_choice":"Upgraded","floor":44.0,"gold_loss":0.0,"damage_taken":0.0,"cards_upgraded":["Fusion"]},{"damage_healed":0,"gold_gain":0,"player_choice":"Gave Potion","damage_taken":0,"relics_obtained":["Question Card"],"max_hp_gain":0,"max_hp_loss":0,"event_name":"WeMeetAgain","floor":48,"gold_loss":0}],"is_beta":false,"boss_relics":[{"not_picked":["Snecko Eye","Astrolabe"],"picked":"Pandora\u0027s Box"},{"not_picked":["White Beast Statue","Nuclear Battery"],"picked":"Fusion Hammer"}],"items_purged_floors":[38,46],"is_endless":false,"potions_floor_spawned":[6,8,16,18,33,37,39,41,55],"killed_by":"The Heart","ascension_level":20}