{"gold_per_floor":[110,110,35,45,45,79,91,91,91,33,64,64,84,112,112,112],"floor_reached":16,"playtime":332,"items_purged":["Strike_R"],"score":236,"play_id":"ae80c3c4-72e1-4a29-8677-92a29d23e285","local_time":"20181007112525","is_ascension_mode":true,"campfire_choices":[{"data":"Pommel Strike","floor":8,"key":"SMITH"},{"data":"Spot Weakness","floor":12,"key":"SMITH"},{"data":"Spot Weakness","floor":15,"key":"SMITH"}],"neow_cost":"NONE","seed_source_timestamp":1004609859391710,"circlet_count":0,"master_deck":["Strike_R","Strike_R","Strike_R+1","Strike_R","Defend_R","Defend_R","Bash+1","AscendersBane","Shrug It Off","Spot Weakness+1","Pommel Strike+1","Cleave","Spot Weakness+1"],"relics":["Burning Blood","Whetstone","Blood Vial","Regal Pillow","Vajra","Meat on the Bone"],"potions_floor_usage":[11,13,14,16],"damage_taken":[{"damage":2,"enemies":"Cultist","floor":1,"turns":4},{"damage":2,"enemies":"2 Louse","floor":4,"turns":4},{"damage":32,"enemies":"Gremlin Nob","floor":6,"turns":4},{"damage":2,"enemies":"Jaw Worm","floor":7,"turns":4},{"damage":27,"enemies":"Lagavulin","floor":11,"turns":5},{"damage":9,"enemies":"3 Louse","floor":13,"turns":2},{"damage":12,"enemies":"3 Sentries","floor":14,"turns":3},{"damage":34,"enemies":"Hexaghost","floor":16,"turns":8}],"seed_played":"-7344496742671877797","potions_obtained":[{"floor":7,"key":"PowerPotion"},{"floor":11,"key":"LiquidBronze"},{"floor":13,"key":"SteroidPotion"}],"is_trial":false,"path_per_floor":["M","?","$","M","T","E","M","R","T","$","E","R","M","E","R"],"character_chosen":"IRONCLAD","items_purchased":["Strength Potion"],"campfire_rested":0,"item_purchase_floors":[10],"current_hp_per_floor":[72,72,72,75,75,49,55,55,55,55,36,36,35,31,31,0],"gold":112,"neow_bonus":"REMOVE_CARD","is_prod":false,"is_daily":false,"chose_seed":false,"campfire_upgraded":3,"win_rate":0,"timestamp":1538879125,"path_taken":["M","?","$","?","?","E","?","R","T","?","E","R","M","E","R","BOSS"],"build_version":"2018-10-04v2","purchased_purges":1,"victory":false,"max_hp_per_floor":[75,75,75,75,75,75,75,75,75,75,75,75,75,75,75,75],"card_choices":[{"not_picked":["Headbutt","Corruption"],"picked":"Shrug It Off","floor":1},{"not_picked":["Pommel Strike","Thunderclap"],"picked":"Spot Weakness","floor":4},{"not_picked":["Perfected Strike","Anger"],"picked":"Pommel Strike","floor":6},{"not_picked":["Burning Pact","Clash","Brutality"],"picked":"SKIP","floor":7},{"not_picked":["Feel No Pain","Exhume","Anger"],"picked":"SKIP","floor":11},{"not_picked":["Combust","Body Slam","Cleave"],"picked":"SKIP","floor":13},{"not_picked":["Combust","Body Slam"],"picked":"Cleave","floor":13},{"not_picked":["Flex","Havoc"],"picked":"Spot Weakness","floor":14}],"player_experience":749702,"relics_obtained":[{"floor":5,"key":"Whetstone"},{"floor":6,"key":"Blood Vial"},{"floor":9,"key":"Regal Pillow"},{"floor":11,"key":"Vajra"},{"floor":14,"key":"Meat on the Bone"}],"event_choices":[{"event_name":"Bonfire Elementals","player_choice":"BASIC","floor":2,"damage_taken":0}],"is_beta":false,"boss_relics":[],"items_purged_floors":[3],"is_endless":false,"potions_floor_spawned":[7,11,13],"killed_by":"Hexaghost","ascension_level":20}