{"gold_per_floor":[119,119,136,153,95,126,126,141,141,141,174,187,187,262,262,262],"floor_reached":16,"playtime":734,"items_purged":[],"score":270,"play_id":"7f5d2df9-6b2a-479d-b827-f5672244bcf7","local_time":"20190212140041","is_ascension_mode":true,"campfire_choices":[{"data":"Armaments","floor":7,"key":"SMITH"},{"floor":10,"key":"REST"},{"data":"Rampage","floor":13,"key":"SMITH"},{"data":"Anger","floor":15,"key":"SMITH"}],"neow_cost":"NONE","seed_source_timestamp":912823355890400,"circlet_count":0,"master_deck":["AscendersBane","Strike_R","Strike_R","Strike_R","Strike_R","Defend_R","Defend_R","Defend_R","Defend_R","Bash","Rage","Metallicize","Shrug It Off","Anger+1","Armaments+1","Offering","Shrug It Off","Rampage+1","Rupture"],"special_seed":0,"relics":["Burning Blood","Lantern","Smiling Mask","Oddly Smooth Stone","Blue Candle"],"potions_floor_usage":[3,6,11,16,16],"damage_taken":[{"damage":7.0,"enemies":"Cultist","floor":1.0,"turns":4.0},{"damage":4,"enemies":"Small Slimes","floor":3,"turns":3},{"damage":2,"enemies":"2 Louse","floor":4,"turns":3},{"damage":48,"enemies":"Gremlin Nob","floor":6,"turns":5},{"damage":0,"enemies":"Blue Slaver","floor":8,"turns":6},{"damage":6,"enemies":"Lagavulin","floor":11,"turns":7},{"damage":6,"enemies":"Exordium Wildlife","floor":12,"turns":4},{"damage":49,"enemies":"Hexaghost","floor":16,"turns":12}],"seed_played":"-2720719534398028254","potions_obtained":[{"floor":1.0,"key":"Explosive Potion"},{"floor":3,"key":"Strength Potion"},{"floor":4,"key":"SkillPotion"},{"floor":6,"key":"Block Potion"},{"floor":11,"key":"Weak Potion"}],"is_trial":false,"path_per_floor":["M","?","M","M","$","E","R","M","T","R","E","M","R","?","R","B"],"character_chosen":"IRONCLAD","items_purchased":["Armaments"],"campfire_rested":1,"item_purchase_floors":[5],"current_hp_per_floor":[67,67,69,73,73,31,31,37,37,59,59,59,59,48,48,0],"gold":262,"neow_bonus":"RANDOM_COMMON_RELIC","is_prod":false,"is_daily":false,"chose_seed":false,"campfire_upgraded":3,"win_rate":0,"timestamp":1549980041,"path_taken":["M","?","M","?","$","E","R","M","T","R","E","M","R","?","R","BOSS"],"build_version":"2019-01-23","purchased_purges":0,"victory":false,"max_hp_per_floor":[75,75,75,75,75,75,75,75,75,75,75,75,75,75,75,75],"card_choices":[{"not_picked":["Combust","Hemokinesis"],"picked":"Rage","floor":1.0},{"not_picked":["Thunderclap","Dropkick"],"picked":"Shrug It Off","floor":3},{"not_picked":["Reckless Charge","Body Slam"],"picked":"Anger","floor":4},{"not_picked":["Body Slam","Cleave"],"picked":"Offering","floor":6},{"not_picked":["Warcry","Clothesline"],"picked":"Shrug It Off","floor":8},{"not_picked":["Flex","Anger"],"picked":"Rampage","floor":11},{"not_picked":["Cleave","Limit Break"],"picked":"Rupture","floor":12}],"player_experience":1298738,"relics_obtained":[{"floor":6,"key":"Smiling Mask"},{"floor":9,"key":"Oddly Smooth Stone"},{"floor":11,"key":"Blue Candle"}],"event_choices":[{"damage_healed":0,"gold_gain":0,"cards_transformed":["Strike_R"],"player_choice":"Transformed","damage_taken":0,"max_hp_gain":0,"max_hp_loss":0,"event_name":"Transmorgrifier","floor":2,"gold_loss":0,"cards_obtained":["Metallicize"]},{"damage_healed":0,"gold_gain":75,"player_choice":"Gather Gold","damage_taken":11,"max_hp_gain":0,"max_hp_loss":0,"event_name":"World of Goop","floor":14,"gold_loss":0}],"is_beta":false,"boss_relics":[],"items_purged_floors":[],"is_endless":false,"potions_floor_spawned":[1,3,4,6,11],"killed_by":"Hexaghost","ascension_level":20}