{"gold_per_floor":[117,132,132,142,142,142,161,161,232,244,244,254,254,274,274,274],"floor_reached":16,"playtime":532,"items_purged":[],"score":94,"play_id":"ddd15ff0-5836-48fc-941b-2af879477341","local_time":"20190213234351","is_ascension_mode":false,"campfire_choices":[{"data":"1","floor":6,"key":"LIFT"},{"data":"Loop","floor":11,"key":"SMITH"},{"data":"Zap","floor":13,"key":"SMITH"},{"floor":15,"key":"REST"}],"neow_cost":"NONE","seed_source_timestamp":345964555617833,"circlet_count":0,"master_deck":["Strike_B","Strike_B","Strike_B+1","Defend_B","Defend_B","Defend_B","Defend_B","Zap+1","Dualcast","All For One","Loop+1","Beam Cell+1","Beam Cell","Reboot","Coolheaded"],"relics":["Cracked Core","Girya","Question Card"],"potions_floor_usage":[14],"damage_taken":[{"damage":0,"enemies":"Cultist","floor":1,"turns":4},{"damage":1,"enemies":"Jaw Worm","floor":2,"turns":4},{"damage":0,"enemies":"Small Slimes","floor":4,"turns":3},{"damage":22,"enemies":"Gremlin Gang","floor":7,"turns":4},{"damage":3,"enemies":"Exordium Thugs","floor":10,"turns":4},{"damage":0,"enemies":"Large Slime","floor":12,"turns":3},{"damage":24,"enemies":"Gremlin Gang","floor":14,"turns":4},{"damage":43,"enemies":"Slime Boss","floor":16,"turns":5}],"seed_played":"-6083773404966280003","potions_obtained":[{"floor":1,"key":"FearPotion"},{"floor":10,"key":"SteroidPotion"}],"is_trial":false,"path_per_floor":["M","M","T","M","?","R","M","?","T","M","R","M","R","M","R","B"],"character_chosen":"DEFECT","items_purchased":[],"campfire_rested":1,"item_purchase_floors":[],"current_hp_per_floor":[75,74,74,74,59,59,37,37,37,34,34,34,34,10,32,0],"gold":274,"neow_bonus":"ONE_RANDOM_RARE_CARD","is_prod":false,"is_daily":false,"chose_seed":false,"campfire_upgraded":2,"win_rate":0,"timestamp":1550069031,"path_taken":["M","?","?","M","?","R","M","?","T","M","R","?","R","M","R","BOSS"],"build_version":"2019-01-23","purchased_purges":0,"victory":false,"max_hp_per_floor":[75,75,75,75,75,75,75,75,75,75,75,75,75,75,75,75],"card_choices":[{"not_picked":["Skim","Stack","Hologram"],"picked":"SKIP","floor":1},{"not_picked":["Melter","Stack"],"picked":"Loop","floor":2},{"not_picked":["Rebound","Doom and Gloom"],"picked":"Beam Cell","floor":4},{"not_picked":["Turbo","Barrage"],"picked":"Beam Cell","floor":7},{"not_picked":["Steam","Heatsinks","Redo"],"picked":"Reboot","floor":10},{"not_picked":["Turbo","Reprogram","Steam Power"],"picked":"Coolheaded","floor":12},{"not_picked":["Stack","Gash","Streamline","Ball Lightning"],"picked":"SKIP","floor":14}],"player_experience":116293,"relics_obtained":[{"floor":3,"key":"Girya"},{"floor":9,"key":"Question Card"}],"event_choices":[{"damage_healed":0,"gold_gain":0,"player_choice":"Entered Light","damage_taken":15,"max_hp_gain":0,"max_hp_loss":0,"event_name":"Shining Light","floor":5,"gold_loss":0,"cards_upgraded":["Beam Cell","Strike_B"]},{"cards_removed":["Strike_B"],"damage_healed":0,"gold_gain":0,"player_choice":"Purged","damage_taken":0,"max_hp_gain":0,"max_hp_loss":0,"event_name":"Purifier","floor":8,"gold_loss":0}],"is_beta":false,"boss_relics":[],"items_purged_floors":[],"is_endless":false,"potions_floor_spawned":[1,10],"killed_by":"Slime Boss","ascension_level":0}