{"gold_per_floor":[112,112,37,37,53,53,88,88,88,120,120,134,169,94,94,168,168,178,30,45,59,70,70],"floor_reached":23,"playtime":753,"items_purged":["Strike_G"],"score":453,"play_id":"f81a41d5-143f-4d5f-ac5a-e26f5da96965","local_time":"20180830113207","is_ascension_mode":true,"campfire_choices":[{"data":"Deadly Poison","floor":6,"key":"SMITH"},{"floor":11,"key":"REST"},{"data":"Venomology","floor":15,"key":"SMITH"}],"neow_cost":"NONE","seed_source_timestamp":43430264655675,"circlet_count":0,"master_deck":["Defend_G","Defend_G","Defend_G","Strike_G","Strike_G+1","Survivor","Neutralize+1","AscendersBane","Deadly Poison+1","After Image","Venomology+1","Bane","Corpse Explosion","Slice","Setup+1","Catalyst"],"relics":["Ring of the Snake","NeowsBlessing","Gremlin Horn","Bag of Preparation","Art of War","Sundial","Empty Cage","Lantern"],"potions_floor_usage":[12,13,13,16,18,20,21,22,22,23],"damage_taken":[{"damage":0,"enemies":"Jaw Worm","floor":1,"turns":1},{"damage":0,"enemies":"Small Slimes","floor":5,"turns":1},{"damage":0,"enemies":"Lagavulin","floor":7,"turns":1},{"damage":20,"enemies":"3 Sentries","floor":10,"turns":13},{"damage":2,"enemies":"Cultist","floor":12,"turns":3},{"damage":0,"enemies":"Lagavulin","floor":13,"turns":6},{"damage":6,"enemies":"The Guardian","floor":16,"turns":9},{"damage":22,"enemies":"2 Thieves","floor":18,"turns":3},{"damage":1,"enemies":"Chosen","floor":20,"turns":4},{"damage":14,"enemies":"Shelled Parasite and Fungi","floor":21,"turns":4},{"damage":4,"enemies":"Cultist and Chosen","floor":22,"turns":4},{"damage":23,"enemies":"Gremlin Leader","floor":23,"turns":2}],"seed_played":"-4923974928951529870","potions_obtained":[{"floor":1,"key":"FearPotion"},{"floor":10,"key":"Dexterity Potion"},{"floor":12,"key":"GhostInAJar"},{"floor":13,"key":"SkillPotion"},{"floor":21,"key":"Energy Potion"}],"is_trial":false,"path_per_floor":["M","?","$","?","M","R","E","$","T","E","R","M","E","?","R","B",null,"M","$","M","M","M"],"character_chosen":"THE_SILENT","items_purchased":["Lantern"],"campfire_rested":1,"item_purchase_floors":[19],"current_hp_per_floor":[59,39,39,39,39,39,39,39,39,19,38,36,36,36,36,30,57,35,35,34,20,16,0],"gold":70,"neow_bonus":"THREE_ENEMY_KILL","is_prod":false,"is_daily":false,"chose_seed":false,"campfire_upgraded":2,"win_rate":0,"timestamp":1535596327,"path_taken":["M","?","$","?","M","R","E","$","T","E","R","M","E","?","R","BOSS","M","?","M","M","M","E"],"build_version":"2018-08-23v2","purchased_purges":1,"victory":false,"max_hp_per_floor":[66,66,66,66,66,66,66,66,66,66,66,66,66,66,66,66,66,66,66,66,66,66,66],"card_choices":[{"not_picked":["Heel Hook","Blade Dance"],"picked":"Deadly Poison","floor":1},{"not_picked":["Dagger Throw","Sucker Punch","Accuracy"],"picked":"SKIP","floor":5},{"not_picked":["Slice","PiercingWail"],"picked":"After Image","floor":7},{"not_picked":["Sucker Punch","Flying Knee"],"picked":"Venomology","floor":10},{"not_picked":["Dagger Spray","Setup","Slice"],"picked":"SKIP","floor":12},{"not_picked":["All Out Attack","Bouncing Flask"],"picked":"Bane","floor":13},{"not_picked":["Bullet Time","Envenom"],"picked":"Corpse Explosion","floor":16},{"not_picked":["Quick Slash","Infinite Blades"],"picked":"Slice","floor":18},{"not_picked":["Calculated Gamble","Quick Slash","Reflex"],"picked":"SKIP","floor":20},{"not_picked":["Cloak And Dagger","Reflex"],"picked":"Setup+1","floor":21},{"not_picked":["A Thousand Cuts","Tactician"],"picked":"Catalyst","floor":22}],"player_experience":541719,"relics_obtained":[{"floor":7,"key":"Gremlin Horn"},{"floor":9,"key":"Bag of Preparation"},{"floor":10,"key":"Art of War"},{"floor":13,"key":"Sundial"}],"event_choices":[{"event_name":"Shining Light","player_choice":"Entered Light","floor":2,"damage_taken":0},{"event_name":"Bonfire Elementals","player_choice":"BASIC","floor":4,"damage_taken":0},{"event_name":"The Cleric","player_choice":"Card Removal","floor":14,"damage_taken":0}],"is_beta":false,"boss_relics":[{"not_picked":["Tiny House","Velvet Choker"],"picked":"Empty Cage"}],"items_purged_floors":[3],"is_endless":false,"potions_floor_spawned":[1,10,12,13,21],"killed_by":"Gremlin Leader","ascension_level":15}