{"gold_per_floor":[116,129,89,89,164,164,164,164,191,229,229,247,247,272,272,391,391,412,412,362,385,437,481,37,71,71,85,85,85,121,46,46,176,176,192,252,252,272,20,20,20,54,54,54,77,77,77,111,111,111],"floor_reached":50,"playtime":2682,"items_purged":["Injury","Concentrate+1"],"score":633,"play_id":"9491758e-e881-4bb3-9692-1bf608208409","local_time":"20181111160734","is_ascension_mode":true,"campfire_choices":[{"data":"Noxious Fumes","floor":6.0,"key":"SMITH"},{"data":"Sucker Punch","floor":8.0,"key":"SMITH"},{"data":"Leg Sweep","floor":13.0,"key":"SMITH"},{"floor":15.0,"key":"REST"},{"data":"Cloak And Dagger","floor":29.0,"key":"SMITH"},{"data":"Envenom","floor":32.0,"key":"SMITH"},{"floor":40,"key":"REST"},{"data":"Infinite Blades","floor":47,"key":"SMITH"},{"data":"Caltrops","floor":49,"key":"SMITH"}],"neow_cost":"TEN_PERCENT_HP_LOSS","seed_source_timestamp":0,"circlet_count":0,"master_deck":["Defend_G","Defend_G","Defend_G","Defend_G","Defend_G","Survivor","Neutralize","Storm of Steel+1","Sucker Punch+1","Noxious Fumes+1","Leg Sweep+1","Cloak And Dagger+1","Burst","Unload+1","Dash+1","Bite","Bite","Bite","Bite","Bite","Caltrops+1","Cloak And Dagger+1","Noxious Fumes+1","Blade Dance","Envenom+1","A Thousand Cuts+1","Infinite Blades+1","Caltrops","Infinite Blades+1"],"special_seed":0,"relics":["Ring of the Snake","Golden Idol","Vajra","Pen Nib","Bronze Scales","Astrolabe","Happy Flower","FossilizedHelix","Bottled Tornado","DollysMirror","Oddly Smooth Stone","Regal Pillow","Shuriken","Red Mask","Busted Crown","WingedGreaves","Dream Catcher","Darkstone Periapt","Molten Egg 2","Anchor"],"potions_floor_usage":[38,38,38],"damage_taken":[{"damage":0.0,"enemies":"Cultist","floor":1.0,"turns":4.0},{"damage":3.0,"enemies":"Jaw Worm","floor":2.0,"turns":4.0},{"damage":12.0,"enemies":"3 Sentries","floor":10.0,"turns":6.0},{"damage":0.0,"enemies":"2 Louse","floor":12.0,"turns":2.0},{"damage":0.0,"enemies":"2 Fungi Beasts","floor":14.0,"turns":3.0},{"damage":9.0,"enemies":"Slime Boss","floor":16.0,"turns":9.0},{"damage":17.0,"enemies":"2 Thieves","floor":18.0,"turns":4.0},{"damage":0.0,"enemies":"Spheric Guardian","floor":21.0,"turns":3.0},{"damage":21.0,"enemies":"Book of Stabbing","floor":23.0,"turns":5.0},{"damage":0.0,"enemies":"Gremlin Leader","floor":25.0,"turns":6.0},{"damage":0.0,"enemies":"Centurion and Healer","floor":27.0,"turns":5.0},{"damage":0.0,"enemies":"Masked Bandits","floor":30.0,"turns":3.0},{"damage":27.0,"enemies":"Automaton","floor":33.0,"turns":8.0},{"damage":0.0,"enemies":"Orb Walker","floor":35.0,"turns":4.0},{"damage":39.0,"enemies":"2 Orb Walkers","floor":36.0,"turns":5.0},{"damage":13,"enemies":"3 Darklings","floor":38,"turns":5},{"damage":12,"enemies":"Giant Head","floor":42,"turns":7},{"damage":22,"enemies":"Maw","floor":45,"turns":6},{"damage":8,"enemies":"Nemesis","floor":48,"turns":5},{"damage":40,"enemies":"Donu and Deca","floor":50,"turns":6}],"seed_played":"-1134007864332648644","potions_obtained":[{"floor":1.0,"key":"Poison Potion"},{"floor":2.0,"key":"SpeedPotion"},{"floor":16.0,"key":"SteroidPotion"},{"floor":18.0,"key":"Dexterity Potion"},{"floor":23.0,"key":"Energy Potion"},{"floor":33.0,"key":"SkillPotion"},{"floor":38,"key":"GamblersBrew"}],"is_trial":false,"path_per_floor":["M","M","$","?","?","R","?","R","T","E","?","M","R","M","R","B",null,"M","?","?","M","T","E","$","E","T","M","?","R","?","$","R","B",null,"M","?","?","?","M","$","R","$","E","T","?","M","$","R","E","R","B"],"character_chosen":"THE_SILENT","items_purchased":["Noxious Fumes","Bottled Tornado","DollysMirror","Dream Catcher"],"campfire_rested":2,"item_purchase_floors":[3,24,24,39],"current_hp_per_floor":[63,60,60,60,49,49,49,49,49,37,34,34,34,34,52,43,63,46,44,44,44,44,27,27,35,35,41,41,41,43,43,43,23,44,44,17,17,10,10,38,38,34,34,54,36,36,36,32,32,0],"gold":111,"neow_bonus":"THREE_RARE_CARDS","is_prod":false,"is_daily":false,"chose_seed":false,"campfire_upgraded":7,"win_rate":0,"timestamp":1541914654,"path_taken":["M","M","$","?","?","R","?","R","T","E","?","M","R","M","R","BOSS","M","?","?","?","?","E","$","E","T","M","?","R","?","$","R","BOSS","M","?","?","?","$","R","?","E","T","?","?","$","R","E","R","BOSS"],"build_version":"2018-11-08","purchased_purges":2,"victory":false,"max_hp_per_floor":[63,63,63,63,63,63,63,63,63,63,63,63,63,63,63,63,63,63,44,44,44,44,44,44,44,44,44,44,44,44,44,44,44,44,44,44,44,44,44,44,44,44,44,54,54,54,54,54,54,54],"card_choices":[{"not_picked":["Tools of the Trade","Doppelganger"],"picked":"Storm of Steel","floor":0.0},{"not_picked":["Concentrate","Predator"],"picked":"Sucker Punch","floor":1.0},{"not_picked":["Acrobatics","Escape Plan","Catalyst"],"picked":"SKIP","floor":2.0},{"not_picked":["Caltrops","Acrobatics","Quick Slash"],"picked":"SKIP","floor":10.0},{"not_picked":["Sucker Punch","Poisoned Stab"],"picked":"Leg Sweep","floor":12.0},{"not_picked":["Acrobatics","Bane"],"picked":"Cloak And Dagger","floor":14.0},{"not_picked":["Doppelganger","Grand Finale"],"picked":"Burst","floor":16.0},{"not_picked":["Noxious Fumes","Dagger Spray"],"picked":"Dash+1","floor":18.0},{"not_picked":["Bane","Underhanded Strike"],"picked":"Caltrops","floor":21.0},{"not_picked":["Leg Sweep","Masterful Stab"],"picked":"Cloak And Dagger+1","floor":23.0},{"not_picked":["Underhanded Strike","Blur+1","Heel Hook"],"picked":"SKIP","floor":25.0},{"not_picked":["Deadly Poison+1","Flying Knee"],"picked":"Blade Dance","floor":27.0},{"not_picked":["Leg Sweep","Deflect"],"picked":"Envenom","floor":30.0},{"not_picked":["Glass Knife","Die Die Die"],"picked":"A Thousand Cuts","floor":33.0},{"not_picked":["Slice+1"],"picked":"SKIP","floor":35.0},{"not_picked":[],"picked":"Infinite Blades+1","floor":38},{"not_picked":[],"picked":"Caltrops","floor":40},{"not_picked":["Quick Slash"],"picked":"SKIP","floor":42},{"not_picked":[],"picked":"Infinite Blades","floor":45},{"not_picked":["Dagger Spray+1"],"picked":"SKIP","floor":48}],"player_experience":392588,"relics_obtained":[{"floor":9.0,"key":"Vajra"},{"floor":10.0,"key":"Pen Nib"},{"floor":22.0,"key":"Happy Flower"},{"floor":23.0,"key":"FossilizedHelix"},{"floor":25.0,"key":"Oddly Smooth Stone"},{"floor":26.0,"key":"Regal Pillow"},{"floor":30.0,"key":"Red Mask"},{"floor":36,"key":"WingedGreaves"},{"floor":42,"key":"Darkstone Periapt"},{"floor":43,"key":"Molten Egg 2"},{"floor":48,"key":"Anchor"}],"event_choices":[{"damage_healed":0.0,"max_hp_gain":0.0,"max_hp_loss":0.0,"gold_gain":0.0,"event_name":"Living Wall","player_choice":"Grow","floor":4.0,"gold_loss":0.0,"damage_taken":0.0,"cards_upgraded":["Storm of Steel"]},{"damage_healed":0.0,"max_hp_gain":0.0,"max_hp_loss":0.0,"gold_gain":75.0,"event_name":"World of Goop","player_choice":"Gather Gold","floor":5.0,"gold_loss":0.0,"damage_taken":11.0},{"damage_healed":0.0,"max_hp_gain":0.0,"max_hp_loss":0.0,"gold_gain":0.0,"event_name":"Golden Idol","player_choice":"Take Wound","floor":7.0,"gold_loss":0.0,"damage_taken":0.0,"relics_obtained":["Golden Idol"],"cards_obtained":["Injury"]},{"damage_healed":0.0,"max_hp_gain":0.0,"max_hp_loss":0.0,"gold_gain":0.0,"event_name":"Scrap Ooze","player_choice":"Success","floor":11.0,"gold_loss":0.0,"damage_taken":3.0,"relics_obtained":["Bronze Scales"]},{"damage_healed":0.0,"max_hp_gain":0.0,"max_hp_loss":19.0,"gold_gain":0.0,"event_name":"Vampires","player_choice":"Became a vampire","floor":19.0,"gold_loss":0.0,"damage_taken":0.0,"cards_obtained":["Bite","Bite","Bite","Bite","Bite"]},{"damage_healed":0.0,"max_hp_gain":0.0,"max_hp_loss":0.0,"gold_gain":0.0,"event_name":"The Joust","player_choice":"Bet on Murderer","floor":20.0,"gold_loss":50.0,"damage_taken":0.0},{"damage_healed":0.0,"max_hp_gain":0.0,"max_hp_loss":0.0,"gold_gain":0.0,"event_name":"The Mausoleum","player_choice":"Opened","floor":28.0,"gold_loss":0.0,"damage_taken":0.0,"relics_obtained":["Shuriken"]},{"damage_healed":0.0,"max_hp_gain":0.0,"max_hp_loss":0.0,"gold_gain":0.0,"event_name":"Masked Bandits","player_choice":"Fought Bandits","floor":30.0,"gold_loss":0.0,"damage_taken":0.0},{"damage_healed":0.0,"max_hp_gain":0.0,"max_hp_loss":0.0,"gold_gain":0.0,"event_name":"Mysterious Sphere","player_choice":"Fight","floor":36.0,"gold_loss":0.0,"damage_taken":0.0},{"damage_healed":0,"gold_gain":0,"player_choice":"Memory 1","damage_taken":0,"max_hp_gain":0,"max_hp_loss":0,"event_name":"SensoryStone","floor":36,"gold_loss":0},{"damage_healed":0,"gold_gain":0,"player_choice":"Upgraded","damage_taken":0,"max_hp_gain":0,"max_hp_loss":0,"event_name":"Upgrade Shrine","floor":37,"gold_loss":0,"cards_upgraded":["A Thousand Cuts"]},{"cards_removed":["Venomology"],"damage_healed":10,"gold_gain":0,"player_choice":"Offered Rare","damage_taken":0,"max_hp_gain":10,"max_hp_loss":0,"event_name":"Bonfire Elementals","floor":44,"gold_loss":0}],"is_beta":false,"boss_relics":[{"not_picked":["Coffee Dripper","Velvet Choker"],"picked":"Astrolabe"},{"not_picked":["Philosopher\u0027s Stone","Cursed Key"],"picked":"Busted Crown"}],"items_purged_floors":[31,39],"is_endless":false,"potions_floor_spawned":[1,2,16,18,23,30,33,38],"killed_by":"Donu and Deca","ascension_level":1}