{"gold_per_floor":[115,76,76,76,92,125,125,163,163,187,203,228,246,282,282,412,412,431,422,443,443],"floor_reached":21,"playtime":959,"items_purged":[],"score":223,"play_id":"e23432ed-df0f-4a6f-bf8e-5dd2d3292991","local_time":"20181007174247","is_ascension_mode":true,"campfire_choices":[{"floor":7,"key":"REST"},{"floor":15,"key":"REST"}],"neow_cost":"NONE","seed_source_timestamp":1706314953576834,"circlet_count":0,"master_deck":["Strike_R","Strike_R","Strike_R","Strike_R","Defend_R","Defend_R","Defend_R","Defend_R","Bash","Flex","Metallicize","Iron Wave","Clothesline","Demon Form","Rampage","Seeing Red","Flex","Reaper","Metallicize","Shrug It Off+1"],"relics":["Burning Blood","PreservedInsect","Golden Idol","Red Skull","Centennial Puzzle","Bottled Flame","Champion Belt","Eternal Feather"],"potions_floor_usage":[6,16,16,18,19],"damage_taken":[{"damage":6,"enemies":"Cultist","floor":1,"turns":4},{"damage":4,"enemies":"Small Slimes","floor":5,"turns":4},{"damage":17,"enemies":"Lagavulin","floor":6,"turns":7},{"damage":15,"enemies":"Gremlin Nob","floor":8,"turns":4},{"damage":7,"enemies":"Jaw Worm","floor":10,"turns":4},{"damage":25,"enemies":"Large Slime","floor":11,"turns":7},{"damage":3,"enemies":"3 Louse","floor":12,"turns":2},{"damage":3,"enemies":"Looter","floor":13,"turns":2},{"damage":26,"enemies":"3 Sentries","floor":14,"turns":6},{"damage":32,"enemies":"Slime Boss","floor":16,"turns":8},{"damage":30,"enemies":"Chosen","floor":18,"turns":6},{"damage":25,"enemies":"2 Thieves","floor":19,"turns":4},{"damage":27,"enemies":"Cultist and Chosen","floor":20,"turns":7},{"damage":61,"enemies":"Colosseum Slavers","floor":21,"turns":6}],"seed_played":"-1036535644745349865","potions_obtained":[{"floor":1,"key":"GamblersBrew"},{"floor":5,"key":"Fire Potion"},{"floor":8,"key":"FearPotion"},{"floor":10,"key":"EssenceOfSteel"},{"floor":18,"key":"AttackPotion"}],"is_trial":false,"path_per_floor":["M","$","?","?","M","E","R","E","T","M","M","M","M","E","R","B",null,"M","M","M"],"character_chosen":"IRONCLAD","items_purchased":["Metallicize"],"campfire_rested":2,"item_purchase_floors":[2],"current_hp_per_floor":[80,80,60,53,55,44,68,59,59,58,39,42,45,25,49,23,80,64,45,40,0],"gold":443,"neow_bonus":"RANDOM_COMMON_RELIC","is_prod":false,"is_daily":false,"chose_seed":false,"campfire_upgraded":0,"win_rate":0,"timestamp":1538901767,"path_taken":["M","?","?","?","M","E","R","E","T","M","M","M","M","E","R","BOSS","M","?","?","?"],"build_version":"2018-10-04v2","purchased_purges":0,"victory":false,"max_hp_per_floor":[80,80,80,80,80,80,80,80,80,80,80,80,80,80,80,80,80,80,80,80,80],"card_choices":[{"not_picked":["Entrench","Wild Strike"],"picked":"Flex","floor":1},{"not_picked":["Perfected Strike","Twin Strike"],"picked":"Iron Wave","floor":5},{"not_picked":["Body Slam","Anger"],"picked":"Clothesline","floor":6},{"not_picked":["Metallicize","Twin Strike"],"picked":"Demon Form","floor":8},{"not_picked":["Shockwave","Battle Trance"],"picked":"Rampage","floor":10},{"not_picked":["Flex","Feel No Pain"],"picked":"Seeing Red","floor":11},{"not_picked":["True Grit","Havoc","Pommel Strike"],"picked":"SKIP","floor":12},{"not_picked":["Clash","Wild Strike"],"picked":"Flex","floor":13},{"not_picked":["Cleave","Thunderclap","Headbutt"],"picked":"SKIP","floor":14},{"not_picked":["Feed","Demon Form"],"picked":"Reaper","floor":16},{"not_picked":["Clothesline","Flex","Iron Wave"],"picked":"SKIP","floor":18},{"not_picked":["True Grit","Wild Strike"],"picked":"Metallicize","floor":19},{"not_picked":["Disarm","Anger"],"picked":"Shrug It Off+1","floor":20}],"player_experience":96416,"relics_obtained":[{"floor":6,"key":"Red Skull"},{"floor":8,"key":"Centennial Puzzle"},{"floor":9,"key":"Bottled Flame"},{"floor":14,"key":"Champion Belt"}],"event_choices":[{"event_name":"Golden Idol","player_choice":"Take Damage","floor":3,"damage_taken":0},{"event_name":"Golden Wing","player_choice":"Card Removal","floor":4,"damage_taken":0},{"event_name":"Colosseum","player_choice":"Fight","floor":21,"damage_taken":0}],"is_beta":false,"boss_relics":[{"not_picked":["Orrery","Lizard Tail"],"picked":"Eternal Feather"}],"items_purged_floors":[],"is_endless":false,"potions_floor_spawned":[1,5,8,10,18],"killed_by":"Colosseum Slavers","ascension_level":2}