{"gold_per_floor":[140,69,83,8,19,19,48,48,48,48,48,61,61,87,87,192,192,203,203,203,203,223,254,254,270,294,294,305,305,324,342,342,342],"floor_reached":33,"playtime":1815,"items_purged":["Strike_R"],"score":316,"play_id":"25b65628-8235-4009-84e5-44db95528add","local_time":"20180918204236","is_ascension_mode":true,"campfire_choices":[{"data":"Metallicize","floor":6,"key":"SMITH"},{"data":"Inflame","floor":8,"key":"SMITH"},{"data":"Iron Wave","floor":11,"key":"SMITH"},{"data":"Pommel Strike","floor":13,"key":"SMITH"},{"data":"Whirlwind","floor":15,"key":"SMITH"},{"data":"Fire Breathing","floor":24,"key":"SMITH"},{"data":"Headbutt","floor":27,"key":"SMITH"},{"data":"Bash","floor":29,"key":"SMITH"},{"floor":32,"key":"REST"}],"neow_cost":"NONE","seed_source_timestamp":440983527508066,"circlet_count":0,"master_deck":["Strike_R+1","Strike_R+1","Strike_R+1","Strike_R+1","Defend_R+1","Defend_R+1","Defend_R+1","Defend_R+1","Bash+1","Pommel Strike+1","Inflame+1","Metallicize+1","Iron Wave+1","Thunderclap","Headbutt+1","Whirlwind+1","Brutality","Fire Breathing+1","Cleave","True Grit+1","Disarm","Rupture"],"relics":["Burning Blood","Tiny Chest","Magic Flower","Du-Vu Doll","Centennial Puzzle","Busted Crown","Question Card","Sundial","Smiling Mask"],"potions_floor_usage":[14,14,14,16,16,20,28,28,33],"damage_taken":[{"damage":1,"enemies":"Cultist","floor":1,"turns":3},{"damage":10,"enemies":"2 Louse","floor":3,"turns":3},{"damage":9,"enemies":"Small Slimes","floor":5,"turns":3},{"damage":35,"enemies":"Gremlin Nob","floor":7,"turns":5},{"damage":5,"enemies":"Blue Slaver","floor":12,"turns":3},{"damage":9,"enemies":"3 Sentries","floor":14,"turns":8},{"damage":65,"enemies":"Slime Boss","floor":16,"turns":9},{"damage":20,"enemies":"Spheric Guardian","floor":18,"turns":4},{"damage":41,"enemies":"Colosseum Slavers","floor":20,"turns":6},{"damage":3,"enemies":"Chosen","floor":22,"turns":4},{"damage":14,"enemies":"Gremlin Leader","floor":23,"turns":5},{"damage":22,"enemies":"Sentry and Sphere","floor":25,"turns":5},{"damage":13,"enemies":"Cultist and Chosen","floor":28,"turns":3},{"damage":12,"enemies":"Snake Plant","floor":30,"turns":4},{"damage":14,"enemies":"Sentry and Sphere","floor":31,"turns":4},{"damage":44,"enemies":"Automaton","floor":33,"turns":8}],"seed_played":"-540286498529343914","potions_obtained":[{"floor":5,"key":"Regen Potion"},{"floor":12,"key":"EntropicBrew"},{"floor":18,"key":"Ancient Potion"},{"floor":25,"key":"SteroidPotion"},{"floor":28,"key":"Fruit Juice"},{"floor":31,"key":"Block Potion"}],"is_trial":false,"path_per_floor":["M","$","M","$","M","R","E","R","T","$","R","M","R","E","R","B",null,"M","?","?","T","M","E","R","M","T","R","M","R","M","M","R"],"character_chosen":"IRONCLAD","items_purchased":["Inflame"],"campfire_rested":1,"item_purchase_floors":[2],"current_hp_per_floor":[80,80,76,76,73,73,44,44,44,44,44,48,48,72,72,16,80,69,69,37,37,43,38,38,25,25,25,26,26,23,18,43,0],"gold":342,"neow_bonus":"RANDOM_COMMON_RELIC","is_prod":false,"is_daily":false,"chose_seed":false,"campfire_upgraded":8,"win_rate":0,"timestamp":1537269156,"path_taken":["M","?","M","$","M","R","E","R","T","?","R","M","R","E","R","BOSS","M","?","?","?","M","E","R","M","T","R","M","R","?","M","R","BOSS"],"build_version":"2018-09-06","purchased_purges":1,"victory":false,"max_hp_per_floor":[80,80,80,80,80,80,80,80,80,80,80,80,80,80,80,80,80,80,80,80,80,80,80,80,80,80,80,85,85,85,85,85,85],"card_choices":[{"not_picked":["Wild Strike","Perfected Strike"],"picked":"Pommel Strike","floor":1},{"not_picked":["Warcry","Searing Blow"],"picked":"Metallicize","floor":3},{"not_picked":["Pummel","Body Slam"],"picked":"Iron Wave","floor":5},{"not_picked":["Searing Blow","Perfected Strike"],"picked":"Thunderclap","floor":7},{"not_picked":["Fiend Fire","Havoc"],"picked":"Headbutt","floor":12},{"not_picked":["Dual Wield","Battle Trance"],"picked":"Whirlwind","floor":14},{"not_picked":["Exhume","Fiend Fire"],"picked":"Brutality","floor":16},{"not_picked":[],"picked":"Fire Breathing","floor":18},{"not_picked":["Sentinel+1","Feel No Pain+1"],"picked":"SKIP","floor":22},{"not_picked":["Body Slam"],"picked":"Cleave","floor":23},{"not_picked":["Reckless Charge","Twin Strike+1"],"picked":"SKIP","floor":25},{"not_picked":["Perfected Strike"],"picked":"True Grit+1","floor":28},{"not_picked":["Reckless Charge"],"picked":"Disarm","floor":30},{"not_picked":["Burning Pact+1"],"picked":"Rupture","floor":31}],"player_experience":185884,"relics_obtained":[{"floor":7,"key":"Magic Flower"},{"floor":9,"key":"Du-Vu Doll"},{"floor":14,"key":"Centennial Puzzle"},{"floor":21,"key":"Question Card"},{"floor":23,"key":"Sundial"},{"floor":26,"key":"Smiling Mask"}],"event_choices":[{"event_name":"Back to Basics","player_choice":"Simplicity","floor":19,"damage_taken":0},{"event_name":"Colosseum","player_choice":"Fight","floor":20,"damage_taken":0},{"event_name":"Colosseum","player_choice":"Fled From Nobs","floor":20,"damage_taken":0}],"is_beta":false,"boss_relics":[{"not_picked":["Coffee Dripper","Philosopher\u0027s Stone"],"picked":"Busted Crown"}],"items_purged_floors":[4],"is_endless":false,"potions_floor_spawned":[5,12,18,25,28,31],"killed_by":"Automaton","ascension_level":3}