{"gold_per_floor":[110,120,98,173,99,99,123,48,72,90,90,115,115,131,131,232,232,252,272,119,135,149,149,182,200,200,200,20,20,20,32,32,131,131,150,165,185,185,185],"floor_reached":39,"playtime":2353,"items_purged":["Strike_G","Strike_G"],"score":401,"play_id":"6ca07816-ac23-4a91-8d7e-5f44e105e4f1","local_time":"20180707182617","is_ascension_mode":false,"campfire_choices":[{"data":"Noxious Fumes","floor":6,"key":"SMITH"},{"data":"Bane","floor":11,"key":"SMITH"},{"floor":13,"key":"REST"},{"data":"Calculated Gamble","floor":15,"key":"SMITH"},{"floor":23,"key":"REST"},{"floor":32,"key":"REST"}],"neow_cost":"NONE","seed_source_timestamp":63568748159039,"circlet_count":0,"master_deck":["Defend_G","Defend_G","Defend_G","Defend_G","Defend_G","Strike_G","Strike_G","Strike_G","Survivor","Neutralize+1","Slice","Well Laid Plans","Bane+1","Noxious Fumes+1","Distraction","Underhanded Strike","Calculated Gamble+1","Venomology","Backflip+1","Deflect","Deadly Poison+1","Bane+1","Deadly Poison","Catalyst","Envenom","Poisoned Stab+1","Noxious Fumes","Catalyst+1","Footwork+1","Dark Shackles"],"relics":["Ring of the Snake","Snake Skull","Strawberry","Happy Flower","Lizard Tail","Anchor","Lantern","Omamori","Orrery"],"potions_floor_usage":[16,21,21,21,21,22,22,22,22,24,24,24,25,25,33,33,33,37,39],"damage_taken":[{"damage":1,"enemies":"Cultist","floor":1,"turns":4},{"damage":10,"enemies":"Jaw Worm","floor":2,"turns":4},{"damage":5,"enemies":"Small Slimes","floor":10,"turns":3},{"damage":8,"enemies":"Lagavulin","floor":12,"turns":6},{"damage":14,"enemies":"Exordium Wildlife","floor":14,"turns":4},{"damage":36,"enemies":"The Guardian","floor":16,"turns":10},{"damage":17,"enemies":"Chosen","floor":18,"turns":6},{"damage":28,"enemies":"Spheric Guardian","floor":19,"turns":6},{"damage":27,"enemies":"Centurion and Healer","floor":21,"turns":6},{"damage":5,"enemies":"Snecko","floor":22,"turns":5},{"damage":15,"enemies":"Book of Stabbing","floor":24,"turns":5},{"damage":3,"enemies":"Cultist and Chosen","floor":25,"turns":8},{"damage":8,"enemies":"Centurion and Healer","floor":31,"turns":6},{"damage":41,"enemies":"Champ","floor":33,"turns":10},{"damage":56,"enemies":"3 Darklings","floor":35,"turns":7},{"damage":6,"enemies":"3 Shapes","floor":36,"turns":5},{"damage":51,"enemies":"3 Darklings","floor":37,"turns":7},{"damage":6,"enemies":"4 Shapes","floor":39,"turns":2}],"seed_played":"4730328607388574306","potions_obtained":[{"floor":1,"key":"SteroidPotion"},{"floor":10,"key":"Weak Potion"},{"floor":22,"key":"EntropicBrew"},{"floor":25,"key":"Strength Potion"},{"floor":31,"key":"Weak Potion"},{"floor":37,"key":"AttackPotion"}],"is_trial":false,"path_per_floor":["M","M","$","?","$","R","T","$","T","M","R","E","R","M","R","B",null,"M","M","$","M","M","R","E","M","T","?","$","?","?","M","R","B",null,"M","M","M","?"],"character_chosen":"THE_SILENT","items_purchased":["Bane","Noxious Fumes","Anchor","Catalyst"],"campfire_rested":3,"item_purchase_floors":[3,5,20,28],"current_hp_per_floor":[69,59,59,48,48,48,48,48,55,50,50,42,65,51,51,15,77,60,32,32,20,15,38,23,20,20,20,20,20,45,37,60,19,77,21,15,6,6,0],"gold":185,"neow_bonus":"UPGRADE_CARD","is_prod":false,"is_daily":false,"chose_seed":false,"campfire_upgraded":3,"win_rate":0.0,"timestamp":1530955577,"path_taken":["M","?","$","?","$","R","?","?","T","M","R","E","R","?","R","BOSS","M","M","$","M","M","R","E","M","T","?","$","?","?","M","R","BOSS","M","M","M","?","M"],"build_version":"2018-07-05","purchased_purges":2,"victory":false,"max_hp_per_floor":[70,70,70,70,70,70,70,70,77,77,77,77,77,77,77,77,77,77,77,77,77,77,77,77,77,77,77,77,77,77,77,77,77,77,77,77,77,77,77],"card_choices":[{"not_picked":["Skewer","Riddle With Holes"],"picked":"Slice","floor":1},{"not_picked":["PiercingWail","Reflex"],"picked":"Well Laid Plans","floor":2},{"not_picked":["Underhanded Strike","PiercingWail"],"picked":"Distraction","floor":10},{"not_picked":["Dodge and Roll","Quick Slash"],"picked":"Underhanded Strike","floor":12},{"not_picked":["Skewer","Predator"],"picked":"Calculated Gamble","floor":14},{"not_picked":["Adrenaline","Doppelganger"],"picked":"Venomology","floor":16},{"not_picked":["Dagger Spray+1","Expertise+1"],"picked":"Backflip+1","floor":18},{"not_picked":["Quick Slash+1","Infinite Blades"],"picked":"Deflect","floor":19},{"not_picked":["Reflex+1","Sucker Punch+1"],"picked":"Deadly Poison","floor":21},{"not_picked":["Skewer","Sucker Punch","Flying Knee"],"picked":"SKIP","floor":22},{"not_picked":["Bullet Time","Backstab"],"picked":"Bane+1","floor":24},{"not_picked":["Slice+1","Finisher"],"picked":"Deadly Poison","floor":25},{"not_picked":["Dodge and Roll","Dash","Quick Slash"],"picked":"SKIP","floor":31},{"not_picked":["Unload","Phantasmal Killer"],"picked":"Envenom","floor":33},{"not_picked":["Dagger Spray+1","PiercingWail"],"picked":"Poisoned Stab+1","floor":34},{"not_picked":["Deflect","Calculated Gamble"],"picked":"Noxious Fumes","floor":34},{"not_picked":["Dagger Spray+1","Escape Plan+1"],"picked":"Catalyst+1","floor":35},{"not_picked":["Reflex+1","Slice","Dagger Throw+1"],"picked":"SKIP","floor":36},{"not_picked":["Eviscerate","Unload"],"picked":"Footwork+1","floor":37},{"not_picked":["Blind","Swift Strike"],"picked":"Dark Shackles","floor":38}],"player_experience":16323,"relics_obtained":[{"floor":7,"key":"Snake Skull"},{"floor":9,"key":"Strawberry"},{"floor":12,"key":"Happy Flower"},{"floor":24,"key":"Lantern"},{"floor":26,"key":"Omamori"}],"event_choices":[{"event_name":"World of Goop","player_choice":"Gather Gold","floor":4,"damage_taken":0},{"event_name":"Upgrade Shrine","player_choice":"Upgraded","floor":27,"damage_taken":0},{"event_name":"Drug Dealer","player_choice":"Ignored","floor":29,"damage_taken":0},{"event_name":"The Library","player_choice":"Heal","floor":30,"damage_taken":0},{"event_name":"SensoryStone","player_choice":"Memory 1","floor":38,"damage_taken":0}],"boss_relics":[{"not_picked":["Black Star","Sozu"],"picked":"Lizard Tail"},{"not_picked":["Snecko Eye","Coffee Dripper"],"picked":"Orrery"}],"items_purged_floors":[8,28],"is_endless":false,"potions_floor_spawned":[1,10,19,22,25,31,36,37],"killed_by":"4 Shapes","ascension_level":0}