{"gold_per_floor":[116,41,59,134,134,134,164,177,177,177,189,189,189,204,204,204],"floor_reached":16,"playtime":392,"items_purged":["Defend_G"],"score":175,"play_id":"593f3fae-1911-4402-8037-69e74d8b912f","local_time":"20180901073313","is_ascension_mode":true,"campfire_choices":[{"data":"Backflip","floor":6,"key":"SMITH"},{"data":"Deadly Poison","floor":10,"key":"SMITH"},{"data":"Escape Plan","floor":13,"key":"SMITH"},{"data":"Cloak And Dagger","floor":15,"key":"SMITH"}],"neow_cost":"","seed_source_timestamp":43621877959920,"circlet_count":0,"master_deck":["Defend_G","Defend_G","Defend_G","Defend_G","Strike_G","Strike_G","Strike_G","Strike_G","Strike_G","Survivor","Neutralize+1","AscendersBane","Backflip+1","Escape Plan","Deadly Poison+1","Escape Plan+1","Cloak And Dagger+1","Cloak And Dagger+1"],"relics":["Ring of the Snake","Frozen Egg 2","Bag of Marbles"],"potions_floor_usage":[7,14,16],"damage_taken":[{"damage":0,"enemies":"Small Slimes","floor":1,"turns":3},{"damage":2,"enemies":"Jaw Worm","floor":3,"turns":7},{"damage":14,"enemies":"3 Sentries","floor":7,"turns":12},{"damage":0,"enemies":"Cultist","floor":8,"turns":4},{"damage":7,"enemies":"Large Slime","floor":11,"turns":7},{"damage":7,"enemies":"Lots of Slimes","floor":14,"turns":3},{"damage":7,"enemies":"Slime Boss","floor":16,"turns":6}],"seed_played":"-7617484192007319644","potions_obtained":[{"floor":1,"key":"GhostInAJar"},{"floor":3,"key":"SteroidPotion"},{"floor":11,"key":"Strength Potion"}],"is_trial":false,"path_per_floor":["M","$","M","?","?","R","E","M","T","R","M","?","R","M","R"],"character_chosen":"THE_SILENT","items_purchased":[],"campfire_rested":0,"item_purchase_floors":[],"current_hp_per_floor":[59,59,57,46,46,46,32,32,32,32,25,25,25,18,18,11],"gold":204,"neow_bonus":"","is_prod":false,"is_daily":false,"chose_seed":false,"campfire_upgraded":4,"win_rate":0,"timestamp":1535754793,"path_taken":["M","$","M","?","?","R","E","?","T","R","M","?","R","M","R","BOSS"],"build_version":"2018-08-30","purchased_purges":1,"victory":false,"max_hp_per_floor":[66,66,66,66,66,66,66,66,66,66,66,66,66,66,66,66],"card_choices":[{"not_picked":["Setup","Choke"],"picked":"Backflip","floor":1},{"not_picked":["Slice","Heel Hook"],"picked":"Escape Plan","floor":3},{"not_picked":["Outmaneuver","Riddle With Holes"],"picked":"Deadly Poison","floor":7},{"not_picked":["Dodge and Roll","Cloak And Dagger"],"picked":"Escape Plan","floor":8},{"not_picked":["Backflip","Sucker Punch"],"picked":"Cloak And Dagger","floor":11},{"not_picked":["Sucker Punch","Endless Agony"],"picked":"Cloak And Dagger","floor":14}],"player_experience":544668,"relics_obtained":[{"floor":7,"key":"Frozen Egg 2"},{"floor":9,"key":"Bag of Marbles"}],"event_choices":[{"event_name":"World of Goop","player_choice":"Gather Gold","floor":4,"damage_taken":0},{"event_name":"Living Wall","player_choice":"Grow","floor":5,"damage_taken":0},{"event_name":"Upgrade Shrine","player_choice":"Upgraded","floor":12,"damage_taken":0}],"is_beta":false,"boss_relics":[],"items_purged_floors":[2],"is_endless":false,"potions_floor_spawned":[1,3,11],"killed_by":"Slime Boss","ascension_level":15}