{"gold_per_floor":[99,99,99,99,99,99,99,99],"floor_reached":8,"playtime":211,"items_purged":[],"score":105,"play_id":"4c246cd1-bb69-460c-ab7b-e510095bb150","local_time":"20190107043856","is_ascension_mode":true,"campfire_choices":[{"data":"Terror","floor":7,"key":"SMITH"}],"neow_cost":"NONE","seed_source_timestamp":1258994081948970,"circlet_count":0,"master_deck":["AscendersBane","Defend_G","Defend_G","Defend_G","Defend_G","Defend_G","Strike_G","Strike_G","Strike_G","Strike_G","Survivor","Neutralize","All Out Attack","Terror+1","Flying Knee"],"relics":["Ectoplasm","Torii","Tough Bandages"],"potions_floor_usage":[8],"damage_taken":[{"damage":0,"enemies":"Small Slimes","floor":1,"turns":4},{"damage":7,"enemies":"Jaw Worm","floor":3,"turns":4},{"damage":22,"enemies":"Lagavulin","floor":6,"turns":9},{"damage":18,"enemies":"3 Sentries","floor":8,"turns":8}],"seed_played":"-940007543888656567","potions_obtained":[{"floor":1,"key":"Dexterity Potion"},{"floor":6,"key":"Ancient Potion"}],"is_trial":false,"path_per_floor":["M","?","M","?","?","E","R","E"],"character_chosen":"THE_SILENT","items_purchased":[],"campfire_rested":0,"item_purchase_floors":[],"current_hp_per_floor":[59,52,45,50,39,17,17,0],"gold":99,"neow_bonus":"BOSS_RELIC","is_prod":false,"is_daily":false,"chose_seed":false,"campfire_upgraded":1,"win_rate":0,"timestamp":1546803536,"path_taken":["M","?","M","?","?","E","R","E"],"build_version":"2019-01-03v4","purchased_purges":0,"victory":false,"max_hp_per_floor":[66,66,66,71,71,71,71,71],"card_choices":[{"not_picked":["Slice","Eviscerate"],"picked":"All Out Attack","floor":1},{"not_picked":["Cloak And Dagger","Riddle With Holes"],"picked":"Terror","floor":3},{"not_picked":["Heel Hook","Slice"],"picked":"Flying Knee","floor":6}],"player_experience":841298,"relics_obtained":[{"floor":6,"key":"Tough Bandages"}],"event_choices":[{"cards_removed":["Strike_G"],"damage_healed":0,"gold_gain":0,"player_choice":"Card Removal","damage_taken":7,"max_hp_gain":0,"max_hp_loss":0,"event_name":"Golden Wing","floor":2,"gold_loss":0},{"damage_healed":0,"gold_gain":0,"player_choice":"Donut","damage_taken":0,"max_hp_gain":5,"max_hp_loss":0,"event_name":"Big Fish","floor":4,"gold_loss":0},{"damage_healed":0,"gold_gain":0,"player_choice":"Success","damage_taken":11,"relics_obtained":["Torii"],"max_hp_gain":0,"max_hp_loss":0,"event_name":"Scrap Ooze","floor":5,"gold_loss":0}],"is_beta":false,"boss_relics":[],"items_purged_floors":[],"is_endless":false,"potions_floor_spawned":[1,6],"killed_by":"3 Sentries","ascension_level":19}