{"gold_per_floor":[364,383,54,71,83,83,99,126,176,176,176,187,187,222,222,295,295,311,323,60,60,75,75,93,113,139,139,152,164,177,187,187,187],"floor_reached":33,"playtime":2098,"items_purged":["Strike_B","Strike_B"],"score":437,"play_id":"fa3e3386-9b31-4150-b504-07eb8ff8f349","local_time":"20181230145132","is_ascension_mode":true,"campfire_choices":[{"data":"Go for the Eyes","floor":6.0,"key":"SMITH"},{"floor":11,"key":"REST"},{"floor":13,"key":"REST"},{"data":"Consume","floor":15,"key":"SMITH"},{"data":"Dualcast","floor":23,"key":"SMITH"},{"floor":27,"key":"REST"},{"floor":32,"key":"REST"}],"neow_cost":"PERCENT_DAMAGE","seed_source_timestamp":635736333625203,"circlet_count":0,"master_deck":["AscendersBane","Strike_B","Strike_B","Defend_B","Defend_B","Defend_B","Defend_B","Zap+1","Dualcast+1","Ball Lightning","Beam Cell","Ball Lightning","Loop","Cold Snap","Go for the Eyes+1","Cold Snap","Consume+1","Rip and Tear","Echo Form","Self Repair","Leap","Machine Learning"],"special_seed":0,"relics":["Cracked Core","Anchor","Centennial Puzzle","Blue Candle","Busted Crown","Pen Nib"],"potions_floor_usage":[8,24,31,33,33],"damage_taken":[{"damage":10.0,"enemies":"2 Louse","floor":1.0,"turns":2.0},{"damage":7.0,"enemies":"Jaw Worm","floor":2.0,"turns":2.0},{"damage":0.0,"enemies":"Small Slimes","floor":4.0,"turns":2.0},{"damage":0.0,"enemies":"2 Fungi Beasts","floor":5.0,"turns":2.0},{"damage":9.0,"enemies":"Lots of Slimes","floor":7.0,"turns":4.0},{"damage":19,"enemies":"Lagavulin","floor":8,"turns":5},{"damage":7,"enemies":"Blue Slaver","floor":12,"turns":3},{"damage":10,"enemies":"Gremlin Nob","floor":14,"turns":3},{"damage":11,"enemies":"The Guardian","floor":16,"turns":10},{"damage":7,"enemies":"Chosen","floor":18,"turns":4},{"damage":1,"enemies":"Spheric Guardian","floor":19,"turns":3},{"damage":16,"enemies":"Shelled Parasite and Fungi","floor":22,"turns":5},{"damage":21,"enemies":"Snecko","floor":24,"turns":6},{"damage":15,"enemies":"3 Cultists","floor":25,"turns":4},{"damage":15,"enemies":"Snake Plant","floor":28,"turns":5},{"damage":0,"enemies":"Cultist and Chosen","floor":29,"turns":6},{"damage":22,"enemies":"Snecko","floor":30,"turns":5},{"damage":21,"enemies":"Sentry and Sphere","floor":31,"turns":4},{"damage":48,"enemies":"Collector","floor":33,"turns":5}],"seed_played":"-860097165989359963","potions_obtained":[{"floor":2.0,"key":"GamblersBrew"},{"floor":4.0,"key":"Weak Potion"},{"floor":5.0,"key":"Energy Potion"},{"floor":16,"key":"Energy Potion"},{"floor":18,"key":"Weak Potion"},{"floor":24,"key":"EssenceOfSteel"},{"floor":29,"key":"Fire Potion"},{"floor":31,"key":"Ancient Potion"}],"is_trial":false,"path_per_floor":["M","M","$","M","M","R","M","E","T","?","R","M","R","E","R","B",null,"M","M","$","?","M","R","M","M","T","R","M","M","M","M","R","B"],"character_chosen":"DEFECT","items_purchased":["Ball Lightning","Loop","Anchor","Leap","Machine Learning"],"campfire_rested":4,"item_purchase_floors":[3,3,3,20,20],"current_hp_per_floor":[40,33,33,33,33,33,24,5,5,5,27,20,42,32,32,21,62,55,54,54,54,52,52,38,30,30,52,37,44,29,22,44,0],"gold":187,"neow_bonus":"TWO_FIFTY_GOLD","is_prod":false,"is_daily":false,"chose_seed":false,"campfire_upgraded":3,"win_rate":0,"timestamp":1546210292,"path_taken":["M","M","$","M","M","R","M","E","T","?","R","M","R","E","R","BOSS","M","M","$","?","M","R","M","M","T","R","M","M","M","M","R","BOSS"],"build_version":"2018-12-20","purchased_purges":2,"victory":false,"max_hp_per_floor":[75,75,75,75,75,75,75,75,75,75,75,75,75,75,75,75,75,75,75,75,75,75,75,75,75,75,75,75,75,75,75,75,75],"card_choices":[{"not_picked":["Coolheaded","Barrage"],"picked":"Ball Lightning","floor":1.0},{"not_picked":["Lockon","Rebound"],"picked":"Beam Cell","floor":2.0},{"not_picked":["Coolheaded","Blizzard"],"picked":"Cold Snap","floor":4.0},{"not_picked":["Turbo","Barrage"],"picked":"Go for the Eyes","floor":5.0},{"not_picked":["Loop","Tempest"],"picked":"Cold Snap","floor":7.0},{"not_picked":["Steam","Rebound"],"picked":"Consume","floor":8},{"not_picked":["White Noise","Hologram"],"picked":"Rip and Tear","floor":12},{"not_picked":["Aggregate","Beam Cell","Amplify"],"picked":"SKIP","floor":14},{"not_picked":["Reboot","Core Surge"],"picked":"Echo Form","floor":16},{"not_picked":["Melter"],"picked":"SKIP","floor":18},{"not_picked":[],"picked":"Self Repair","floor":19},{"not_picked":["Aggregate"],"picked":"SKIP","floor":22},{"not_picked":["Gash"],"picked":"SKIP","floor":24},{"not_picked":["Force Field"],"picked":"SKIP","floor":25},{"not_picked":["Go for the Eyes"],"picked":"SKIP","floor":28},{"not_picked":["Melter+1"],"picked":"SKIP","floor":29},{"not_picked":["Streamline"],"picked":"SKIP","floor":30},{"not_picked":["Hologram"],"picked":"SKIP","floor":31}],"player_experience":831016,"relics_obtained":[{"floor":8,"key":"Centennial Puzzle"},{"floor":14,"key":"Blue Candle"},{"floor":26,"key":"Pen Nib"}],"event_choices":[{"damage_healed":0,"gold_gain":0,"player_choice":"Grow","damage_taken":0,"max_hp_gain":0,"max_hp_loss":0,"event_name":"Living Wall","floor":10,"gold_loss":0,"cards_upgraded":["Zap"]},{"damage_healed":0,"gold_gain":0,"player_choice":"Ignored","damage_taken":0,"max_hp_gain":0,"max_hp_loss":0,"event_name":"Beggar","floor":21,"gold_loss":0}],"is_beta":false,"boss_relics":[{"not_picked":["Pandora\u0027s Box","Black Star"],"picked":"Busted Crown"}],"items_purged_floors":[3,20],"is_endless":false,"potions_floor_spawned":[2,4,5,16,18,19,24,29,31],"killed_by":"Collector","ascension_level":13}