{"gold_per_floor":[111,286,109,129,79,405,420,453,453,453,528,528,508,540,540,637,637,657,671,297,308,328,328,28,28,28,43,43,62,87,87,87,184,184,204,204,218,218,218],"floor_reached":39,"playtime":1975,"items_purged":["Doubt","Strike_B"],"score":546,"play_id":"86771183-43ff-479b-8961-c0de3c6d5c62","local_time":"20190216220841","is_ascension_mode":true,"campfire_choices":[{"data":"Consume","floor":10,"key":"SMITH"},{"data":"Seek","floor":15,"key":"SMITH"},{"data":"Creative AI","floor":23,"key":"SMITH"},{"data":"Loop","floor":25,"key":"SMITH"},{"floor":28,"key":"REST"},{"floor":32,"key":"REST"}],"neow_cost":"NONE","seed_source_timestamp":26404953594500,"circlet_count":0,"master_deck":["Strike_B+1","Strike_B+1","Defend_B+1","Defend_B+1","Defend_B+1","Defend_B+1","Zap+1","Dualcast","BootSequence","Conserve Battery","Cold Snap+1","Consume+1","Seek+1","Creative AI+1","Ball Lightning+1","Loop+1","Seek+1","Echo Form"],"relics":["Cracked Core","Old Coin","Bottled Lightning","Matryoshka","Bag of Preparation","Nuclear Battery","DollysMirror","Happy Flower","Vajra","Art of War","Incense Burner","Smiling Mask","Inserter","Whetstone","Bottled Tornado"],"potions_floor_usage":[6,8,8,8,8,13,16,16,19,30,30,30],"damage_taken":[{"damage":2,"enemies":"2 Louse","floor":1,"turns":2},{"damage":0,"enemies":"Small Slimes","floor":4,"turns":3},{"damage":21,"enemies":"Lagavulin","floor":6,"turns":9},{"damage":0,"enemies":"Cultist","floor":7,"turns":3},{"damage":8,"enemies":"3 Sentries","floor":8,"turns":6},{"damage":26,"enemies":"Gremlin Nob","floor":14,"turns":4},{"damage":19,"enemies":"Hexaghost","floor":16,"turns":10},{"damage":21,"enemies":"Spheric Guardian","floor":18,"turns":5},{"damage":0,"enemies":"Chosen","floor":19,"turns":6},{"damage":21,"enemies":"Sentry and Sphere","floor":21,"turns":6},{"damage":3,"enemies":"Cultist and Chosen","floor":22,"turns":8},{"damage":14,"enemies":"Snecko","floor":27,"turns":5},{"damage":16,"enemies":"Snake Plant","floor":29,"turns":3},{"damage":16,"enemies":"Slavers","floor":30,"turns":4},{"damage":14,"enemies":"Collector","floor":33,"turns":9},{"damage":6,"enemies":"Orb Walker","floor":35,"turns":4},{"damage":23,"enemies":"3 Darklings","floor":37,"turns":5},{"damage":42,"enemies":"Transient","floor":39,"turns":3}],"seed_played":"-7299510399601515595","potions_obtained":[{"floor":0,"key":"SteroidPotion"},{"floor":0,"key":"Weak Potion"},{"floor":0,"key":"Regen Potion"},{"floor":7,"key":"EntropicBrew"},{"floor":13,"key":"Fruit Juice"},{"floor":16,"key":"Explosive Potion"},{"floor":18,"key":"Regen Potion"},{"floor":27,"key":"Fire Potion"},{"floor":29,"key":"SkillPotion"},{"floor":35,"key":"Ancient Potion"},{"floor":37,"key":"FocusPotion"}],"is_trial":false,"path_per_floor":["M","?","$","M","?","E","M","E","T","R","?","?","?","E","R","B",null,"M","M","$","M","M","R","$","R","T","M","R","M","E","?","R","B",null,"M","?","M","T","M"],"character_chosen":"DEFECT","items_purchased":["Conserve Battery","Cold Snap","Loop","DollysMirror","Happy Flower","Vajra"],"campfire_rested":2,"item_purchase_floors":[3,3,20,20,24,24],"current_hp_per_floor":[73,73,73,73,73,52,52,59,59,59,48,48,53,27,27,8,62,41,56,56,35,32,32,32,32,32,18,42,26,10,10,34,20,65,59,59,36,36,0],"gold":218,"neow_bonus":"THREE_SMALL_POTIONS","is_prod":false,"is_daily":false,"chose_seed":false,"campfire_upgraded":4,"win_rate":0,"timestamp":1550347721,"path_taken":["M","?","$","M","?","E","M","E","T","R","?","?","?","E","R","BOSS","M","M","$","M","M","R","$","R","T","?","R","M","E","?","R","BOSS","M","?","?","?","M"],"build_version":"2019-01-23","purchased_purges":2,"victory":false,"max_hp_per_floor":[75,75,75,75,75,75,75,75,75,75,75,75,80,80,80,80,80,80,80,80,80,80,80,80,80,80,80,80,80,80,80,80,80,80,80,80,80,80,80],"card_choices":[{"not_picked":["Hello World","Sweeping Beam"],"picked":"BootSequence","floor":1},{"not_picked":["Recycle","Rip and Tear","Cold Snap"],"picked":"SKIP","floor":4},{"not_picked":["Machine Learning","Storm","Stack"],"picked":"SKIP","floor":6},{"not_picked":["Scrape","Cold Snap","Redo"],"picked":"SKIP","floor":7},{"not_picked":["Force Field","Stack"],"picked":"Consume","floor":8},{"not_picked":["Redo","Sunder"],"picked":"Seek","floor":14},{"not_picked":["Amplify","All For One"],"picked":"Creative AI","floor":16},{"not_picked":["Static Discharge","Rebound+1"],"picked":"Ball Lightning","floor":18},{"not_picked":["Conserve Battery","Coolheaded+1","Cold Snap"],"picked":"SKIP","floor":19},{"not_picked":["Scrape","Compile Driver","Melter"],"picked":"SKIP","floor":21},{"not_picked":["Scrape","Coolheaded","Turbo"],"picked":"SKIP","floor":22},{"not_picked":["Heatsinks","Gash","Go for the Eyes"],"picked":"SKIP","floor":27},{"not_picked":["Amplify","Consume","Redo"],"picked":"SKIP","floor":29},{"not_picked":["Compile Driver","Streamline+1","Beam Cell"],"picked":"SKIP","floor":30},{"not_picked":["Hyperbeam","Seek"],"picked":"Echo Form","floor":33},{"not_picked":["Ball Lightning","Undo+1","Hologram"],"picked":"SKIP","floor":35},{"not_picked":["Undo","Reprogram","Barrage"],"picked":"SKIP","floor":37}],"player_experience":780833,"relics_obtained":[{"floor":6,"key":"Old Coin"},{"floor":8,"key":"Bottled Lightning"},{"floor":9,"key":"Matryoshka"},{"floor":14,"key":"Bag of Preparation"},{"floor":26,"key":"Art of War"},{"floor":26,"key":"Incense Burner"},{"floor":30,"key":"Smiling Mask"},{"floor":38,"key":"Whetstone"},{"floor":38,"key":"Bottled Tornado"}],"event_choices":[{"damage_healed":0,"gold_gain":175,"player_choice":"AGREE","damage_taken":0,"max_hp_gain":0,"max_hp_loss":0,"event_name":"Liars Game","floor":2,"gold_loss":0,"cards_obtained":["Doubt"]},{"cards_removed":["Strike_B"],"damage_healed":0,"gold_gain":0,"player_choice":"Card Removal","damage_taken":0,"max_hp_gain":0,"max_hp_loss":0,"event_name":"The Cleric","floor":5,"gold_loss":50},{"damage_healed":0,"gold_gain":75,"player_choice":"Gather Gold","damage_taken":11,"max_hp_gain":0,"max_hp_loss":0,"event_name":"World of Goop","floor":11,"gold_loss":0},{"damage_healed":0,"gold_gain":0,"player_choice":"Grow","damage_taken":0,"max_hp_gain":0,"max_hp_loss":0,"event_name":"Living Wall","floor":12,"gold_loss":0,"cards_upgraded":["Zap"]},{"damage_healed":0,"gold_gain":0,"player_choice":"Bought 1 Potion","damage_taken":0,"max_hp_gain":0,"max_hp_loss":0,"event_name":"The Woman in Blue","floor":13,"gold_loss":0},{"damage_healed":0,"gold_gain":0,"player_choice":"Simplicity","damage_taken":0,"max_hp_gain":0,"max_hp_loss":0,"event_name":"Back to Basics","floor":31,"gold_loss":0,"cards_upgraded":["Strike_B","Strike_B","Defend_B","Defend_B","Defend_B","Defend_B"]},{"damage_healed":0,"gold_gain":0,"player_choice":"0 cards matched","damage_taken":0,"max_hp_gain":0,"max_hp_loss":0,"event_name":"Match and Keep!","floor":36,"gold_loss":0,"cards_obtained":[]}],"is_beta":false,"boss_relics":[{"not_picked":["Astrolabe","Calling Bell"],"picked":"Nuclear Battery"},{"not_picked":["Cursed Key","Busted Crown"],"picked":"Inserter"}],"items_purged_floors":[3,20],"is_endless":false,"potions_floor_spawned":[7,8,16,18,27,29,35,37],"killed_by":"Transient","ascension_level":5}