{"gold_per_floor":[118,293,307,78,91,91,122,122,173,204,204,204,104,125,125,246,246,237,237],"floor_reached":19,"playtime":1021,"items_purged":["Doubt","Strike_B"],"score":193,"play_id":"7ee59529-d15f-460b-8882-5bd5837a6865","local_time":"20180906140006","is_ascension_mode":true,"campfire_choices":[{"data":"White Noise","floor":6,"key":"SMITH"},{"data":"Conserve Battery","floor":8,"key":"SMITH"},{"data":"Defend_B","floor":12,"key":"PURGE"},{"floor":15,"key":"REST"}],"neow_cost":"TEN_PERCENT_HP_LOSS","seed_source_timestamp":0,"circlet_count":0,"master_deck":["Strike_B","Strike_B","Strike_B","Defend_B","Defend_B","Defend_B","Zap","Dualcast","Thunder Strike","Reinforced Body","Gash","White Noise+1","Conserve Battery+1","Thunder Strike","Ball Lightning"],"special_seed":0,"relics":["Cracked Core","Juzu Bracelet","Ancient Tea Set","Anchor","Peace Pipe","Golden Idol","Runic Pyramid"],"potions_floor_usage":[7],"damage_taken":[{"damage":2.0,"enemies":"Jaw Worm","floor":1.0,"turns":3.0},{"damage":5,"enemies":"2 Louse","floor":3,"turns":2},{"damage":0,"enemies":"Small Slimes","floor":5,"turns":3},{"damage":51,"enemies":"3 Sentries","floor":7,"turns":12},{"damage":18,"enemies":"Lagavulin","floor":10,"turns":8},{"damage":0,"enemies":"Blue Slaver","floor":14,"turns":2},{"damage":29,"enemies":"Hexaghost","floor":16,"turns":13},{"damage":23,"enemies":"2 Thieves","floor":18,"turns":5},{"damage":47,"enemies":"Masked Bandits","floor":19,"turns":4}],"seed_played":"2814550395147644459","potions_obtained":[{"floor":1,"key":"Regen Potion"},{"floor":14,"key":"SpeedPotion"}],"is_trial":false,"path_per_floor":["M","?","M","$","M","R","E","R","T","E","?","R","$","M","R","B",null,"M"],"character_chosen":"DEFECT","items_purchased":["Juzu Bracelet"],"campfire_rested":1,"item_purchase_floors":[4],"current_hp_per_floor":[66,66,61,61,61,61,32,32,32,14,14,14,14,14,32,3,63,40,0],"gold":237,"neow_bonus":"THREE_RARE_CARDS","is_prod":false,"is_daily":false,"chose_seed":false,"campfire_upgraded":2,"win_rate":0,"timestamp":1536208206,"path_taken":["M","?","?","?","M","R","E","R","T","E","?","R","$","M","R","BOSS","M","?"],"build_version":"2018-08-30","purchased_purges":2,"victory":false,"max_hp_per_floor":[68,68,68,68,68,68,68,68,68,68,63,63,63,63,63,63,63,63,63],"card_choices":[{"not_picked":["Fission","Amplify"],"picked":"Thunder Strike","floor":0.0},{"not_picked":["Coolheaded","Compile Driver"],"picked":"Reinforced Body","floor":1},{"not_picked":["Steam","Rebound"],"picked":"Gash","floor":3},{"not_picked":["Fusion","Beam Cell"],"picked":"White Noise","floor":5},{"not_picked":["Thunder Strike","Sunder"],"picked":"Conserve Battery","floor":7},{"not_picked":["Rebound","Force Field","Doom and Gloom"],"picked":"SKIP","floor":10},{"not_picked":["Stack","Hologram","Cold Snap"],"picked":"SKIP","floor":14},{"not_picked":["Hyperbeam","Fission"],"picked":"Thunder Strike","floor":16},{"not_picked":["Double Energy","Cold Snap+1"],"picked":"Ball Lightning","floor":18}],"player_experience":136491,"relics_obtained":[{"floor":7,"key":"Ancient Tea Set"},{"floor":9,"key":"Anchor"},{"floor":10,"key":"Peace Pipe"}],"event_choices":[{"event_name":"Liars Game","player_choice":"agreed","floor":2,"damage_taken":0},{"event_name":"Golden Idol","player_choice":"Lose Max HP","floor":11,"damage_taken":0},{"event_name":"Masked Bandits","player_choice":"Fought Bandits","floor":19,"damage_taken":0}],"is_beta":false,"boss_relics":[{"not_picked":["Tiny House","Snecko Eye"],"picked":"Runic Pyramid"}],"items_purged_floors":[4,13],"is_endless":false,"potions_floor_spawned":[1,14],"killed_by":"Masked Bandits","ascension_level":2}