{"gold_per_floor":[114,133,146,162,88,116,116,143,143,31,31,31,31,45,45,148,148,163,14,27,40,56,56,56],"floor_reached":24,"playtime":1178,"items_purged":["Chaos"],"score":333,"play_id":"c64a727d-2cde-410a-b97f-f04171071954","local_time":"20190211144918","is_ascension_mode":false,"campfire_choices":[{"floor":7,"key":"RECALL"},{"floor":11,"key":"REST"},{"floor":15,"key":"REST"},{"data":"Mayhem","floor":23,"key":"SMITH"}],"neow_cost":"","seed_source_timestamp":326264551441735,"circlet_count":0,"master_deck":["Gash","Gash","Gash","Gash","Gash","Defend_B","Defend_B","Defend_B","Defend_B","Defend_B","Mayhem+1","Glacier","Clawfect:ClawForTheEyes","Clawfect:Clawrage","Clawfect:Clawline","Clawfect:Clawrage","Clawfect:Clawline","Clawfect:Clawter","Clawfect:ClawAndTear","Echo Form","Clawfect:ClawSnap","Clawfect:Clawline","Gash","Gash"],"relics":["Clawfect:DRClaw","WingedGreaves","Mummified Hand","ClockworkSouvenir","Anchor","Dream Catcher","Coffee Dripper","Runesmith:AutoHammer"],"potions_floor_usage":[16,16,16,22,24],"damage_taken":[{"damage":0,"enemies":"Cultist","floor":1,"turns":4},{"damage":0,"enemies":"Jaw Worm","floor":2,"turns":4},{"damage":7,"enemies":"Small Slimes","floor":3,"turns":4},{"damage":19,"enemies":"Gremlin Gang","floor":4,"turns":5},{"damage":3,"enemies":"Lagavulin","floor":6,"turns":5},{"damage":22,"enemies":"3 Sentries","floor":8,"turns":5},{"damage":1,"enemies":"3 Louse","floor":14,"turns":4},{"damage":12,"enemies":"The Guardian","floor":16,"turns":6},{"damage":18,"enemies":"theJungle:GiantWrat","floor":18,"turns":5},{"damage":8,"enemies":"Shell Parasite","floor":20,"turns":4},{"damage":14,"enemies":"theJungle:2_Flameangoes","floor":21,"turns":4},{"damage":18,"enemies":"theJungle:JungleHuntersEncounter","floor":22,"turns":5},{"damage":13,"enemies":"theJungle:Lyon","floor":24,"turns":3}],"seed_played":"-1510006539994196195","potions_obtained":[{"floor":1,"key":"SteroidPotion"},{"floor":8,"key":"SkillPotion"},{"floor":13,"key":"PowerPotion"},{"floor":13,"key":"EssenceOfSteel"},{"floor":16,"key":"Ancient Potion"},{"floor":18,"key":"Explosive Potion"},{"floor":22,"key":"Block Potion"}],"is_trial":false,"path_per_floor":["M","M","M","M","$","E","R","E","T","$","R","?","?","M","R","B",null,"M","$","M","M","M","R","M"],"character_chosen":"DEFECT","items_purchased":["Mayhem","Mummified Hand","ClockworkSouvenir","Clawfect:Clawline","Clawfect:Clawrage","Clawfect:ClawAndTear","Runesmith:AutoHammer"],"campfire_rested":2,"item_purchase_floors":[0,0,0,5,5,10,19],"current_hp_per_floor":[70,70,63,44,44,41,41,19,19,19,40,40,40,39,60,48,70,52,52,44,30,12,12,0],"gold":56,"neow_bonus":"","is_prod":false,"is_daily":false,"chose_seed":false,"campfire_upgraded":1,"win_rate":0,"timestamp":1549858758,"path_taken":["M","M","?","M","$","E","R","E","T","$","R","?","?","?","R","BOSS","M","$","?","M","M","R","M"],"build_version":"2019-01-23","purchased_purges":1,"victory":false,"max_hp_per_floor":[70,70,70,70,70,70,70,70,70,70,70,70,70,70,70,70,70,70,70,70,70,70,70,70],"card_choices":[{"not_picked":["Leap","Conserve Battery"],"picked":"Glacier","floor":1},{"not_picked":["Force Field","Aggregate"],"picked":"Clawfect:ClawForTheEyes","floor":2},{"not_picked":["Steam Power","Steam"],"picked":"Clawfect:Clawrage","floor":3},{"not_picked":["Recycle","Heatsinks"],"picked":"Chaos","floor":4},{"not_picked":["Clawfect:ClawAndTear","Clawfect:ClawpileDriver"],"picked":"Clawfect:Clawline","floor":6},{"not_picked":["Leap","FTL"],"picked":"Clawfect:Clawter","floor":8},{"not_picked":["Hologram","Steam"],"picked":"Echo Form","floor":11},{"not_picked":["Rebound","Clawfect:Clawter"],"picked":"Clawfect:ClawSnap","floor":14},{"not_picked":["Reprogram","Rebound"],"picked":"Clawfect:Clawline","floor":15},{"not_picked":["FTL+1","Stack"],"picked":"Gash","floor":18},{"not_picked":["Clawfect:ClawLightning+1","Fusion"],"picked":"Gash","floor":20},{"not_picked":["Rebound+1","Undo","Clawfect:Clawter"],"picked":"SKIP","floor":21},{"not_picked":["Chill","Clawfect:ClawSnap","Machine Learning"],"picked":"SKIP","floor":22}],"player_experience":457028,"relics_obtained":[{"floor":6,"key":"Anchor"},{"floor":8,"key":"Dream Catcher"}],"event_choices":[{"damage_healed":0,"gold_gain":0,"player_choice":"Ignored","damage_taken":0,"max_hp_gain":0,"max_hp_loss":0,"event_name":"Liars Game","floor":12,"gold_loss":0},{"damage_healed":0,"gold_gain":0,"player_choice":"Got Potions","damage_taken":0,"max_hp_gain":0,"max_hp_loss":0,"event_name":"Lab","floor":13,"gold_loss":0}],"is_beta":false,"boss_relics":[{"not_picked":["Inserter","Astrolabe"],"picked":"Coffee Dripper"}],"items_purged_floors":[10],"is_endless":false,"potions_floor_spawned":[1,8,14,16,18,22],"killed_by":"theJungle:Lyon","ascension_level":0}