{"gold_per_floor":[118,132,152,152,227,227,253,272,302,313,328,328,344,400,400,497,497,513,513,530,530,630,630,657,208,234,252,269,269,286,302,302,407,407,424,424,165,182,197,197,229,229,229,229,244,244,271,285,285,285],"floor_reached":51,"playtime":2542,"items_purged":["Strike_B","Pain"],"score":759,"play_id":"da17b92b-8b3f-4bc5-9b8e-02044d771a14","local_time":"20181002000050","is_ascension_mode":true,"campfire_choices":[{"floor":6.0,"key":"REST"},{"floor":12.0,"key":"REST"},{"floor":15.0,"key":"REST"},{"floor":23.0,"key":"REST"},{"floor":32.0,"key":"REST"},{"floor":42,"key":"REST"},{"floor":44,"key":"REST"},{"floor":46,"key":"REST"},{"floor":49,"key":"REST"}],"neow_cost":"NONE","seed_source_timestamp":0,"circlet_count":0,"master_deck":["Strike_B","Strike_B","Defend_B","Defend_B","Defend_B","Zap","Dualcast","Conserve Battery","Coolheaded","Hello World","Coolheaded","Cold Snap","Electrodynamics+1","Capacitor+1","Double Energy","Doom and Gloom","Double Energy","Undo","All For One","Thunder Strike","Barrage","Sunder","Defragment","Barrage+1","Echo Form","Conserve Battery+1","Writhe","Glacier","Ball Lightning+1"],"special_seed":0,"relics":["Snecko Eye","Bronze Scales","Darkstone Periapt","Tiny Chest","Symbiotic Virus","Sozu","StoneCalendar","Prayer Wheel","Centennial Puzzle","Mango","Empty Cage","WarpedTongs","Emotion Chip","Potion Belt","Ancient Tea Set"],"potions_floor_usage":[],"damage_taken":[{"damage":18.0,"enemies":"Cultist","floor":1.0,"turns":5.0},{"damage":5.0,"enemies":"Jaw Worm","floor":2.0,"turns":4.0},{"damage":7.0,"enemies":"Small Slimes","floor":3.0,"turns":5.0},{"damage":13.0,"enemies":"Lagavulin","floor":7.0,"turns":6.0},{"damage":15.0,"enemies":"2 Fungi Beasts","floor":8.0,"turns":4.0},{"damage":6.0,"enemies":"Blue Slaver","floor":10.0,"turns":4.0},{"damage":14.0,"enemies":"Exordium Wildlife","floor":11.0,"turns":5.0},{"damage":2.0,"enemies":"2 Fungi Beasts","floor":13.0,"turns":3.0},{"damage":11.0,"enemies":"Gremlin Nob","floor":14.0,"turns":4.0},{"damage":16.0,"enemies":"The Guardian","floor":16.0,"turns":15.0},{"damage":5.0,"enemies":"2 Thieves","floor":18.0,"turns":3.0},{"damage":3.0,"enemies":"Shell Parasite","floor":20.0,"turns":4.0},{"damage":19.0,"enemies":"Colosseum Slavers","floor":21.0,"turns":3.0},{"damage":18.0,"enemies":"Gremlin Leader","floor":24.0,"turns":7.0},{"damage":10.0,"enemies":"3 Cultists","floor":27.0,"turns":4.0},{"damage":8.0,"enemies":"Shelled Parasite and Fungi","floor":28.0,"turns":5.0},{"damage":4.0,"enemies":"Centurion and Healer","floor":30.0,"turns":4.0},{"damage":0.0,"enemies":"3 Cultists","floor":31.0,"turns":4.0},{"damage":28.0,"enemies":"Automaton","floor":33.0,"turns":7.0},{"damage":13.0,"enemies":"3 Shapes","floor":35.0,"turns":4.0},{"damage":13.0,"enemies":"3 Darklings","floor":38.0,"turns":3.0},{"damage":34.0,"enemies":"Transient","floor":39.0,"turns":5.0},{"damage":44.0,"enemies":"Nemesis","floor":41.0,"turns":5.0},{"damage":27,"enemies":"Spire Growth","floor":45,"turns":5},{"damage":16,"enemies":"4 Shapes","floor":48,"turns":2},{"damage":36,"enemies":"Donu and Deca","floor":50,"turns":7}],"seed_played":"-8243420824651862526","potions_obtained":[{"floor":1.0,"key":"Poison Potion"},{"floor":2.0,"key":"Energy Potion"},{"floor":13.0,"key":"FairyPotion"},{"floor":14.0,"key":"SteroidPotion"},{"floor":14.0,"key":"Ancient Potion"},{"floor":16.0,"key":"Poison Potion"}],"is_trial":false,"path_per_floor":["M","M","M","?","?","R","E","M","T","M","M","R","M","?","R","B",null,"M","?","M","?","?","R","E","$","T","M","M","T","M","M","R","B",null,"M","?","$","M","M","?","E","R","T","R","M","R","T","M","R","B"],"character_chosen":"DEFECT","items_purchased":["Doom and Gloom","Prayer Wheel","Sunder","Defragment"],"campfire_rested":9,"item_purchase_floors":[25,25,37,37],"current_hp_per_floor":[57,52,45,45,34,56,43,28,28,22,8,30,28,17,39,23,75,70,70,67,48,48,70,52,52,52,42,34,48,44,44,70,42,89,76,82,82,69,35,65,21,51,51,81,54,84,84,68,98,62],"gold":285,"neow_bonus":"BOSS_RELIC","is_prod":false,"is_daily":false,"chose_seed":false,"campfire_upgraded":0,"win_rate":0,"timestamp":1538406050,"path_taken":["M","?","M","?","?","R","E","?","T","M","M","R","M","?","R","BOSS","M","?","M","?","?","R","E","$","T","?","M","?","M","?","R","BOSS","M","?","$","M","M","?","E","R","T","R","M","R","?","M","R","BOSS"],"build_version":"2018-09-27","purchased_purges":2,"victory":true,"max_hp_per_floor":[75,75,75,75,75,75,75,75,75,75,75,75,75,75,75,75,75,75,75,75,75,75,75,75,75,75,75,75,89,89,89,89,89,89,89,95,95,95,95,101,101,101,101,101,101,101,101,101,101,101],"card_choices":[{"not_picked":["Scrape","Compile Driver","Capacitor"],"picked":"SKIP","floor":1.0},{"not_picked":["Stack","Hologram","Loop"],"picked":"SKIP","floor":2.0},{"not_picked":["Compile Driver","Reboot"],"picked":"Conserve Battery","floor":3.0},{"not_picked":["Aggregate","Scrape","Gash"],"picked":"SKIP","floor":7.0},{"not_picked":["Streamline","Steam"],"picked":"Coolheaded","floor":8.0},{"not_picked":["Reprogram","Rebound"],"picked":"Hello World","floor":10.0},{"not_picked":["Redo","Rebound"],"picked":"Coolheaded","floor":11.0},{"not_picked":["Leap","Conserve Battery"],"picked":"Cold Snap","floor":13.0},{"not_picked":["Core Surge","Seek"],"picked":"Electrodynamics","floor":16.0},{"not_picked":["Steam+1","Coolheaded"],"picked":"Capacitor+1","floor":18.0},{"not_picked":["Compile Driver+1","Gash","Darkness"],"picked":"SKIP","floor":20.0},{"not_picked":["Turbo","Steam Power"],"picked":"Double Energy","floor":24.0},{"not_picked":["Barrage","Cold Snap"],"picked":"Double Energy","floor":27.0},{"not_picked":["Streamline","Stack","Compile Driver+1"],"picked":"SKIP","floor":27.0},{"not_picked":["White Noise+1","Leap+1","Redo"],"picked":"SKIP","floor":28.0},{"not_picked":["Tempest","Gash","Rebound+1"],"picked":"SKIP","floor":28.0},{"not_picked":["Streamline+1","Redo+1"],"picked":"Undo","floor":30.0},{"not_picked":["Turbo","Beam Cell","Undo"],"picked":"SKIP","floor":30.0},{"not_picked":["Beam Cell","Chill"],"picked":"All For One","floor":31.0},{"not_picked":["Reinforced Body+1","Sweeping Beam","Coolheaded"],"picked":"SKIP","floor":31.0},{"not_picked":["Machine Learning","Reboot"],"picked":"Thunder Strike","floor":33.0},{"not_picked":["Redo+1","Coolheaded+1"],"picked":"Barrage","floor":35.0},{"not_picked":["Genetic Algorithm+1","Ball Lightning","Go for the Eyes+1"],"picked":"SKIP","floor":35.0},{"not_picked":["Melter","Defragment+1"],"picked":"Barrage+1","floor":38.0},{"not_picked":["Turbo","Rebound","Streamline+1"],"picked":"SKIP","floor":38.0},{"not_picked":["Cold Snap","Aggregate"],"picked":"Echo Form","floor":39.0},{"not_picked":["Leap","Reinforced Body"],"picked":"Conserve Battery+1","floor":39.0},{"not_picked":["Cold Snap+1","Genetic Algorithm","Beam Cell"],"picked":"SKIP","floor":41.0},{"not_picked":["Streamline","Storm+1"],"picked":"Glacier","floor":45},{"not_picked":["Gash","Turbo+1"],"picked":"Ball Lightning+1","floor":45},{"not_picked":["Redo","Compile Driver","Capacitor"],"picked":"SKIP","floor":48},{"not_picked":["Compile Driver","Leap","Force Field"],"picked":"SKIP","floor":48}],"player_experience":78732,"relics_obtained":[{"floor":7.0,"key":"Darkstone Periapt"},{"floor":9.0,"key":"Tiny Chest"},{"floor":24.0,"key":"StoneCalendar"},{"floor":26.0,"key":"Centennial Puzzle"},{"floor":29.0,"key":"Mango"},{"floor":41.0,"key":"Emotion Chip"},{"floor":43,"key":"Potion Belt"},{"floor":47,"key":"Ancient Tea Set"}],"event_choices":[{"event_name":"WeMeetAgain","player_choice":"Potion","floor":4.0,"damage_taken":0.0},{"event_name":"World of Goop","player_choice":"Gather Gold","floor":5.0,"damage_taken":0.0},{"event_name":"Dead Adventurer","player_choice":"Searched \u00272\u0027 times","floor":14.0,"damage_taken":0.0},{"event_name":"Upgrade Shrine","player_choice":"Upgraded","floor":19.0,"damage_taken":0.0},{"event_name":"Colosseum","player_choice":"Fight","floor":21.0,"damage_taken":0.0},{"event_name":"Colosseum","player_choice":"Fled From Nobs","floor":21.0,"damage_taken":0.0},{"event_name":"Golden Shrine","player_choice":"Pray","floor":22.0,"damage_taken":0.0},{"event_name":"Accursed Blacksmith","player_choice":"Rummage","floor":36.0,"damage_taken":0.0},{"event_name":"Winding Halls","player_choice":"Writhe","floor":40.0,"damage_taken":0.0}],"is_beta":false,"boss_relics":[{"not_picked":["Coffee Dripper","Runic Dome"],"picked":"Sozu"},{"not_picked":["Busted Crown","Cursed Key"],"picked":"Empty Cage"}],"items_purged_floors":[25,37],"is_endless":false,"potions_floor_spawned":[1,2,13,14,14,16,18,27,31,41,48],"ascension_level":1}