{"gold_per_floor":[119,119,119,119,119,158,158,193,193,207,251,271,32,75,75,170,170,185,185,67,80,94,94,127,151,198,98,111,111,36,60,60,153,153,177,227,252,552,570,570,23,0,0,0],"floor_reached":44,"playtime":1023,"items_purged":["Evolve","Strike_R"],"score":1183,"play_id":"d5702b32-9790-43c8-a243-ed419d25f8c3","local_time":"20180829053121","is_ascension_mode":true,"campfire_choices":[{"data":"Demon Form","floor":7,"key":"SMITH"},{"data":"Perfected Strike","floor":15,"key":"SMITH"},{"data":"Perfected Strike","floor":23,"key":"SMITH"},{"floor":29,"key":"REST"},{"floor":32,"key":"REST"},{"floor":40,"key":"REST"}],"neow_cost":"NONE","seed_source_timestamp":1016668095275254,"circlet_count":0,"master_deck":["Strike_R","Strike_R+1","Strike_R+1","Defend_R+1","Defend_R+1","Defend_R+1","Bash","AscendersBane","Perfected Strike+1","Demon Form+1","Twin Strike+1","Pommel Strike","Twin Strike","Fiend Fire","Battle Trance","Perfected Strike+1","Limit Break","Battle Trance+1","Perfected Strike+1","Reaper","Body Slam+1","Seeing Red","Pummel"],"relics":["Burning Blood","NeowsBlessing","Golden Idol","Calipers","Bronze Scales","War Paint","Anchor","Magic Flower","Whetstone","Red Skull","White Beast Statue","Art of War","Juzu Bracelet","Fusion Hammer","Regal Pillow","Bottled Flame","Red Mask","Meat on the Bone"],"potions_floor_usage":[12,14,14,14,16,18,20,22,24,24,28,31,33,33,37,37,39,44],"damage_taken":[{"damage":0,"enemies":"Jaw Worm","floor":1,"turns":1},{"damage":0,"enemies":"Gremlin Nob","floor":6,"turns":1},{"damage":0,"enemies":"3 Sentries","floor":8,"turns":1},{"damage":5,"enemies":"2 Louse","floor":10,"turns":3},{"damage":8,"enemies":"Gremlin Nob","floor":11,"turns":3},{"damage":0,"enemies":"Small Slimes","floor":12,"turns":2},{"damage":0,"enemies":"Lagavulin","floor":14,"turns":3},{"damage":0,"enemies":"Slime Boss","floor":16,"turns":4},{"damage":7,"enemies":"2 Thieves","floor":18,"turns":4},{"damage":10,"enemies":"3 Byrds","floor":21,"turns":2},{"damage":36,"enemies":"Snecko","floor":22,"turns":4},{"damage":63,"enemies":"Slavers","floor":24,"turns":7},{"damage":23,"enemies":"3 Cultists","floor":25,"turns":4},{"damage":0,"enemies":"Chosen and Byrds","floor":28,"turns":2},{"damage":25,"enemies":"Sentry and Sphere","floor":31,"turns":4},{"damage":44,"enemies":"Champ","floor":33,"turns":7},{"damage":1,"enemies":"Orb Walker","floor":35,"turns":2},{"damage":31,"enemies":"3 Darklings","floor":37,"turns":5},{"damage":66,"enemies":"Sphere and 2 Shapes","floor":39,"turns":9},{"damage":37,"enemies":"Spire Growth","floor":44,"turns":3}],"seed_played":"-5982805598835684669","potions_obtained":[{"floor":6,"key":"SkillPotion"},{"floor":8,"key":"SneckoOil"},{"floor":12,"key":"EntropicBrew"},{"floor":16,"key":"SkillPotion"},{"floor":18,"key":"Regen Potion"},{"floor":21,"key":"Regen Potion"},{"floor":22,"key":"Energy Potion"},{"floor":24,"key":"FearPotion"},{"floor":25,"key":"Dexterity Potion"},{"floor":28,"key":"BloodPotion"},{"floor":31,"key":"SkillPotion"},{"floor":33,"key":"SkillPotion"},{"floor":35,"key":"Explosive Potion"},{"floor":37,"key":"Strength Potion"},{"floor":39,"key":"Block Potion"}],"is_trial":false,"path_per_floor":["M","?","?","?","?","E","R","E","T","M","E","M","$","E","R","B",null,"M","?","$","M","M","R","E","M","T","$","M","R","?","M","R","B",null,"M","?","M","?","M","R","$","?","T"],"character_chosen":"IRONCLAD","items_purchased":["Whetstone","Fruit Juice","Regal Pillow","Bottled Flame","Pummel"],"campfire_rested":3,"item_purchase_floors":[13,20,41,41,41],"current_hp_per_floor":[74,48,25,25,7,13,13,19,19,20,18,27,27,36,36,45,68,70,70,75,74,58,58,28,14,14,14,23,47,47,43,67,32,68,76,68,46,46,10,34,34,34,34,0],"gold":0,"neow_bonus":"THREE_ENEMY_KILL","is_prod":false,"is_daily":false,"chose_seed":false,"campfire_upgraded":3,"win_rate":0,"timestamp":1535488281,"path_taken":["M","?","?","?","?","E","R","E","T","M","E","?","$","E","R","BOSS","M","?","$","?","M","R","E","M","T","?","M","R","?","M","R","BOSS","M","?","M","?","M","R","$","?","T","M"],"build_version":"2018-08-23v2","purchased_purges":2,"victory":false,"max_hp_per_floor":[75,75,75,75,75,75,75,75,75,75,75,75,75,75,75,75,75,75,75,80,80,80,80,80,80,80,80,80,80,80,80,80,80,80,80,80,80,80,80,80,80,80,80,80],"card_choices":[{"not_picked":["True Grit","Twin Strike"],"picked":"Perfected Strike","floor":1},{"not_picked":["Metallicize","Flex"],"picked":"Demon Form","floor":6},{"not_picked":["Reckless Charge","Demon Form","Bloodletting"],"picked":"SKIP","floor":8},{"not_picked":["Corruption","Iron Wave"],"picked":"Twin Strike","floor":10},{"not_picked":["Cleave","Whirlwind"],"picked":"Pommel Strike","floor":11},{"not_picked":["Anger","Pummel","Corruption"],"picked":"SKIP","floor":12},{"not_picked":["Dropkick","Clash"],"picked":"Twin Strike","floor":14},{"not_picked":["Exhume","Demon Form"],"picked":"Fiend Fire","floor":16},{"not_picked":["Iron Wave","Headbutt+1"],"picked":"Battle Trance","floor":18},{"not_picked":["Rupture","Clothesline","Second Wind"],"picked":"SKIP","floor":21},{"not_picked":["Cleave","Thunderclap"],"picked":"Perfected Strike","floor":22},{"not_picked":["Shrug It Off","Second Wind"],"picked":"Limit Break","floor":24},{"not_picked":["Flex","Shockwave+1"],"picked":"Battle Trance+1","floor":25},{"not_picked":["Flex","Armaments","Corruption"],"picked":"SKIP","floor":28},{"not_picked":["Clash","Rupture+1"],"picked":"Perfected Strike+1","floor":31},{"not_picked":["Feed","Juggernaut"],"picked":"Reaper","floor":33},{"not_picked":["Wild Strike","Heavy Blade"],"picked":"Body Slam+1","floor":35},{"not_picked":["True Grit","Wild Strike","Headbutt"],"picked":"SKIP","floor":37},{"not_picked":["Infernal Blade+1","Rampage"],"picked":"Seeing Red","floor":39}],"player_experience":531757,"relics_obtained":[{"floor":6,"key":"Bronze Scales"},{"floor":8,"key":"War Paint"},{"floor":9,"key":"Anchor"},{"floor":11,"key":"Magic Flower"},{"floor":14,"key":"Red Skull"},{"floor":24,"key":"Art of War"},{"floor":26,"key":"Juzu Bracelet"},{"floor":43,"key":"Meat on the Bone"}],"event_choices":[{"event_name":"Golden Idol","player_choice":"Take Damage","floor":2,"damage_taken":0},{"event_name":"Shining Light","player_choice":"Entered Light","floor":3,"damage_taken":0},{"event_name":"Transmorgrifier","player_choice":"Transform","floor":4,"damage_taken":0},{"event_name":"Scrap Ooze","player_choice":"success","floor":5,"damage_taken":18},{"event_name":"Vampires","player_choice":"Ignored","floor":19,"damage_taken":0},{"event_name":"Beggar","player_choice":"Gave Gold","floor":30,"damage_taken":0},{"event_name":"FaceTrader","player_choice":"Touch","floor":36,"damage_taken":0},{"event_name":"Wheel of Change","player_choice":"Gold","floor":38,"damage_taken":0},{"event_name":"Tomb of Lord Red Mask","player_choice":"Paid","floor":42,"damage_taken":0}],"is_beta":false,"boss_relics":[{"not_picked":["Black Blood","Runic Pyramid"],"picked":"White Beast Statue"},{"not_picked":["Calling Bell","Runic Dome"],"picked":"Fusion Hammer"}],"items_purged_floors":[13,27],"is_endless":false,"potions_floor_spawned":[6,8,12,16,18,21,22,24,25,28,31,33,35,37,39],"killed_by":"Spire Growth","ascension_level":20}