{"gold_per_floor":[15,15,190,10,10,21,36,36,90,107,120,120,120,147,147,245,245,225,225,236,236,236,247,247],"floor_reached":24,"playtime":1372,"items_purged":["Doubt"],"score":206,"play_id":"43640fac-84df-47f6-b482-463ad0c43995","local_time":"20180901123334","is_ascension_mode":true,"campfire_choices":[{"data":"Panacea","floor":8,"key":"SMITH"},{"data":"Defend_B","floor":13,"key":"PURGE"},{"data":"White Noise","floor":15,"key":"SMITH"}],"neow_cost":"NO_GOLD","seed_source_timestamp":363071226520774,"circlet_count":0,"master_deck":["Strike_B","Strike_B","Strike_B","Defend_B","Defend_B","Zap+1","Dualcast","Leap","Panacea+1","Auto Shields","Redo","White Noise+1","Leap","Leap","Creative AI","Lockon+1","Conserve Battery","Undo"],"relics":["Cracked Core","Peace Pipe","Potion Belt","Mummified Hand","Girya","Lizard Tail","MutagenicStrength","Oddly Smooth Stone"],"potions_floor_usage":[14,18],"damage_taken":[{"damage":9,"enemies":"2 Louse","floor":1,"turns":3},{"damage":5,"enemies":"Small Slimes","floor":6,"turns":4},{"damage":1,"enemies":"Cultist","floor":7,"turns":4},{"damage":3,"enemies":"3 Louse","floor":10,"turns":3},{"damage":0,"enemies":"2 Fungi Beasts","floor":11,"turns":4},{"damage":13,"enemies":"3 Sentries","floor":14,"turns":6},{"damage":28,"enemies":"Slime Boss","floor":16,"turns":12},{"damage":15,"enemies":"2 Thieves","floor":18,"turns":5},{"damage":13,"enemies":"Shell Parasite","floor":20,"turns":5},{"damage":21,"enemies":"Sentry and Sphere","floor":23,"turns":5},{"damage":72,"enemies":"Slavers","floor":24,"turns":5}],"seed_played":"-343587615943848821","potions_obtained":[{"floor":10,"key":"Fire Potion"},{"floor":14,"key":"FearPotion"},{"floor":16,"key":"Explosive Potion"},{"floor":18,"key":"FearPotion"}],"is_trial":false,"path_per_floor":["M","?","?","$","?","M","M","R","T","M","M","T","R","E","R","B",null,"M","?","M","T","?","M"],"character_chosen":"DEFECT","items_purchased":["Panacea"],"campfire_rested":0,"item_purchase_floors":[4],"current_hp_per_floor":[66,59,59,59,59,54,53,53,53,50,50,50,50,37,37,9,75,60,60,47,47,47,26,0],"gold":247,"neow_bonus":"ONE_RARE_RELIC","is_prod":false,"is_daily":false,"chose_seed":false,"campfire_upgraded":2,"win_rate":0,"timestamp":1535771014,"path_taken":["M","?","?","$","?","M","M","R","T","M","M","?","R","E","R","BOSS","M","?","M","?","?","M","E"],"build_version":"2018-08-30","purchased_purges":1,"victory":false,"max_hp_per_floor":[75,75,75,75,75,75,75,75,75,75,75,75,75,75,75,75,75,75,75,75,75,75,75,75],"card_choices":[{"not_picked":["Turbo","Self Repair"],"picked":"Leap","floor":1},{"not_picked":["Redo","Rebound"],"picked":"Auto Shields","floor":6},{"not_picked":["Sweeping Beam","Skim"],"picked":"Redo","floor":7},{"not_picked":["Melter","Compile Driver"],"picked":"White Noise","floor":10},{"not_picked":["Undo","Rebound"],"picked":"Leap","floor":11},{"not_picked":["Redo","Multi-Cast"],"picked":"Leap","floor":14},{"not_picked":["Multi-Cast","Thunder Strike"],"picked":"Creative AI","floor":16},{"not_picked":["Beam Cell+1","Recycle"],"picked":"Lockon+1","floor":18},{"not_picked":["Rip and Tear","Fusion"],"picked":"Conserve Battery","floor":20},{"not_picked":["Turbo","Compile Driver+1"],"picked":"Undo","floor":23}],"player_experience":90533,"relics_obtained":[{"floor":9,"key":"Potion Belt"},{"floor":12,"key":"Mummified Hand"},{"floor":14,"key":"Girya"},{"floor":21,"key":"Oddly Smooth Stone"}],"event_choices":[{"event_name":"Golden Wing","player_choice":"Card Removal","floor":2,"damage_taken":0},{"event_name":"Liars Game","player_choice":"agreed","floor":3,"damage_taken":0},{"event_name":"Living Wall","player_choice":"Grow","floor":5,"damage_taken":0},{"event_name":"Drug Dealer","player_choice":"Inject Mutagens","floor":19,"damage_taken":0},{"event_name":"Bonfire Elementals","player_choice":"BASIC","floor":22,"damage_taken":0}],"is_beta":false,"boss_relics":[{"not_picked":["Snecko Eye","Velvet Choker"],"picked":"Lizard Tail"}],"items_purged_floors":[4],"is_endless":false,"potions_floor_spawned":[10,14,16,18],"killed_by":"Slavers","ascension_level":1}