{"gold_per_floor":[119,44,70,70,82,82,7,35,58,58,74,108,108,108,108,182,182,193,58,85,85,98,98,198,71,71,71],"floor_reached":27,"playtime":666,"items_purged":["Defend_G","Defend_G","Writhe"],"score":468,"play_id":"0a865ba3-d815-4f84-bf83-c0d15ed0718d","local_time":"20190111022413","is_ascension_mode":true,"campfire_choices":[{"data":"Neutralize","floor":6,"key":"SMITH"},{"data":"Blade Dance","floor":10,"key":"SMITH"},{"data":"Blade Dance","floor":15,"key":"SMITH"},{"floor":23,"key":"RECALL"}],"neow_cost":"NONE","seed_source_timestamp":36679553484491,"circlet_count":0,"master_deck":["AscendersBane","Defend_G+1","Defend_G+1","Defend_G","Strike_G","Strike_G","Strike_G","Strike_G","Survivor","Neutralize+1","Finisher","Blur","Blade Dance+1","Blade Dance+1","Terror","Phantasmal Killer","Quick Slash+1","Finisher","Backflip+1","Poisoned Stab+1","Deflect+1","Accuracy"],"relics":["Ring of the Snake","NeowsBlessing","Happy Flower","Smiling Mask","Strawberry","Orichalcum","War Paint","Fusion Hammer","Red Mask","Omamori","Du-Vu Doll","Paper Crane","Nunchaku"],"potions_floor_usage":[16,20,24,27],"damage_taken":[{"damage":0,"enemies":"Jaw Worm","floor":1,"turns":1},{"damage":0,"enemies":"Small Slimes","floor":5,"turns":1},{"damage":0,"enemies":"Lagavulin","floor":8,"turns":1},{"damage":1,"enemies":"2 Louse","floor":11,"turns":4},{"damage":39,"enemies":"3 Sentries","floor":12,"turns":14},{"damage":3,"enemies":"Hexaghost","floor":16,"turns":9},{"damage":0,"enemies":"Chosen","floor":18,"turns":2},{"damage":10,"enemies":"Masked Bandits","floor":20,"turns":4},{"damage":0,"enemies":"3 Byrds","floor":22,"turns":4},{"damage":13,"enemies":"Colosseum Slavers","floor":24,"turns":2},{"damage":28,"enemies":"Colosseum Nobs","floor":24,"turns":4},{"damage":10,"enemies":"Cultist and Chosen","floor":27,"turns":3}],"seed_played":"912095982555132851","potions_obtained":[{"floor":5,"key":"FearPotion"},{"floor":12,"key":"SpeedPotion"},{"floor":22,"key":"Energy Potion"},{"floor":24,"key":"Poison Potion"}],"is_trial":false,"path_per_floor":["M","?","T","$","M","R","$","E","T","R","M","E","?","?","R","B",null,"M","$","?","?","M","R","?","$","T","M"],"character_chosen":"THE_SILENT","items_purchased":["Finisher","Accuracy"],"campfire_rested":0,"item_purchase_floors":[19,25],"current_hp_per_floor":[59,59,59,59,59,59,59,59,66,66,65,26,21,21,21,18,59,59,59,49,49,49,49,8,8,8,0],"gold":71,"neow_bonus":"THREE_ENEMY_KILL","is_prod":false,"is_daily":false,"chose_seed":false,"campfire_upgraded":3,"win_rate":0,"timestamp":1547141053,"path_taken":["M","?","?","$","M","R","$","E","T","R","M","E","?","?","R","BOSS","M","$","?","?","M","R","?","$","T","M"],"build_version":"2019-01-03v4","purchased_purges":3,"victory":false,"max_hp_per_floor":[66,66,66,66,66,66,66,66,73,73,73,73,73,73,73,73,73,73,73,73,73,73,73,73,73,73,73],"card_choices":[{"not_picked":["Dodge and Roll","Riddle With Holes"],"picked":"Finisher","floor":1},{"not_picked":["Cloak And Dagger","Distraction"],"picked":"Blur","floor":5},{"not_picked":["Caltrops","Underhanded Strike"],"picked":"Blade Dance","floor":8},{"not_picked":["Dodge and Roll","Heel Hook"],"picked":"Blade Dance","floor":11},{"not_picked":["Backflip","Dagger Throw"],"picked":"Terror","floor":12},{"not_picked":["Corpse Explosion","Storm of Steel"],"picked":"Phantasmal Killer","floor":16},{"not_picked":["Sucker Punch","Flying Knee"],"picked":"Quick Slash+1","floor":18},{"not_picked":["Skewer","Flying Knee"],"picked":"Backflip+1","floor":20},{"not_picked":["Underhanded Strike","Deadly Poison"],"picked":"Poisoned Stab+1","floor":22},{"not_picked":["Tactician+1","Sucker Punch"],"picked":"Deflect+1","floor":24}],"player_experience":844853,"relics_obtained":[{"floor":3,"key":"Happy Flower"},{"floor":8,"key":"Smiling Mask"},{"floor":9,"key":"Strawberry"},{"floor":12,"key":"Orichalcum"},{"floor":20,"key":"Red Mask"},{"floor":24,"key":"Du-Vu Doll"},{"floor":24,"key":"Paper Crane"},{"floor":26,"key":"Nunchaku"}],"event_choices":[{"cards_removed":["Strike_G"],"damage_healed":0,"gold_gain":0,"player_choice":"Card Removal","damage_taken":0,"max_hp_gain":0,"max_hp_loss":0,"event_name":"The Cleric","floor":2,"gold_loss":75},{"damage_healed":0,"gold_gain":0,"player_choice":"Success","damage_taken":5,"relics_obtained":["War Paint"],"max_hp_gain":0,"max_hp_loss":0,"event_name":"Scrap Ooze","floor":13,"gold_loss":0},{"damage_healed":0,"gold_gain":0,"player_choice":"Ignored","damage_taken":0,"max_hp_gain":0,"max_hp_loss":0,"event_name":"Shining Light","floor":14,"gold_loss":0},{"damage_healed":0,"gold_gain":0,"player_choice":"Fought Bandits","damage_taken":0,"max_hp_gain":0,"max_hp_loss":0,"event_name":"Masked Bandits","floor":20,"gold_loss":0},{"damage_healed":0,"gold_gain":0,"player_choice":"Opened","damage_taken":0,"relics_obtained":["Omamori"],"max_hp_gain":0,"max_hp_loss":0,"event_name":"The Mausoleum","floor":21,"gold_loss":0,"cards_obtained":["Writhe"]},{"damage_healed":0,"gold_gain":0,"player_choice":"Fight","damage_taken":0,"max_hp_gain":0,"max_hp_loss":0,"event_name":"Colosseum","floor":24,"gold_loss":0},{"damage_healed":0,"gold_gain":0,"player_choice":"Fought Nobs","damage_taken":0,"max_hp_gain":0,"max_hp_loss":0,"event_name":"Colosseum","floor":24,"gold_loss":0}],"is_beta":false,"boss_relics":[{"not_picked":["Snecko Eye","Runic Dome"],"picked":"Fusion Hammer"}],"items_purged_floors":[7,19,25],"is_endless":false,"potions_floor_spawned":[5,12,22,24,24],"killed_by":"Cultist and Chosen","ascension_level":19}