{"gold_per_floor":[110,110,260,185,195,224,224,249,249,259,8,36,36,36,36,107,107,120,137,153,153,153,153,188,188,188,188,221,237,270,270,270,270],"floor_reached":33,"playtime":970,"items_purged":["Doubt"],"score":668,"play_id":"99c3577b-1dd0-4024-b438-3d3c96b82dfc","local_time":"20181217211928","is_ascension_mode":true,"campfire_choices":[{"data":"Zap","floor":7,"key":"SMITH"},{"data":"Consume","floor":13,"key":"SMITH"},{"data":"Auto Shields","floor":15,"key":"SMITH"},{"data":"Beam Cell","floor":23,"key":"SMITH"},{"data":"Dualcast","floor":25,"key":"SMITH"},{"data":"Scrape","floor":27,"key":"SMITH"},{"floor":32,"key":"REST"}],"neow_cost":"NONE","seed_source_timestamp":356440856721904,"circlet_count":0,"master_deck":["AscendersBane","Strike_B","Strike_B","Strike_B","Strike_B","Defend_B","Defend_B","Defend_B","Zap+1","Dualcast+1","Consume+1","Steam","Static Discharge","Scrape+1","Auto Shields+1","Coolheaded","Beam Cell+1","FTL","All For One","Cold Snap","Ball Lightning","Capacitor","RitualDagger","Echo Form","Redo+1","Turbo"],"relics":["Cracked Core","NeowsBlessing","Mango","Omamori","Meat on the Bone","PreservedInsect","Odd Mushroom","Centennial Puzzle","Sozu","Oddly Smooth Stone","Shuriken","Dead Branch","Gambling Chip"],"potions_floor_usage":[16,16],"damage_taken":[{"damage":0,"enemies":"2 Louse","floor":1,"turns":1},{"damage":0,"enemies":"Jaw Worm","floor":5,"turns":1},{"damage":0,"enemies":"Lagavulin","floor":6,"turns":1},{"damage":30,"enemies":"3 Sentries","floor":8,"turns":5},{"damage":4,"enemies":"Small Slimes","floor":10,"turns":3},{"damage":18,"enemies":"The Mushroom Lair","floor":12,"turns":3},{"damage":16,"enemies":"The Guardian","floor":16,"turns":9},{"damage":9,"enemies":"Spheric Guardian","floor":18,"turns":4},{"damage":4,"enemies":"Chosen","floor":19,"turns":5},{"damage":0,"enemies":"Snecko","floor":20,"turns":5},{"damage":23,"enemies":"Gremlin Leader","floor":24,"turns":5},{"damage":24,"enemies":"Book of Stabbing","floor":28,"turns":2},{"damage":0,"enemies":"Shelled Parasite and Fungi","floor":29,"turns":3},{"damage":32,"enemies":"Gremlin Leader","floor":30,"turns":6},{"damage":54,"enemies":"Automaton","floor":33,"turns":6}],"seed_played":"-409772914903058288","potions_obtained":[{"floor":8,"key":"GamblersBrew"},{"floor":10,"key":"LiquidBronze"}],"is_trial":false,"path_per_floor":["M","?","?","$","M","E","R","E","T","M","$","?","R","?","R","B",null,"M","M","M","?","?","R","E","R","T","R","E","M","E","?","R","B"],"character_chosen":"DEFECT","items_purchased":["PreservedInsect","Coolheaded","Beam Cell"],"campfire_rested":1,"item_purchase_floors":[11,11,11],"current_hp_per_floor":[64,57,57,57,57,71,71,41,41,49,49,43,43,38,38,34,72,63,59,59,53,53,53,42,42,42,42,30,42,22,22,47,0],"gold":270,"neow_bonus":"THREE_ENEMY_KILL","is_prod":false,"is_daily":false,"chose_seed":false,"campfire_upgraded":6,"win_rate":0,"timestamp":1545049168,"path_taken":["M","?","?","?","M","E","R","E","T","M","$","?","R","?","R","BOSS","M","M","M","?","?","R","E","R","T","R","E","M","E","?","R","BOSS"],"build_version":"2018-12-13","purchased_purges":1,"victory":false,"max_hp_per_floor":[71,71,71,71,71,85,85,85,85,85,85,85,85,85,85,85,85,85,85,85,85,85,85,85,85,85,85,85,85,85,85,85,85],"card_choices":[{"not_picked":["Steam","Aggregate"],"picked":"Consume","floor":1},{"not_picked":["Gash","Stack"],"picked":"Steam","floor":5},{"not_picked":["Blizzard","Gash"],"picked":"Static Discharge","floor":6},{"not_picked":["Streamline","Tempest"],"picked":"Scrape","floor":8},{"not_picked":["Barrage","Steam"],"picked":"Auto Shields","floor":10},{"not_picked":["Sunder","Barrage"],"picked":"FTL","floor":12},{"not_picked":["Creative AI","Buffer"],"picked":"All For One","floor":16},{"not_picked":["Go for the Eyes","Auto Shields"],"picked":"Cold Snap","floor":18},{"not_picked":["Static Discharge","Barrage"],"picked":"Ball Lightning","floor":19},{"not_picked":["Gash","Rebound"],"picked":"Capacitor","floor":20},{"not_picked":["All For One","Compile Driver"],"picked":"Echo Form","floor":24},{"not_picked":["Capacitor","Hello World"],"picked":"Redo+1","floor":28},{"not_picked":["Blizzard","Scrape"],"picked":"Turbo","floor":29},{"not_picked":["Barrage","Blizzard","Double Energy"],"picked":"SKIP","floor":30},{"not_picked":["Barrage","Blizzard","Double Energy"],"picked":"SKIP","floor":30}],"player_experience":808893,"relics_obtained":[{"floor":6,"key":"Mango"},{"floor":8,"key":"Omamori"},{"floor":9,"key":"Meat on the Bone"},{"floor":12,"key":"Odd Mushroom"},{"floor":24,"key":"Oddly Smooth Stone"},{"floor":26,"key":"Shuriken"},{"floor":28,"key":"Dead Branch"},{"floor":30,"key":"Gambling Chip"}],"event_choices":[{"cards_removed":["Defend_B"],"damage_healed":0,"gold_gain":0,"player_choice":"Card Removal","damage_taken":7,"max_hp_gain":0,"max_hp_loss":0,"event_name":"Golden Wing","floor":2,"gold_loss":0},{"damage_healed":0,"gold_gain":150,"player_choice":"AGREE","damage_taken":0,"max_hp_gain":0,"max_hp_loss":0,"event_name":"Liars Game","floor":3,"gold_loss":0,"cards_obtained":["Doubt"]},{"damage_healed":0,"gold_gain":0,"player_choice":"Fought Mushrooms","damage_taken":0,"max_hp_gain":0,"max_hp_loss":0,"event_name":"Mushrooms","floor":12,"gold_loss":0},{"damage_healed":0,"gold_gain":0,"player_choice":"Success","damage_taken":5,"relics_obtained":["Centennial Puzzle"],"max_hp_gain":0,"max_hp_loss":0,"event_name":"Scrap Ooze","floor":14,"gold_loss":0},{"damage_healed":0,"gold_gain":0,"player_choice":"Joined the Cult","damage_taken":6,"max_hp_gain":0,"max_hp_loss":0,"event_name":"Nest","floor":21,"gold_loss":0,"cards_obtained":["RitualDagger"]},{"damage_healed":0,"gold_gain":0,"player_choice":"Smashed Altar","damage_taken":0,"max_hp_gain":0,"max_hp_loss":0,"event_name":"Forgotten Altar","floor":22,"gold_loss":0,"cards_obtained":["Decay"]},{"damage_healed":0,"gold_gain":0,"player_choice":"Ignored","damage_taken":0,"max_hp_gain":0,"max_hp_loss":0,"event_name":"Ghosts","floor":31,"gold_loss":0}],"is_beta":false,"boss_relics":[{"not_picked":["Lizard Tail","Velvet Choker"],"picked":"Sozu"}],"items_purged_floors":[4],"is_endless":false,"potions_floor_spawned":[8,10,18,24,28,30],"killed_by":"Automaton","ascension_level":20}