{"gold_per_floor":[117,77,92,92,171,171,171,199,199,217,217,231,231,264,264,367,367,380,3,15,15,15,45,64,84,84,35,35,35,147,175,187,296,308,333,355,367,454,160,160,178,178,178,198,223,242,242],"floor_reached":47,"playtime":2472,"items_purged":["Defend_B","Strike_B+1"],"score":533,"play_id":"5cbd759a-dfee-47c0-bbf8-cbdee9636a83","local_time":"20180901131511","is_ascension_mode":true,"campfire_choices":[{"data":"Zap","floor":6,"key":"SMITH"},{"data":"Melter","floor":11,"key":"SMITH"},{"data":"Echo Form","floor":13,"key":"SMITH"},{"data":"Static Discharge","floor":15,"key":"SMITH"},{"data":"Electrodynamics","floor":28,"key":"SMITH"},{"floor":32,"key":"REST"},{"data":"Thunder Strike","floor":40,"key":"SMITH"},{"data":"Dualcast","floor":42,"key":"SMITH"}],"neow_cost":"PERCENT_DAMAGE","seed_source_timestamp":364466923245708,"circlet_count":0,"master_deck":["Strike_B+1","Strike_B+1","Defend_B+1","Defend_B+1","Zap+1","Dualcast+1","Conserve Battery+1","BootSequence","Melter+1","Leap+1","Echo Form+1","Static Discharge+1","Electrodynamics+1","Auto Shields+1","Leap+1","Redo+1","Thunder Strike+1","Conserve Battery+1","Madness+1","Madness+1","Genetic Algorithm+1"],"relics":["Cracked Core","Potion Belt","Bottled Flame","Art of War","Toxic Egg 2","Letter Opener","Busted Crown","Gremlin Horn","Matryoshka","Dodecahedron","Unceasing Top","Bronze Scales","MawBank","Smiling Mask","Incense Burner","Meat on the Bone","White Beast Statue","Pear","Lantern","Orichalcum"],"potions_floor_usage":[8,8,14,14,18,18,30,30,33,45,45,45,45,45,46],"damage_taken":[{"damage":2,"enemies":"2 Louse","floor":1,"turns":3},{"damage":0,"enemies":"Cultist","floor":3,"turns":3},{"damage":8,"enemies":"Lagavulin","floor":8,"turns":6},{"damage":0,"enemies":"Small Slimes","floor":10,"turns":3},{"damage":2,"enemies":"Blue Slaver","floor":12,"turns":3},{"damage":6,"enemies":"3 Sentries","floor":14,"turns":7},{"damage":18,"enemies":"Slime Boss","floor":16,"turns":8},{"damage":8,"enemies":"3 Byrds","floor":18,"turns":2},{"damage":0,"enemies":"Shell Parasite","floor":20,"turns":4},{"damage":17,"enemies":"Slavers","floor":23,"turns":3},{"damage":4,"enemies":"Snake Plant","floor":24,"turns":4},{"damage":0,"enemies":"Sentry and Sphere","floor":25,"turns":3},{"damage":7,"enemies":"Colosseum Slavers","floor":30,"turns":2},{"damage":18,"enemies":"Colosseum Nobs","floor":30,"turns":3},{"damage":6,"enemies":"Centurion and Healer","floor":31,"turns":2},{"damage":35,"enemies":"Collector","floor":33,"turns":8},{"damage":0,"enemies":"3 Darklings","floor":35,"turns":3},{"damage":0,"enemies":"Orb Walker","floor":36,"turns":3},{"damage":0,"enemies":"Reptomancer","floor":41,"turns":5},{"damage":3,"enemies":"Sphere and 2 Shapes","floor":44,"turns":4},{"damage":0,"enemies":"Nemesis","floor":45,"turns":3},{"damage":22,"enemies":"Transient","floor":46,"turns":5},{"damage":66,"enemies":"Reptomancer","floor":47,"turns":2}],"seed_played":"2902784947200545839","potions_obtained":[{"floor":2,"key":"SpeedPotion"},{"floor":2,"key":"Weak Potion"},{"floor":2,"key":"Explosive Potion"},{"floor":3,"key":"Poison Potion"},{"floor":10,"key":"Swift Potion"},{"floor":12,"key":"GamblersBrew"},{"floor":14,"key":"FocusPotion"},{"floor":23,"key":"EssenceOfSteel"},{"floor":25,"key":"Poison Potion"},{"floor":30,"key":"SkillPotion"},{"floor":31,"key":"Strength Potion"},{"floor":35,"key":"FearPotion"},{"floor":36,"key":"EssenceOfSteel"},{"floor":41,"key":"Fire Potion"},{"floor":44,"key":"Block Potion"},{"floor":45,"key":"EssenceOfSteel"},{"floor":46,"key":"Poison Potion"}],"is_trial":false,"path_per_floor":["M","?","M","?","T","R","?","E","T","M","R","M","R","E","R","B",null,"M","$","M","T","?","E","M","M","T","$","R","T","?","M","R","B",null,"M","M","?","?","$","R","M","R","T","M","E","M"],"character_chosen":"DEFECT","items_purchased":["Gremlin Horn","Leap+1","Redo+1","Pear"],"campfire_rested":1,"item_purchase_floors":[19,19,27,39],"current_hp_per_floor":[52,52,52,45,45,45,45,37,37,37,37,35,35,29,29,11,75,67,67,67,67,67,50,46,46,46,46,46,46,21,27,49,26,75,75,75,66,59,69,69,69,69,69,66,66,44,0],"gold":242,"neow_bonus":"REMOVE_TWO","is_prod":false,"is_daily":false,"chose_seed":false,"campfire_upgraded":7,"win_rate":0,"timestamp":1535773511,"path_taken":["M","?","M","?","?","R","?","E","T","M","R","M","R","E","R","BOSS","M","$","M","?","?","E","M","M","T","?","R","?","?","M","R","BOSS","M","M","?","?","$","R","M","R","T","M","E","?","M"],"build_version":"2018-08-30","purchased_purges":2,"victory":false,"max_hp_per_floor":[75,75,75,75,75,75,75,75,75,75,75,75,75,75,75,75,75,75,75,75,75,75,75,75,75,75,75,75,75,75,75,75,75,75,75,75,75,75,85,85,85,85,85,85,85,85,85],"card_choices":[{"not_picked":["Rebound","Cold Snap"],"picked":"Conserve Battery","floor":1},{"not_picked":["Go for the Eyes","Aggregate"],"picked":"BootSequence","floor":3},{"not_picked":["Coolheaded","Cold Snap"],"picked":"Melter","floor":8},{"not_picked":["Hologram+1","Coolheaded+1"],"picked":"Leap+1","floor":10},{"not_picked":["Coolheaded+1","Steam+1"],"picked":"Echo Form","floor":12},{"not_picked":["Steam Power+1","Sweeping Beam"],"picked":"Static Discharge","floor":14},{"not_picked":["Reboot+1","Biased Cognition"],"picked":"Electrodynamics","floor":16},{"not_picked":[],"picked":"Auto Shields+1","floor":18},{"not_picked":["Stack+1"],"picked":"SKIP","floor":20},{"not_picked":["Rip and Tear"],"picked":"SKIP","floor":23},{"not_picked":["Steam Power+1"],"picked":"SKIP","floor":24},{"not_picked":["Sweeping Beam"],"picked":"SKIP","floor":25},{"not_picked":["Gash+1"],"picked":"SKIP","floor":31},{"not_picked":[],"picked":"Thunder Strike","floor":33},{"not_picked":[],"picked":"Conserve Battery+1","floor":35},{"not_picked":["Melter+1"],"picked":"SKIP","floor":36},{"not_picked":["Reprogram+1"],"picked":"SKIP","floor":41},{"not_picked":[],"picked":"Genetic Algorithm+1","floor":44},{"not_picked":["Heatsinks"],"picked":"SKIP","floor":45},{"not_picked":["Sweeping Beam"],"picked":"SKIP","floor":46}],"player_experience":91905,"relics_obtained":[{"floor":5,"key":"Bottled Flame"},{"floor":8,"key":"Art of War"},{"floor":9,"key":"Toxic Egg 2"},{"floor":14,"key":"Letter Opener"},{"floor":21,"key":"Matryoshka"},{"floor":23,"key":"Dodecahedron"},{"floor":26,"key":"Unceasing Top"},{"floor":26,"key":"Bronze Scales"},{"floor":29,"key":"MawBank"},{"floor":29,"key":"Smiling Mask"},{"floor":30,"key":"Incense Burner"},{"floor":30,"key":"Meat on the Bone"},{"floor":43,"key":"Lantern"},{"floor":45,"key":"Orichalcum"}],"event_choices":[{"event_name":"The Woman in Blue","player_choice":"Bought 3 Potions","floor":2,"damage_taken":0},{"event_name":"Scrap Ooze","player_choice":"success","floor":4,"damage_taken":7},{"event_name":"Upgrade Shrine","player_choice":"Upgraded","floor":7,"damage_taken":0},{"event_name":"Back to Basics","player_choice":"Simplicity","floor":22,"damage_taken":0},{"event_name":"Colosseum","player_choice":"Fight","floor":30,"damage_taken":0},{"event_name":"Colosseum","player_choice":"Fought Nobs","floor":30,"damage_taken":0},{"event_name":"Winding Halls","player_choice":"Embrace Madness","floor":37,"damage_taken":0},{"event_name":"FaceTrader","player_choice":"Touch","floor":38,"damage_taken":0}],"is_beta":false,"boss_relics":[{"not_picked":["FrozenCore","Nuclear Battery"],"picked":"Busted Crown"},{"not_picked":["Astrolabe","Philosopher\u0027s Stone"],"picked":"White Beast Statue"}],"items_purged_floors":[19,39],"is_endless":false,"potions_floor_spawned":[3,10,12,14,23,25,30,31,35,36,41,44,45,46],"killed_by":"Reptomancer","ascension_level":1}