{"gold_per_floor":[210,62,62,73,93,93,110,137,137,37,37,57,57,74,74,74],"floor_reached":16,"playtime":501,"items_purged":["Strike_R","Strike_R"],"score":102,"play_id":"6fd4733d-4c42-45b7-9194-02a2b6c0b98c","local_time":"20190216214313","is_ascension_mode":false,"campfire_choices":[{"data":"Whirlwind","floor":6,"key":"SMITH"},{"data":"Flex","floor":13,"key":"SMITH"},{"floor":15,"key":"REST"}],"neow_cost":"NONE","seed_source_timestamp":80009498714893,"circlet_count":0,"master_deck":["Strike_R","Strike_R","Strike_R","Defend_R","Defend_R","Defend_R","Defend_R","Bash","Whirlwind+1","Thunderclap","Flex+1","Flex","Shrug It Off"],"relics":["Burning Blood","Oddly Smooth Stone","FaceOfCleric"],"potions_floor_usage":[16,16,16],"damage_taken":[{"damage":14,"enemies":"Jaw Worm","floor":1,"turns":4},{"damage":1,"enemies":"Cultist","floor":4,"turns":3},{"damage":3,"enemies":"2 Louse","floor":5,"turns":3},{"damage":20,"enemies":"Looter","floor":7,"turns":3},{"damage":27,"enemies":"3 Sentries","floor":8,"turns":3},{"damage":0,"enemies":"2 Fungi Beasts","floor":12,"turns":1},{"damage":9,"enemies":"Large Slime","floor":14,"turns":5},{"damage":88,"enemies":"Hexaghost","floor":16,"turns":12}],"seed_played":"-4415332433998904364","potions_obtained":[{"floor":7,"key":"GamblersBrew"},{"floor":12,"key":"SkillPotion"},{"floor":14,"key":"SteroidPotion"}],"is_trial":false,"path_per_floor":["M","$","?","M","M","R","M","E","T","$","?","M","R","M","R","B"],"character_chosen":"IRONCLAD","items_purchased":["Whirlwind"],"campfire_rested":1,"item_purchase_floors":[2],"current_hp_per_floor":[72,72,77,82,85,85,71,50,50,50,50,57,57,55,81,0],"gold":74,"neow_bonus":"HUNDRED_GOLD","is_prod":false,"is_daily":false,"chose_seed":false,"campfire_upgraded":2,"win_rate":0,"timestamp":1550320993,"path_taken":["M","$","?","M","M","R","M","E","T","$","?","M","R","M","R","BOSS"],"build_version":"2019-01-23","purchased_purges":2,"victory":false,"max_hp_per_floor":[80,80,85,85,85,85,85,85,85,85,85,86,86,87,87,87],"card_choices":[{"not_picked":["Iron Wave","Clash","Wild Strike"],"picked":"SKIP","floor":1},{"not_picked":["Blood for Blood","Sword Boomerang"],"picked":"Thunderclap","floor":4},{"not_picked":["Wild Strike","Twin Strike","Evolve"],"picked":"SKIP","floor":5},{"not_picked":["Shrug It Off","Infernal Blade"],"picked":"Flex","floor":7},{"not_picked":["Body Slam","Hemokinesis"],"picked":"Flex","floor":8},{"not_picked":["Evolve","Iron Wave"],"picked":"Shrug It Off","floor":12},{"not_picked":["Sword Boomerang","Perfected Strike","True Grit"],"picked":"SKIP","floor":14}],"player_experience":122861,"relics_obtained":[{"floor":8,"key":"Oddly Smooth Stone"}],"event_choices":[{"damage_healed":0,"gold_gain":0,"player_choice":"Donut","damage_taken":0,"max_hp_gain":5,"max_hp_loss":0,"event_name":"Big Fish","floor":3,"gold_loss":0},{"damage_healed":0,"gold_gain":0,"player_choice":"Trade","damage_taken":0,"relics_obtained":["FaceOfCleric"],"max_hp_gain":0,"max_hp_loss":0,"event_name":"FaceTrader","floor":11,"gold_loss":0}],"is_beta":false,"boss_relics":[],"items_purged_floors":[2,10],"is_endless":false,"potions_floor_spawned":[7,12,14],"killed_by":"Hexaghost","ascension_level":0}