{"gold_per_floor":[111,111,28,40,57,57,57,57,57,71,71,71,71],"floor_reached":13,"playtime":335,"items_purged":[],"score":142,"play_id":"a3e612d2-d17d-4a44-8b9a-673a84fb2bfa","local_time":"20190107044900","is_ascension_mode":true,"campfire_choices":[{"data":"Footwork","floor":6,"key":"SMITH"},{"data":"Bullet Time","floor":12,"key":"SMITH"}],"neow_cost":"NONE","seed_source_timestamp":1259474312649927,"circlet_count":0,"master_deck":["AscendersBane","Defend_G","Defend_G","Defend_G","Defend_G","Strike_G","Strike_G","Strike_G","Survivor","Neutralize","PiercingWail","Footwork+1","Escape Plan","Dagger Spray","Bullet Time+1","Terror"],"relics":["Ring of the Snake","Ornamental Fan"],"potions_floor_usage":[13],"damage_taken":[{"damage":16,"enemies":"Jaw Worm","floor":1,"turns":8},{"damage":1,"enemies":"2 Louse","floor":4,"turns":4},{"damage":0,"enemies":"Small Slimes","floor":5,"turns":5},{"damage":9,"enemies":"Exordium Thugs","floor":10,"turns":6},{"damage":35,"enemies":"3 Sentries","floor":13,"turns":14}],"seed_played":"-8562453175826055406","potions_obtained":[{"floor":1,"key":"Energy Potion"},{"floor":5,"key":"GhostInAJar"}],"is_trial":false,"path_per_floor":["M","?","$","M","M","R","?","?","T","M","$","R","E"],"character_chosen":"THE_SILENT","items_purchased":["Footwork"],"campfire_rested":0,"item_purchase_floors":[3],"current_hp_per_floor":[49,49,49,48,48,48,41,41,41,32,32,32,0],"gold":71,"neow_bonus":"TEN_PERCENT_HP_BONUS","is_prod":false,"is_daily":false,"chose_seed":false,"campfire_upgraded":2,"win_rate":0,"timestamp":1546804140,"path_taken":["M","?","$","M","M","R","?","?","T","M","$","R","E"],"build_version":"2019-01-03v4","purchased_purges":0,"victory":false,"max_hp_per_floor":[72,72,72,72,72,72,72,72,72,72,72,72,72],"card_choices":[{"not_picked":["Outmaneuver","Slice"],"picked":"PiercingWail","floor":1},{"not_picked":["Deadly Poison","Dagger Spray"],"picked":"Escape Plan","floor":4},{"not_picked":["Calculated Gamble","Blade Dance"],"picked":"Dagger Spray","floor":5},{"not_picked":["Slice","Cloak And Dagger"],"picked":"Terror","floor":10}],"player_experience":841741,"relics_obtained":[{"floor":9,"key":"Ornamental Fan"}],"event_choices":[{"cards_removed":["Defend_G"],"damage_healed":0,"gold_gain":0,"player_choice":"Forget","damage_taken":0,"max_hp_gain":0,"max_hp_loss":0,"event_name":"Living Wall","floor":2,"gold_loss":0},{"cards_removed":["Strike_G"],"damage_healed":0,"gold_gain":0,"player_choice":"Card Removal","damage_taken":7,"max_hp_gain":0,"max_hp_loss":0,"event_name":"Golden Wing","floor":7,"gold_loss":0},{"damage_healed":0,"gold_gain":0,"cards_transformed":["Strike_G"],"player_choice":"Transformed","damage_taken":0,"max_hp_gain":0,"max_hp_loss":0,"event_name":"Transmorgrifier","floor":8,"gold_loss":0,"cards_obtained":["Bullet Time"]}],"is_beta":false,"boss_relics":[],"items_purged_floors":[],"is_endless":false,"potions_floor_spawned":[1,5],"killed_by":"3 Sentries","ascension_level":19}