{"gold_per_floor":[119,44,44,60,60,91,102,114,114,114,114,114,114],"floor_reached":13,"playtime":368,"items_purged":["Strike_B"],"score":113,"play_id":"03889e46-ec16-484f-a774-9830bdf84a05","local_time":"20181109144402","is_ascension_mode":true,"campfire_choices":[{"data":"Defragment","floor":11,"key":"SMITH"}],"neow_cost":"NONE","seed_source_timestamp":343873056354240,"circlet_count":0,"master_deck":["Strike_B","Strike_B","Strike_B","Defend_B+1","Defend_B+1","Defend_B","Zap","Dualcast","Defragment+1","Beam Cell","Capacitor","Ball Lightning","Self Repair"],"relics":["Cracked Core","NeowsBlessing","Ornamental Fan","Bottled Tornado","Golden Idol"],"potions_floor_usage":[],"damage_taken":[{"damage":0,"enemies":"Small Slimes","floor":1,"turns":1},{"damage":0,"enemies":"2 Louse","floor":4,"turns":1},{"damage":0,"enemies":"Gremlin Nob","floor":6,"turns":1},{"damage":0,"enemies":"Jaw Worm","floor":7,"turns":4},{"damage":17,"enemies":"3 Louse","floor":8,"turns":4},{"damage":44,"enemies":"Gremlin Gang","floor":13,"turns":3}],"seed_played":"-7103398808888888549","potions_obtained":[{"floor":1,"key":"SpeedPotion"},{"floor":4,"key":"Weak Potion"},{"floor":7,"key":"EssenceOfSteel"}],"is_trial":false,"path_per_floor":["M","$","?","M","?","E","M","M","T","?","R","?","M"],"character_chosen":"DEFECT","items_purchased":[],"campfire_rested":0,"item_purchase_floors":[],"current_hp_per_floor":[75,75,75,75,60,60,60,43,43,43,43,43,0],"gold":114,"neow_bonus":"THREE_ENEMY_KILL","is_prod":false,"is_daily":false,"chose_seed":false,"campfire_upgraded":1,"win_rate":0,"timestamp":1541736842,"path_taken":["M","$","?","M","?","E","M","M","T","?","R","?","?"],"build_version":"2018-11-08","purchased_purges":1,"victory":false,"max_hp_per_floor":[75,75,75,75,75,75,75,75,75,75,75,69,69],"card_choices":[{"not_picked":["Force Field","Barrage"],"picked":"Defragment","floor":1},{"not_picked":["Chaos","Barrage","Turbo"],"picked":"SKIP","floor":4},{"not_picked":["Reinforced Body","Genetic Algorithm"],"picked":"Beam Cell","floor":6},{"not_picked":["Static Discharge","Sweeping Beam"],"picked":"Capacitor","floor":7},{"not_picked":["Stack","Hologram"],"picked":"Ball Lightning","floor":8}],"player_experience":380255,"relics_obtained":[{"floor":6,"key":"Ornamental Fan"},{"floor":9,"key":"Bottled Tornado"}],"event_choices":[{"damage_healed":0,"gold_gain":0,"player_choice":"Leave","damage_taken":0,"max_hp_gain":0,"max_hp_loss":0,"event_name":"The Cleric","floor":3,"gold_loss":0},{"damage_healed":0,"gold_gain":0,"player_choice":"Entered Light","damage_taken":15,"max_hp_gain":0,"max_hp_loss":0,"event_name":"Shining Light","floor":5,"gold_loss":0,"cards_upgraded":["Defend_B","Defend_B"]},{"damage_healed":0,"gold_gain":0,"cards_transformed":["Defend_B"],"player_choice":"Change","damage_taken":0,"max_hp_gain":0,"max_hp_loss":0,"event_name":"Living Wall","floor":10,"gold_loss":0,"cards_obtained":["Self Repair"]},{"damage_healed":0,"gold_gain":0,"player_choice":"Lose Max HP","damage_taken":0,"relics_obtained":["Golden Idol"],"max_hp_gain":0,"max_hp_loss":6,"event_name":"Golden Idol","floor":12,"gold_loss":0}],"is_beta":false,"boss_relics":[],"items_purged_floors":[2],"is_endless":false,"potions_floor_spawned":[1,4,7,8],"killed_by":"Gremlin Gang","ascension_level":1}