{"gold_per_floor":[109,109,109,109,125,125,155,175,175,103,103,124,154,167,167,269,269,288,288,84,100,113,113,127,26,50,63,75,90,107,107,107,107],"floor_reached":33,"playtime":2077,"items_purged":[],"score":352,"play_id":"19572d9b-a294-49ce-8a3b-57b4a2533500","local_time":"20180925192459","is_ascension_mode":true,"campfire_choices":[{"data":"Hello World","floor":6,"key":"SMITH"},{"data":"Streamline","floor":15,"key":"SMITH"},{"data":"Defragment","floor":23,"key":"SMITH"},{"data":"Zap","floor":32,"key":"SMITH"}],"neow_cost":"NONE","seed_source_timestamp":1040944502748816,"circlet_count":0,"master_deck":["Strike_B+1","Strike_B+1","Defend_B+1","Defend_B+1","Defend_B+1","Zap+1","Dualcast","FTL","Hello World+1","Leap","Glacier","Leap","Defragment+1","Cold Snap","Streamline+1","All For One","Streamline+1","Gash","Streamline","Genetic Algorithm+1","Flash of Steel","Beam Cell","Beam Cell","Gash"],"relics":["Cracked Core","Oddly Smooth Stone","FossilizedHelix","Letter Opener","Singing Bowl","Blue Candle","Odd Mushroom","Pear","Empty Cage","Pen Nib","Omamori"],"potions_floor_usage":[13,13,17,28,33,33],"damage_taken":[{"damage":0,"enemies":"Cultist","floor":1,"turns":3},{"damage":0,"enemies":"Jaw Worm","floor":5,"turns":3},{"damage":19,"enemies":"Lagavulin","floor":7,"turns":8},{"damage":0,"enemies":"Small Slimes","floor":8,"turns":3},{"damage":1,"enemies":"The Mushroom Lair","floor":12,"turns":5},{"damage":0,"enemies":"3 Sentries","floor":13,"turns":12},{"damage":0,"enemies":"Exordium Thugs","floor":14,"turns":5},{"damage":12,"enemies":"Hexaghost","floor":16,"turns":11},{"damage":14,"enemies":"3 Byrds","floor":18,"turns":6},{"damage":6,"enemies":"Chosen","floor":21,"turns":5},{"damage":0,"enemies":"Snecko","floor":22,"turns":5},{"damage":18,"enemies":"Cultist and Chosen","floor":24,"turns":6},{"damage":15,"enemies":"Sentry and Sphere","floor":27,"turns":6},{"damage":24,"enemies":"Snake Plant","floor":28,"turns":4},{"damage":0,"enemies":"Shelled Parasite and Fungi","floor":29,"turns":5},{"damage":4,"enemies":"Cultist and Chosen","floor":30,"turns":6},{"damage":26,"enemies":"Collector","floor":33,"turns":6}],"seed_played":"7033441141287836192","potions_obtained":[{"floor":5,"key":"Regen Potion"},{"floor":12,"key":"Block Potion"},{"floor":14,"key":"SteroidPotion"},{"floor":16,"key":"Fruit Juice"},{"floor":22,"key":"Strength Potion"},{"floor":27,"key":"Poison Potion"},{"floor":28,"key":"Fruit Juice"}],"is_trial":false,"path_per_floor":["M","?","?","?","M","R","E","M","T","$","T","?","E","M","R","B",null,"M","?","$","M","M","R","M","$","T","M","M","M","M","?","R"],"character_chosen":"DEFECT","items_purchased":["Defragment","Gash","Pen Nib","Flash of Steel"],"campfire_rested":0,"item_purchase_floors":[10,20,20,25],"current_hp_per_floor":[75,68,56,56,56,56,37,37,37,37,37,36,61,63,63,51,92,78,78,78,72,74,74,56,56,56,41,22,22,20,20,20,0],"gold":107,"neow_bonus":"RANDOM_COMMON_RELIC","is_prod":false,"is_daily":false,"chose_seed":false,"campfire_upgraded":4,"win_rate":0,"timestamp":1537869299,"path_taken":["M","?","?","?","?","R","E","M","T","$","?","?","E","M","R","BOSS","M","?","$","M","M","R","M","$","T","M","?","M","M","?","R","BOSS"],"build_version":"2018-09-20","purchased_purges":0,"victory":false,"max_hp_per_floor":[75,75,75,75,75,75,75,75,75,75,75,75,85,87,87,87,92,92,92,92,92,94,94,94,94,94,94,99,99,101,101,101,101],"card_choices":[{"not_picked":["Stack","Compile Driver"],"picked":"FTL","floor":1},{"not_picked":["Rebound","Turbo"],"picked":"Leap","floor":5},{"not_picked":["Loop","Machine Learning"],"picked":"Glacier","floor":7},{"not_picked":["Beam Cell","Coolheaded"],"picked":"Leap","floor":8},{"not_picked":["Doom and Gloom","Rebound"],"picked":"Cold Snap","floor":12},{"not_picked":["Doom and Gloom","Stack"],"picked":"Streamline","floor":13},{"not_picked":["Melter","Fusion","Undo"],"picked":"Singing Bowl","floor":14},{"not_picked":["Thunder Strike","Seek"],"picked":"All For One","floor":16},{"not_picked":["Aggregate","Sweeping Beam"],"picked":"Streamline+1","floor":18},{"not_picked":["Barrage","Ball Lightning"],"picked":"Streamline","floor":21},{"not_picked":["Loop","Turbo","Cold Snap"],"picked":"Singing Bowl","floor":22},{"not_picked":["Coolheaded","Cold Snap+1"],"picked":"Genetic Algorithm+1","floor":24},{"not_picked":["Double Energy","Auto Shields"],"picked":"Beam Cell","floor":27},{"not_picked":["Chaos","Chill"],"picked":"Beam Cell","floor":28},{"not_picked":["Ball Lightning","Chill"],"picked":"Gash","floor":29},{"not_picked":["Seek","Compile Driver+1","Rebound+1"],"picked":"Singing Bowl","floor":30}],"player_experience":210969,"relics_obtained":[{"floor":7,"key":"Letter Opener"},{"floor":9,"key":"Singing Bowl"},{"floor":11,"key":"Blue Candle"},{"floor":12,"key":"Odd Mushroom"},{"floor":13,"key":"Pear"},{"floor":26,"key":"Omamori"}],"event_choices":[{"event_name":"Golden Wing","player_choice":"Card Removal","floor":2,"damage_taken":0},{"event_name":"Scrap Ooze","player_choice":"success","floor":3,"damage_taken":12},{"event_name":"Match and Keep!","player_choice":"1 cards matched","floor":4,"damage_taken":0},{"event_name":"Mushrooms","player_choice":"Fought Mushrooms","floor":12,"damage_taken":0},{"event_name":"Back to Basics","player_choice":"Simplicity","floor":19,"damage_taken":0},{"event_name":"Vampires","player_choice":"Ignored","floor":31,"damage_taken":0}],"is_beta":false,"boss_relics":[{"not_picked":["Tiny House","Fusion Hammer"],"picked":"Empty Cage"}],"items_purged_floors":[],"is_endless":false,"potions_floor_spawned":[5,12,14,16,22,27,28],"killed_by":"Collector","ascension_level":3}