{"gold_per_floor":[117,117,42,142,217,217,228,263,263,263,279,307,329,340,340,437,437,427,427,443,101,112,112,112,142,142,155,30,30,65,79,79,180,180,195,195,195,207,258,286,12,12,39,39,39,66,66,95,95,194,194,204,2,17,17,33,33,33,69,115,154,154,45,60,60,60,188,188,201,201,326,326,326,326,366,366,409,425,441,441,30,44,44,175,175,198,28,52,0,51],"floor_reached":90,"playtime":4781,"items_purged":["Power Through","True Grit","Shrug It Off","Pain","Flame Barrier","Rage","Flex","Armaments+1"],"score":2229,"play_id":"8f2849ae-d935-4123-b961-c1d717541aad","local_time":"20180929072856","daily_mods":["Draft","Vintage","Elite Swarm"],"is_ascension_mode":false,"campfire_choices":[{"data":"Inflame","floor":6.0,"key":"SMITH"},{"data":"Barricade","floor":10.0,"key":"SMITH"},{"data":"Metallicize","floor":15,"key":"SMITH"},{"data":"Limit Break","floor":23,"key":"SMITH"},{"data":"Demon Form","floor":32,"key":"SMITH"},{"data":"1","floor":42,"key":"LIFT"},{"data":"2","floor":45,"key":"LIFT"},{"data":"3","floor":49,"key":"LIFT"},{"data":"Limit Break","floor":57,"key":"SMITH"},{"data":"Searing Blow","floor":62,"key":"SMITH"},{"data":"Searing Blow+1","floor":66,"key":"SMITH"},{"data":"Seeing Red","floor":74,"key":"SMITH"},{"data":"Clash","floor":76,"key":"SMITH"},{"data":"Searing Blow+2","floor":80,"key":"SMITH"},{"data":"Searing Blow+3","floor":83,"key":"SMITH"}],"neow_cost":"","seed_source_timestamp":0,"circlet_count":0,"master_deck":["Clash+1","Searing Blow+4","Inflame+1","Flex+1","Seeing Red+1","Metallicize+1","Barricade+1","Limit Break+1","Demon Form+1","RitualDagger+1","Metallicize+1","Clash+1","Demon Form+1","Fire Breathing+1","Impervious+1","Demon Form+1"],"special_seed":0,"relics":["Unceasing Top","Paper Frog","Art of War","Singing Bowl","Boot","Darkstone Periapt","Bottled Tornado","Thread and Needle","Odd Mushroom","War Paint","Blue Candle","Runic Pyramid","Molten Egg 2","Pantograph","Mummified Hand","Anchor","Calipers","Frozen Egg 2","Matryoshka","Bronze Scales","Kunai","Potion Belt","Black Star","Juzu Bracelet","WarpedTongs","PreservedInsect","Girya","Lantern","Centennial Puzzle","Bag of Marbles","Strawberry","Ginger","Champion Belt","Toxic Egg 2","The Courier","Shuriken","Busted Crown","Smiling Mask","TheAbacus","Ornamental Fan","Golden Idol","Bottled Flame","Letter Opener","Dream Catcher","Gremlin Horn","Pen Nib","Ancient Tea Set","FossilizedHelix","Bottled Lightning","Mercury Hourglass","Meat on the Bone","Happy Flower","Omamori","Oddly Smooth Stone","Dodecahedron","Red Skull","Magic Flower","Vajra","Self Forming Clay","Red Mask","Tiny Chest"],"potions_floor_usage":[16,16,30,30,39,39,40,48,50,50,58,67,67,71,88],"damage_taken":[{"damage":4.0,"enemies":"Jaw Worm","floor":1.0,"turns":7.0},{"damage":0.0,"enemies":"Cultist","floor":7.0,"turns":3.0},{"damage":0.0,"enemies":"Gremlin Nob","floor":8.0,"turns":3.0},{"damage":7.0,"enemies":"Small Slimes","floor":11.0,"turns":4.0},{"damage":0.0,"enemies":"Lagavulin","floor":12.0,"turns":10.0},{"damage":3,"enemies":"The Mushroom Lair","floor":13,"turns":6},{"damage":0,"enemies":"Blue Slaver","floor":14,"turns":4},{"damage":1,"enemies":"Hexaghost","floor":16,"turns":11},{"damage":14,"enemies":"2 Thieves","floor":18,"turns":4},{"damage":6,"enemies":"3 Byrds","floor":20,"turns":5},{"damage":0,"enemies":"3 Cultists","floor":22,"turns":4},{"damage":14,"enemies":"Slavers","floor":25,"turns":6},{"damage":0,"enemies":"Sentry and Sphere","floor":27,"turns":5},{"damage":8,"enemies":"Book of Stabbing","floor":30,"turns":5},{"damage":0,"enemies":"Snecko","floor":31,"turns":5},{"damage":0,"enemies":"Automaton","floor":33,"turns":7},{"damage":1,"enemies":"Orb Walker","floor":35,"turns":3},{"damage":9,"enemies":"3 Shapes","floor":38,"turns":4},{"damage":14,"enemies":"Mysterious Sphere","floor":39,"turns":5},{"damage":61,"enemies":"2 Orb Walkers","floor":40,"turns":5},{"damage":0,"enemies":"Nemesis","floor":46,"turns":3},{"damage":0,"enemies":"2 Orb Walkers","floor":48,"turns":3},{"damage":52,"enemies":"Awakened One","floor":50,"turns":7},{"damage":0,"enemies":"Jaw Worm","floor":52,"turns":2},{"damage":0,"enemies":"2 Louse","floor":54,"turns":1},{"damage":0,"enemies":"Cultist","floor":56,"turns":1},{"damage":0,"enemies":"Gremlin Nob","floor":59,"turns":2},{"damage":0,"enemies":"3 Sentries","floor":61,"turns":2},{"damage":0,"enemies":"Looter","floor":64,"turns":1},{"damage":77,"enemies":"Hexaghost","floor":67,"turns":4},{"damage":0,"enemies":"Spheric Guardian","floor":69,"turns":1},{"damage":0,"enemies":"Colosseum Slavers","floor":71,"turns":1},{"damage":0,"enemies":"Colosseum Nobs","floor":71,"turns":2},{"damage":0,"enemies":"Slavers","floor":75,"turns":2},{"damage":0,"enemies":"Book of Stabbing","floor":77,"turns":2},{"damage":0,"enemies":"Shell Parasite","floor":78,"turns":2},{"damage":0,"enemies":"Centurion and Healer","floor":79,"turns":3},{"damage":0,"enemies":"Snecko","floor":82,"turns":2},{"damage":0,"enemies":"Collector","floor":84,"turns":3},{"damage":20,"enemies":"3 Darklings","floor":86,"turns":3},{"damage":36,"enemies":"3 Shapes","floor":88,"turns":4},{"damage":8,"enemies":"Reptomancer","floor":90,"turns":3}],"seed_played":"5995684988193370583","potions_obtained":[{"floor":1.0,"key":"SteroidPotion"},{"floor":8.0,"key":"EssenceOfSteel"},{"floor":12,"key":"Regen Potion"},{"floor":13,"key":"EssenceOfSteel"},{"floor":16,"key":"Regen Potion"},{"floor":18,"key":"Poison Potion"},{"floor":22,"key":"Fire Potion"},{"floor":31,"key":"Poison Potion"},{"floor":33,"key":"PowerPotion"},{"floor":35,"key":"Poison Potion"},{"floor":37,"key":"FairyPotion"},{"floor":37,"key":"Strength Potion"},{"floor":40,"key":"Explosive Potion"},{"floor":46,"key":"Swift Potion"},{"floor":50,"key":"Fire Potion"},{"floor":54,"key":"GamblersBrew"},{"floor":58,"key":"Block Potion"},{"floor":58,"key":"Poison Potion"},{"floor":58,"key":"Fruit Juice"},{"floor":59,"key":"SpeedPotion"},{"floor":69,"key":"Weak Potion"},{"floor":71,"key":"Dexterity Potion"},{"floor":79,"key":"LiquidBronze"},{"floor":82,"key":"Explosive Potion"},{"floor":90,"key":"SkillPotion"}],"is_trial":true,"path_per_floor":["M","?","$","?","?","R","M","E","T","R","M","E","?","M","R","B",null,"M","?","M","$","M","R","?","E","T","M","$","?","E","M","R","B",null,"M","?","?","M","?","E","$","R","T","?","R","E","$","E","R","B",null,"M","$","M","?","M","R","?","E","T","E","R","$","M","?","R","B",null,"M","?","?","?","?","R","E","R","E","M","M","R","$","M","R","B",null,"M","$","M","?"],"character_chosen":"IRONCLAD","items_purchased":["Mummified Hand","Metallicize+1","Clash+1","TheAbacus","Fire Breathing+1","Happy Flower","Omamori","Oddly Smooth Stone","Vajra"],"campfire_rested":0,"item_purchase_floors":[21,41,41,53,63,81,81,81,87],"current_hp_per_floor":[76,76,76,76,65,65,65,65,65,65,58,58,57,57,57,56,82,68,73,67,67,67,67,67,53,53,53,53,47,75,75,75,86,86,85,91,91,82,70,11,11,11,18,18,18,20,20,22,22,7,107,107,107,107,99,99,99,104,106,106,108,108,108,108,118,118,43,120,120,120,122,122,122,122,122,122,124,124,124,124,124,124,124,126,126,106,106,70,70,80],"gold":51,"neow_bonus":"","is_prod":false,"is_daily":false,"chose_seed":false,"campfire_upgraded":12,"win_rate":0,"timestamp":1538171936,"path_taken":["M","?","$","?","?","R","M","E","T","R","?","E","?","M","R","BOSS","M","?","M","$","M","R","?","E","T","M","$","?","E","M","R","BOSS","M","?","?","M","?","E","$","R","T","?","R","E","$","E","R","BOSS","M","$","M","?","M","R","?","E","T","E","R","$","M","?","R","BOSS","M","?","?","?","?","R","E","R","E","M","M","R","$","M","R","BOSS","M","$","M","?","M"],"build_version":"2018-09-27","purchased_purges":8,"victory":false,"max_hp_per_floor":[80,80,80,80,80,80,80,80,80,80,80,80,82,82,82,82,82,82,82,82,82,82,82,82,82,82,82,82,82,84,84,84,86,86,86,92,92,92,94,96,96,96,103,103,103,105,105,107,107,107,107,107,107,107,99,99,99,104,106,106,108,108,108,108,118,118,120,120,120,120,122,122,122,122,122,122,124,124,124,124,124,124,124,126,126,126,126,126,126,126],"card_choices":[{"not_picked":["Shockwave","Heavy Blade"],"picked":"Rage","floor":0.0},{"not_picked":["Twin Strike","Anger"],"picked":"Clash","floor":0.0},{"not_picked":["Perfected Strike","Shockwave"],"picked":"Searing Blow","floor":0.0},{"not_picked":["Warcry","Sentinel"],"picked":"Armaments","floor":0.0},{"not_picked":["Warcry","Sword Boomerang"],"picked":"True Grit","floor":0.0},{"not_picked":["Feel No Pain","Clothesline"],"picked":"Shrug It Off","floor":0.0},{"not_picked":["Entrench","Body Slam"],"picked":"Power Through","floor":0.0},{"not_picked":["Anger","Dual Wield"],"picked":"Carnage","floor":0.0},{"not_picked":["Shrug It Off","Anger"],"picked":"Flex","floor":0.0},{"not_picked":["Perfected Strike","Heavy Blade"],"picked":"Wild Strike","floor":0.0},{"not_picked":["Burning Pact","Power Through"],"picked":"Flame Barrier","floor":0.0},{"not_picked":["Armaments","Body Slam"],"picked":"Inflame","floor":0.0},{"not_picked":["Anger","Intimidate"],"picked":"Flex","floor":0.0},{"not_picked":["Twin Strike","Battle Trance"],"picked":"Seeing Red","floor":0.0},{"not_picked":["Wild Strike","Rampage"],"picked":"Metallicize","floor":0.0},{"not_picked":["Limit Break","Reaper"],"picked":"Barricade","floor":8.0},{"not_picked":["Brutality","Exhume"],"picked":"Bludgeon","floor":12},{"not_picked":["Clothesline","Rage","True Grit"],"picked":"Singing Bowl","floor":13},{"not_picked":["Fiend Fire","Feed"],"picked":"Limit Break","floor":16},{"not_picked":["Immolate+1","Bludgeon+1"],"picked":"Demon Form","floor":25},{"not_picked":["Immolate+1","Reaper+1","Feed+1"],"picked":"Singing Bowl","floor":30},{"not_picked":["Feed+1","Immolate+1","Dark Embrace+1"],"picked":"Singing Bowl","floor":33},{"not_picked":["Power Through","Flex","Pummel+1"],"picked":"Singing Bowl","floor":39},{"not_picked":["Barricade+1","Bludgeon+1","Juggernaut+1"],"picked":"Singing Bowl","floor":40},{"not_picked":["Fiend Fire+1","Reaper+1","Brutality+1"],"picked":"Singing Bowl","floor":46},{"not_picked":["Reaper+1","Berserk+1","Offering"],"picked":"Singing Bowl","floor":48},{"not_picked":["Brutality+1","Reaper+1"],"picked":"Demon Form+1","floor":50},{"not_picked":["Dark Embrace+1"],"picked":"Singing Bowl","floor":59},{"not_picked":["Brutality+1"],"picked":"Singing Bowl","floor":61},{"not_picked":["Berserk+1"],"picked":"Singing Bowl","floor":67},{"not_picked":["Anger+1"],"picked":"Singing Bowl","floor":71},{"not_picked":[],"picked":"Demon Form+1","floor":75},{"not_picked":["Feed+1"],"picked":"Singing Bowl","floor":77},{"not_picked":["Feed+1"],"picked":"Singing Bowl","floor":84}],"player_experience":232561,"relics_obtained":[{"floor":1.0,"key":"Paper Frog"},{"floor":7.0,"key":"Singing Bowl"},{"floor":8.0,"key":"Boot"},{"floor":9.0,"key":"Darkstone Periapt"},{"floor":11.0,"key":"Bottled Tornado"},{"floor":12,"key":"Thread and Needle"},{"floor":13,"key":"Odd Mushroom"},{"floor":14,"key":"War Paint"},{"floor":16,"key":"Blue Candle"},{"floor":18,"key":"Molten Egg 2"},{"floor":20,"key":"Pantograph"},{"floor":22,"key":"Anchor"},{"floor":25,"key":"Calipers"},{"floor":26,"key":"Frozen Egg 2"},{"floor":27,"key":"Matryoshka"},{"floor":30,"key":"Bronze Scales"},{"floor":31,"key":"Kunai"},{"floor":33,"key":"Potion Belt"},{"floor":35,"key":"Juzu Bracelet"},{"floor":38,"key":"PreservedInsect"},{"floor":39,"key":"Girya"},{"floor":40,"key":"Lantern"},{"floor":40,"key":"Centennial Puzzle"},{"floor":43,"key":"Bag of Marbles"},{"floor":43,"key":"Strawberry"},{"floor":46,"key":"Ginger"},{"floor":46,"key":"Champion Belt"},{"floor":48,"key":"Toxic Egg 2"},{"floor":48,"key":"The Courier"},{"floor":50,"key":"Shuriken"},{"floor":52,"key":"Smiling Mask"},{"floor":54,"key":"Ornamental Fan"},{"floor":56,"key":"Bottled Flame"},{"floor":60,"key":"Letter Opener"},{"floor":60,"key":"Dream Catcher"},{"floor":64,"key":"Gremlin Horn"},{"floor":67,"key":"Pen Nib"},{"floor":69,"key":"Ancient Tea Set"},{"floor":71,"key":"FossilizedHelix"},{"floor":71,"key":"Bottled Lightning"},{"floor":78,"key":"Mercury Hourglass"},{"floor":79,"key":"Meat on the Bone"},{"floor":82,"key":"Dodecahedron"},{"floor":84,"key":"Red Skull"},{"floor":86,"key":"Magic Flower"},{"floor":88,"key":"Self Forming Clay"},{"floor":90,"key":"Tiny Chest"}],"event_choices":[{"event_name":"WeMeetAgain","player_choice":"Potion","floor":2.0,"damage_taken":0.0},{"event_name":"Golden Shrine","player_choice":"Pray","floor":4.0,"damage_taken":0.0},{"event_name":"World of Goop","player_choice":"Gather Gold","floor":5.0,"damage_taken":0.0},{"event_name":"Mushrooms","player_choice":"Fought Mushrooms","floor":13,"damage_taken":0},{"event_name":"Bonfire Elementals","player_choice":"COMMON","floor":19,"damage_taken":0},{"event_name":"Purifier","player_choice":"One Purge","floor":24,"damage_taken":0},{"event_name":"Nest","player_choice":"Joined the Cult","floor":29,"damage_taken":0},{"event_name":"Accursed Blacksmith","player_choice":"Rummage","floor":36,"damage_taken":0},{"event_name":"The Lab","player_choice":"Got Potions","floor":37,"damage_taken":0},{"event_name":"Mysterious Sphere","player_choice":"Fight","floor":39,"damage_taken":0},{"event_name":"Match and Keep!","player_choice":"1 cards matched","floor":44,"damage_taken":0},{"event_name":"Golden Idol","player_choice":"Lose Max HP","floor":55,"damage_taken":0},{"event_name":"The Lab","player_choice":"Got Potions","floor":58,"damage_taken":0},{"event_name":"Bonfire Elementals","player_choice":"RARE","floor":65,"damage_taken":0},{"event_name":"Back to Basics","player_choice":"Elegance","floor":70,"damage_taken":0},{"event_name":"Colosseum","player_choice":"Fight","floor":71,"damage_taken":0},{"event_name":"Colosseum","player_choice":"Fought Nobs","floor":71,"damage_taken":0},{"event_name":"Match and Keep!","player_choice":"1 cards matched","floor":72,"damage_taken":0},{"event_name":"Vampires","player_choice":"Ignored","floor":73,"damage_taken":0},{"event_name":"Tomb of Lord Red Mask","player_choice":"Paid","floor":89,"damage_taken":0}],"is_beta":false,"boss_relics":[{"not_picked":["Snecko Eye","Mark of Pain"],"picked":"Runic Pyramid"},{"not_picked":["Cursed Key","Lizard Tail"],"picked":"Black Star"},{"not_picked":["Fusion Hammer","Sozu"],"picked":"Busted Crown"},{"not_picked":["BlightedDurian"],"picked":"MetallicRebirth"},{"not_picked":["VoidEssence"],"picked":"GraspOfShadows"}],"items_purged_floors":[3,21,28,41,53,63,81,87],"is_endless":true,"potions_floor_spawned":[1,8,12,13,16,18,22,31,33,35,38,40,46,50,54,59,64,69,71,79,82,90],"killed_by":"Reptomancer","ascension_level":0}