{"gold_per_floor":[117,130,130,130,55,84,84,104,130,130,165,182,195,195,195,195],"floor_reached":16,"playtime":611,"items_purged":["Regret"],"score":110,"play_id":"f73d5269-3929-4f96-8e56-13fb610d5178","local_time":"20190215195747","is_ascension_mode":false,"campfire_choices":[{"data":"Seeing Red","floor":7,"key":"SMITH"},{"floor":15,"key":"REST"}],"neow_cost":"NONE","seed_source_timestamp":382183892394666,"circlet_count":0,"master_deck":["Strike_R","Strike_R","Strike_R","Strike_R","Defend_R","Defend_R+1","Defend_R","Defend_R","Bash","Juggernaut","Infernal Blade","Pommel Strike","Seeing Red+1","Seeing Red","Intimidate","Impervious","Pommel Strike","Twin Strike+1"],"relics":["Burning Blood","Bag of Preparation","Happy Flower","Lantern","Shuriken"],"potions_floor_usage":[6,16,16],"damage_taken":[{"damage":7,"enemies":"Small Slimes","floor":1,"turns":4},{"damage":0,"enemies":"2 Louse","floor":2,"turns":2},{"damage":42,"enemies":"3 Sentries","floor":6,"turns":9},{"damage":1,"enemies":"Jaw Worm","floor":8,"turns":2},{"damage":31,"enemies":"Lagavulin","floor":11,"turns":6},{"damage":5,"enemies":"2 Fungi Beasts","floor":12,"turns":3},{"damage":0,"enemies":"Red Slaver","floor":13,"turns":2},{"damage":40,"enemies":"Hexaghost","floor":16,"turns":9}],"seed_played":"-4533684686617903832","potions_obtained":[{"floor":1,"key":"Swift Potion"},{"floor":6,"key":"SkillPotion"},{"floor":8,"key":"Strength Potion"}],"is_trial":false,"path_per_floor":["M","M","?","?","$","E","R","M","T","?","E","M","M","?","R","B"],"character_chosen":"IRONCLAD","items_purchased":[],"campfire_rested":1,"item_purchase_floors":[],"current_hp_per_floor":[79,80,80,80,80,44,44,49,49,49,24,25,31,15,39,0],"gold":195,"neow_bonus":"ONE_RANDOM_RARE_CARD","is_prod":false,"is_daily":false,"chose_seed":false,"campfire_upgraded":1,"win_rate":0.0,"timestamp":1550275067,"path_taken":["M","M","?","?","?","E","R","M","T","?","E","?","M","?","R","BOSS"],"build_version":"2019-01-23","purchased_purges":1,"victory":false,"max_hp_per_floor":[80,80,80,80,80,80,80,80,80,80,80,80,80,80,80,80],"card_choices":[{"not_picked":["Evolve","Thunderclap"],"picked":"Infernal Blade","floor":1},{"not_picked":["Intimidate","Burning Pact"],"picked":"Pommel Strike","floor":2},{"not_picked":["Infernal Blade","Twin Strike"],"picked":"Seeing Red","floor":6},{"not_picked":["Rampage","Havoc"],"picked":"Seeing Red","floor":8},{"not_picked":["Perfected Strike","Body Slam"],"picked":"Impervious","floor":11},{"not_picked":["Feel No Pain","Combust"],"picked":"Pommel Strike","floor":12},{"not_picked":["Flex","Wild Strike"],"picked":"Twin Strike","floor":13}],"player_experience":48671,"relics_obtained":[{"floor":6,"key":"Happy Flower"},{"floor":9,"key":"Lantern"},{"floor":11,"key":"Shuriken"}],"event_choices":[{"damage_healed":0,"gold_gain":0,"player_choice":"Ignored","damage_taken":0,"max_hp_gain":0,"max_hp_loss":0,"event_name":"Liars Game","floor":3,"gold_loss":0},{"damage_healed":0,"gold_gain":0,"player_choice":"Box","damage_taken":0,"relics_obtained":["Bag of Preparation"],"max_hp_gain":0,"max_hp_loss":0,"event_name":"Big Fish","floor":4,"gold_loss":0,"cards_obtained":["Regret"]},{"damage_healed":0,"gold_gain":0,"cards_transformed":["Strike_R"],"player_choice":"Transformed","damage_taken":0,"max_hp_gain":0,"max_hp_loss":0,"event_name":"Transmorgrifier","floor":10,"gold_loss":0,"cards_obtained":["Intimidate"]},{"damage_healed":0,"gold_gain":0,"player_choice":"Entered Light","damage_taken":16,"max_hp_gain":0,"max_hp_loss":0,"event_name":"Shining Light","floor":14,"gold_loss":0,"cards_upgraded":["Defend_R","Twin Strike"]}],"is_beta":false,"boss_relics":[],"items_purged_floors":[5],"is_endless":false,"potions_floor_spawned":[1,6,8],"killed_by":"Hexaghost","ascension_level":0}