{"gold_per_floor":[117,117,136,136,211,211,236,13,13,13,25,25,25,96,96,96],"floor_reached":16,"playtime":579,"items_purged":["Strike_G"],"score":120,"play_id":"6dcc4149-e6f7-4c1f-afb4-212925b15ec4","local_time":"20181024074800","is_ascension_mode":true,"campfire_choices":[{"data":"Quick Slash","floor":6,"key":"SMITH"},{"data":"Envenom","floor":10,"key":"SMITH"},{"data":"All Out Attack","floor":13,"key":"SMITH"},{"floor":15,"key":"REST"}],"neow_cost":"TEN_PERCENT_HP_LOSS","seed_source_timestamp":409129215076165,"circlet_count":0,"master_deck":["Defend_G","Defend_G","Defend_G","Defend_G","Defend_G","Strike_G","Strike_G","Strike_G","Survivor","Neutralize","Doppelganger+1","Quick Slash+1","Backflip","All Out Attack+1","Envenom+1","Quick Slash"],"relics":["Ring of the Snake","CultistMask","WingedGreaves","Bottled Tornado","Question Card"],"potions_floor_usage":[7],"damage_taken":[{"damage":0,"enemies":"Small Slimes","floor":1,"turns":6},{"damage":4,"enemies":"Cultist","floor":3,"turns":3},{"damage":21,"enemies":"Lagavulin","floor":7,"turns":10},{"damage":10,"enemies":"2 Louse","floor":11,"turns":2},{"damage":44,"enemies":"Slime Boss","floor":16,"turns":7}],"seed_played":"5443693591720357882","potions_obtained":[{"floor":3,"key":"EssenceOfSteel"}],"is_trial":false,"path_per_floor":["M","?","M","?","?","R","E","$","T","R","M","?","R","T","R"],"character_chosen":"THE_SILENT","items_purchased":["Envenom"],"campfire_rested":1,"item_purchase_floors":[8],"current_hp_per_floor":[63,63,59,59,48,48,27,27,27,27,17,17,17,17,35,0],"gold":96,"neow_bonus":"THREE_RARE_CARDS","is_prod":false,"is_daily":false,"chose_seed":false,"campfire_upgraded":3,"win_rate":0,"timestamp":1540329480,"path_taken":["M","?","M","?","?","R","E","$","T","R","?","?","R","?","R","BOSS"],"build_version":"2018-10-18","purchased_purges":1,"victory":false,"max_hp_per_floor":[63,63,63,63,63,63,63,63,63,63,63,63,63,63,63,63],"card_choices":[{"not_picked":["After Image","Bullet Time"],"picked":"Doppelganger","floor":0},{"not_picked":["Underhanded Strike","Acrobatics"],"picked":"Quick Slash","floor":1},{"not_picked":["Bane","Poisoned Stab"],"picked":"Backflip","floor":3},{"not_picked":["Deadly Poison","Blade Dance"],"picked":"All Out Attack","floor":7},{"not_picked":["Slice","Cloak And Dagger"],"picked":"Quick Slash","floor":11}],"player_experience":341173,"relics_obtained":[{"floor":7,"key":"WingedGreaves"},{"floor":9,"key":"Bottled Tornado"},{"floor":14,"key":"Question Card"}],"event_choices":[{"damage_healed":0,"gold_gain":0,"player_choice":"Trade","damage_taken":0,"relics_obtained":["CultistMask"],"max_hp_gain":0,"max_hp_loss":0,"event_name":"FaceTrader","floor":2,"gold_loss":0},{"damage_healed":0,"gold_gain":0,"player_choice":"Grow","damage_taken":0,"max_hp_gain":0,"max_hp_loss":0,"event_name":"Living Wall","floor":4,"gold_loss":0,"cards_upgraded":["Doppelganger"]},{"damage_healed":0,"gold_gain":75,"player_choice":"Gather Gold","damage_taken":11,"max_hp_gain":0,"max_hp_loss":0,"event_name":"World of Goop","floor":5,"gold_loss":0},{"cards_removed":["Strike_G"],"damage_healed":0,"gold_gain":0,"player_choice":"Offered Basic","damage_taken":0,"max_hp_gain":0,"max_hp_loss":0,"event_name":"Bonfire Elementals","floor":12,"gold_loss":0}],"is_beta":false,"boss_relics":[],"items_purged_floors":[8],"is_endless":false,"potions_floor_spawned":[3],"killed_by":"Slime Boss","ascension_level":5}