{"gold_per_floor":[109,127,144,156,171,199,199,11,11,24,24,0,10,10],"floor_reached":14,"playtime":362,"items_purged":[],"score":188,"play_id":"823f7393-c042-485b-83b1-8864398fa3c7","local_time":"20181216063123","is_ascension_mode":true,"campfire_choices":[{"data":"Zap","floor":7,"key":"SMITH"},{"data":"Defragment","floor":11,"key":"SMITH"}],"neow_cost":"NONE","seed_source_timestamp":217364616055904,"circlet_count":0,"master_deck":["AscendersBane","Strike_B","Strike_B","Strike_B","Strike_B","Defend_B","Defend_B","Defend_B","Defend_B","Zap+1","Dualcast","Conserve Battery","Compile Driver","Compile Driver","Echo Form","Cold Snap","Defragment+1","Self Repair","Rip and Tear"],"relics":["Cracked Core","Boot","Turnip"],"potions_floor_usage":[6,6,10,14],"damage_taken":[{"damage":1,"enemies":"Cultist","floor":1,"turns":3},{"damage":7,"enemies":"Small Slimes","floor":2,"turns":3},{"damage":0,"enemies":"2 Louse","floor":3,"turns":3},{"damage":15,"enemies":"Gremlin Gang","floor":4,"turns":6},{"damage":5,"enemies":"Looter","floor":5,"turns":3},{"damage":12,"enemies":"Lagavulin","floor":6,"turns":7},{"damage":9,"enemies":"Exordium Wildlife","floor":10,"turns":4},{"damage":0,"enemies":"Large Slime","floor":13,"turns":4},{"damage":30,"enemies":"3 Sentries","floor":14,"turns":3}],"seed_played":"-1841171369178716883","potions_obtained":[{"floor":1,"key":"FocusPotion"},{"floor":4,"key":"SpeedPotion"},{"floor":10,"key":"SkillPotion"}],"is_trial":false,"path_per_floor":["M","M","M","M","M","E","R","$","T","M","R","?","M","E"],"character_chosen":"DEFECT","items_purchased":["Cold Snap","Defragment","Block Potion"],"campfire_rested":0,"item_purchase_floors":[8,8,8],"current_hp_per_floor":[70,63,63,48,43,31,31,31,31,22,22,22,29,0],"gold":10,"neow_bonus":"TEN_PERCENT_HP_BONUS","is_prod":false,"is_daily":false,"chose_seed":false,"campfire_upgraded":2,"win_rate":0,"timestamp":1544909483,"path_taken":["M","?","M","M","M","E","R","?","T","M","R","?","M","E"],"build_version":"2018-12-13","purchased_purges":0,"victory":false,"max_hp_per_floor":[78,78,78,78,78,78,78,78,78,78,78,78,78,78],"card_choices":[{"not_picked":["Force Field","Skim","Tempest"],"picked":"SKIP","floor":1},{"not_picked":["Coolheaded","BootSequence"],"picked":"Conserve Battery","floor":2},{"not_picked":["Steam Power","Barrage"],"picked":"Compile Driver","floor":3},{"not_picked":["Fusion","Hologram","Storm"],"picked":"SKIP","floor":4},{"not_picked":["Stack","Rebound"],"picked":"Compile Driver","floor":5},{"not_picked":["Streamline","Leap"],"picked":"Echo Form","floor":6},{"not_picked":["Steam","Undo"],"picked":"Self Repair","floor":10},{"not_picked":["Steam","Hologram"],"picked":"Rip and Tear","floor":13}],"player_experience":800200,"relics_obtained":[{"floor":6,"key":"Boot"},{"floor":9,"key":"Turnip"}],"event_choices":[{"damage_healed":0,"gold_gain":0,"player_choice":"Left Gold","damage_taken":0,"max_hp_gain":0,"max_hp_loss":0,"event_name":"World of Goop","floor":12,"gold_loss":24}],"is_beta":false,"boss_relics":[],"items_purged_floors":[],"is_endless":false,"potions_floor_spawned":[1,4,10],"killed_by":"3 Sentries","ascension_level":20}