{"gold_per_floor":[114,114,134,153,170,170,72,88,88,106,181,193,193,212,212,315,315],"floor_reached":17,"playtime":209,"items_purged":["Defend_R"],"score":151,"play_id":"8a07c3da-6562-4eba-b2c0-77dde178a6df","local_time":"20180829061331","is_ascension_mode":false,"campfire_choices":[{"data":"Thunderclap","floor":6,"key":"SMITH"},{"data":"Flex","floor":13,"key":"SMITH"},{"data":"Pommel Strike","floor":15,"key":"SMITH"}],"neow_cost":"","seed_source_timestamp":1020012863357997,"circlet_count":0,"master_deck":["Strike_R","Strike_R+1","Strike_R","Strike_R","Strike_R","Defend_R","Defend_R","Defend_R","Bash+1","Thunderclap+1","Thunderclap","Pommel Strike+1","Flex","Clash","Clash","Flex+1","Clash","Thunderclap","Reaper"],"relics":["Burning Blood","Meat on the Bone","Coffee Dripper"],"potions_floor_usage":[10,16,16],"damage_taken":[{"damage":8,"enemies":"Jaw Worm","floor":1,"turns":3},{"damage":0,"enemies":"2 Louse","floor":3,"turns":2},{"damage":1,"enemies":"Cultist","floor":4,"turns":3},{"damage":32,"enemies":"Gremlin Gang","floor":5,"turns":4},{"damage":5,"enemies":"Looter","floor":8,"turns":2},{"damage":0,"enemies":"2 Fungi Beasts","floor":10,"turns":1},{"damage":4,"enemies":"Gremlin Gang","floor":12,"turns":2},{"damage":0,"enemies":"Looter","floor":14,"turns":1},{"damage":37,"enemies":"Hexaghost","floor":16,"turns":4}],"seed_played":"5939773269634815504","potions_obtained":[{"floor":1,"key":"GamblersBrew"},{"floor":5,"key":"Poison Potion"},{"floor":8,"key":"Explosive Potion"},{"floor":10,"key":"PowerPotion"},{"floor":16,"key":"SteroidPotion"}],"is_trial":false,"path_per_floor":["M","?","M","M","M","R","$","M","T","M","?","M","R","M","R","B"],"character_chosen":"IRONCLAD","items_purchased":["Clash"],"campfire_rested":0,"item_purchase_floors":[7],"current_hp_per_floor":[78,62,68,73,47,47,47,48,48,54,43,57,57,63,63,44,44],"gold":315,"neow_bonus":"","is_prod":false,"is_daily":false,"chose_seed":false,"campfire_upgraded":3,"win_rate":0,"timestamp":1535490811,"path_taken":["M","?","?","M","M","R","$","M","T","?","?","M","R","M","R","BOSS"],"build_version":"2018-08-23v2","purchased_purges":1,"victory":false,"max_hp_per_floor":[80,80,80,80,80,80,80,80,80,80,80,80,80,80,80,80,80],"card_choices":[{"not_picked":["Reckless Charge","Entrench"],"picked":"Thunderclap","floor":1},{"not_picked":["Dual Wield","Rage"],"picked":"Thunderclap","floor":3},{"not_picked":["Carnage","Barricade"],"picked":"Pommel Strike","floor":4},{"not_picked":["Heavy Blade","Body Slam"],"picked":"Flex","floor":5},{"not_picked":["Blood for Blood","Feel No Pain"],"picked":"Clash","floor":8},{"not_picked":["Armaments","Combust"],"picked":"Flex","floor":10},{"not_picked":["Warcry","Heavy Blade"],"picked":"Clash","floor":12},{"not_picked":["Exhume","Body Slam"],"picked":"Thunderclap","floor":14},{"not_picked":["Berserk","Offering"],"picked":"Reaper","floor":16}],"player_experience":534872,"relics_obtained":[{"floor":9,"key":"Meat on the Bone"}],"event_choices":[{"event_name":"Shining Light","player_choice":"Entered Light","floor":2,"damage_taken":0},{"event_name":"World of Goop","player_choice":"Gather Gold","floor":11,"damage_taken":0}],"is_beta":false,"boss_relics":[{"not_picked":["Cursed Key","Velvet Choker"],"picked":"Coffee Dripper"}],"items_purged_floors":[7],"is_endless":false,"potions_floor_spawned":[1,5,8,10,16],"ascension_level":0}