{"gold_per_floor":[364,439,449,399,418,418,431,447,447,447,457,469,469,93,93,93],"floor_reached":16,"playtime":1068,"items_purged":["Strike_G"],"score":94,"play_id":"94658787-d675-4a43-b4bc-493c9225f29b","local_time":"20180825145537","is_ascension_mode":false,"campfire_choices":[{"data":"Bouncing Flask","floor":6,"key":"SMITH"},{"floor":15,"key":"REST"}],"neow_cost":"TEN_PERCENT_HP_LOSS","seed_source_timestamp":110747728397949,"circlet_count":0,"master_deck":["Defend_G","Defend_G","Defend_G","Defend_G","Strike_G","Strike_G+1","Strike_G","Survivor","Neutralize","Bouncing Flask+1","Predator","Flying Knee","Poisoned Stab","Flying Knee","Well Laid Plans","Blur+1","Poisoned Stab+1"],"relics":["Ring of the Snake","Molten Egg 2","Ornamental Fan"],"potions_floor_usage":[16],"damage_taken":[{"damage":1,"enemies":"Jaw Worm","floor":1,"turns":7},{"damage":0,"enemies":"Small Slimes","floor":3,"turns":4},{"damage":0,"enemies":"2 Louse","floor":5,"turns":2},{"damage":12,"enemies":"Exordium Thugs","floor":7,"turns":5},{"damage":5,"enemies":"3 Louse","floor":8,"turns":3},{"damage":4,"enemies":"Blue Slaver","floor":11,"turns":3},{"damage":0,"enemies":"Large Slime","floor":12,"turns":3},{"damage":35,"enemies":"Slime Boss","floor":16,"turns":11}],"seed_played":"-1206355020667324653","potions_obtained":[{"floor":1,"key":"Strength Potion"},{"floor":11,"key":"Fire Potion"}],"is_trial":false,"path_per_floor":["M","?","M","?","M","R","M","M","T","?","M","M","?","$","R"],"character_chosen":"THE_SILENT","items_purchased":["Ornamental Fan","Poisoned Stab+1"],"campfire_rested":1,"item_purchase_floors":[14,14],"current_hp_per_floor":[62,51,51,51,51,51,39,34,34,34,30,30,17,17,35,0],"gold":93,"neow_bonus":"TWO_FIFTY_GOLD","is_prod":false,"is_daily":false,"chose_seed":false,"campfire_upgraded":1,"win_rate":0.0,"timestamp":1535174737,"path_taken":["M","?","M","?","M","R","M","M","T","?","?","M","?","$","R","BOSS"],"build_version":"2018-08-23v2","purchased_purges":1,"victory":false,"max_hp_per_floor":[63,63,63,63,63,63,63,63,63,63,63,63,63,63,63,63],"card_choices":[{"not_picked":["Well Laid Plans","Backflip"],"picked":"Bouncing Flask","floor":1},{"not_picked":["Endless Agony","Flying Knee"],"picked":"Predator","floor":3},{"not_picked":["Reflex","Underhanded Strike"],"picked":"Flying Knee","floor":5},{"not_picked":["Underhanded Strike","Calculated Gamble"],"picked":"Poisoned Stab","floor":7},{"not_picked":["Flechettes","Prepared"],"picked":"Flying Knee","floor":8},{"not_picked":["Unload+1","Choke+1"],"picked":"Well Laid Plans","floor":11},{"not_picked":["Riddle With Holes+1","Dagger Spray+1"],"picked":"Blur","floor":12}],"player_experience":34109,"relics_obtained":[{"floor":9,"key":"Molten Egg 2"}],"event_choices":[{"event_name":"World of Goop","player_choice":"Gather Gold","floor":2,"damage_taken":0},{"event_name":"The Cleric","player_choice":"Card Removal","floor":4,"damage_taken":0},{"event_name":"Living Wall","player_choice":"Forget","floor":10,"damage_taken":0},{"event_name":"Shining Light","player_choice":"Entered Light","floor":13,"damage_taken":0}],"is_beta":false,"boss_relics":[],"items_purged_floors":[14],"is_endless":false,"potions_floor_spawned":[1,11],"killed_by":"Slime Boss","ascension_level":0}