{"gold_per_floor":[118,64,83,93,107,107,141,141,168,182,196,196,271,304,304,403,403,423,434,709,729,31,31,64,79,79,79,97,97,97,97,97,97],"floor_reached":33,"playtime":3044,"items_purged":["Regret"],"score":326,"play_id":"4112085c-da55-4e48-8024-ba97e2d34ca5","local_time":"20190213175554","is_ascension_mode":false,"campfire_choices":[{"data":"Armaments","floor":6,"key":"SMITH"},{"data":"Metallicize","floor":8,"key":"SMITH"},{"data":"Berserk","floor":15,"key":"SMITH"},{"data":"Reaper","floor":23,"key":"SMITH"},{"data":"Reaper","floor":27,"key":"SMITH"},{"data":"Heavy Blade","floor":29,"key":"SMITH"},{"data":"RitualDagger","floor":32,"key":"SMITH"}],"neow_cost":"CURSE","seed_source_timestamp":199630511813256,"circlet_count":0,"master_deck":["Strike_R","Strike_R","Strike_R","Strike_R","Strike_R","Defend_R+1","Defend_R","Defend_R","Defend_R","Bash","Metallicize","Ghostly Armor+1","Armaments+1","Clash","Metallicize+1","Cleave","Disarm","Berserk+1","Feed","Armaments+1","Pommel Strike","Twin Strike+1","Reaper+1","Offering","Spot Weakness","Uppercut+1","Reaper+1","Heavy Blade+1","RitualDagger+1"],"relics":["Burning Blood","Thread and Needle","Potion Belt","Centennial Puzzle","Juzu Bracelet","War Paint","Bottled Lightning","Runic Pyramid","Mango","Du-Vu Doll","Paper Frog","Spirit Poop"],"potions_floor_usage":[14,16,19,21,24],"damage_taken":[{"damage":6,"enemies":"Jaw Worm","floor":1,"turns":5},{"damage":4,"enemies":"Cultist","floor":3,"turns":4},{"damage":2,"enemies":"Small Slimes","floor":4,"turns":4},{"damage":2,"enemies":"3 Louse","floor":5,"turns":5},{"damage":31,"enemies":"Gremlin Nob","floor":7,"turns":6},{"damage":2,"enemies":"Red Slaver","floor":10,"turns":4},{"damage":3,"enemies":"Gremlin Gang","floor":11,"turns":5},{"damage":15,"enemies":"Lagavulin","floor":14,"turns":8},{"damage":49,"enemies":"Hexaghost","floor":16,"turns":16},{"damage":24,"enemies":"Spheric Guardian","floor":18,"turns":7},{"damage":13,"enemies":"3 Byrds","floor":19,"turns":8},{"damage":17,"enemies":"Snake Plant","floor":21,"turns":7},{"damage":56,"enemies":"Slavers","floor":24,"turns":8},{"damage":16,"enemies":"3 Cultists","floor":25,"turns":5},{"damage":10,"enemies":"Cultist and Chosen","floor":28,"turns":6},{"damage":107,"enemies":"Automaton","floor":33,"turns":12}],"seed_played":"5453181617739009014","potions_obtained":[{"floor":3,"key":"Regen Potion"},{"floor":7,"key":"GamblersBrew"},{"floor":16,"key":"SkillPotion"},{"floor":19,"key":"SkillPotion"},{"floor":21,"key":"BloodPotion"}],"is_trial":false,"path_per_floor":["M","?","M","M","M","R","E","R","T","M","M","?","?","E","R","B",null,"M","M","?","M","$","R","E","M","T","R","M","R","?","?","R","B"],"character_chosen":"IRONCLAD","items_purchased":["Reaper","Offering","Mango","Spot Weakness"],"campfire_rested":0,"item_purchase_floors":[22,22,22,22],"current_hp_per_floor":[80,80,80,80,80,80,55,55,55,59,62,59,48,54,54,11,80,66,63,63,56,70,70,61,72,72,72,88,88,88,82,82,0],"gold":97,"neow_bonus":"ONE_RARE_RELIC","is_prod":false,"is_daily":false,"chose_seed":false,"campfire_upgraded":7,"win_rate":0.0,"timestamp":1550094954,"path_taken":["M","?","?","M","M","R","E","R","T","M","M","?","?","E","R","BOSS","M","M","?","M","$","R","E","M","T","R","M","R","?","?","R","BOSS"],"build_version":"2019-01-23","purchased_purges":1,"victory":false,"max_hp_per_floor":[80,80,80,80,80,80,80,80,80,80,80,80,80,80,80,80,80,84,88,88,92,106,106,110,113,113,113,116,116,116,116,116,116],"card_choices":[{"not_picked":["Evolve","Dropkick"],"picked":"Metallicize","floor":1},{"not_picked":["Anger","Pummel"],"picked":"Ghostly Armor","floor":3},{"not_picked":["Rampage","Heavy Blade"],"picked":"Armaments","floor":4},{"not_picked":["True Grit","Reckless Charge"],"picked":"Clash","floor":5},{"not_picked":["Body Slam","Shrug It Off"],"picked":"Metallicize","floor":7},{"not_picked":["Thunderclap","Pommel Strike"],"picked":"Cleave","floor":10},{"not_picked":["Clothesline","Power Through"],"picked":"Disarm","floor":11},{"not_picked":["Headbutt","Sword Boomerang"],"picked":"Berserk","floor":14},{"not_picked":["Immolate","Brutality"],"picked":"Feed","floor":16},{"not_picked":["Thunderclap","Iron Wave+1"],"picked":"Armaments+1","floor":18},{"not_picked":["True Grit","Twin Strike"],"picked":"Pommel Strike","floor":19},{"not_picked":["Anger","Headbutt"],"picked":"Twin Strike+1","floor":21},{"not_picked":["Heavy Blade","Pommel Strike"],"picked":"Uppercut+1","floor":24},{"not_picked":["Thunderclap","Wild Strike"],"picked":"Reaper","floor":25},{"not_picked":["Twin Strike","Headbutt"],"picked":"Heavy Blade","floor":28}],"player_experience":40447,"relics_obtained":[{"floor":7,"key":"Centennial Puzzle"},{"floor":9,"key":"Juzu Bracelet"},{"floor":14,"key":"Bottled Lightning"},{"floor":24,"key":"Du-Vu Doll"},{"floor":26,"key":"Paper Frog"}],"event_choices":[{"damage_healed":0,"gold_gain":0,"player_choice":"Paid Gold","damage_taken":0,"relics_obtained":["Potion Belt"],"max_hp_gain":0,"max_hp_loss":0,"event_name":"WeMeetAgain","floor":2,"gold_loss":54},{"damage_healed":0,"gold_gain":0,"player_choice":"Success","damage_taken":3,"relics_obtained":["War Paint"],"max_hp_gain":0,"max_hp_loss":0,"event_name":"Scrap Ooze","floor":12,"gold_loss":0},{"damage_healed":0,"gold_gain":75,"player_choice":"Gather Gold","damage_taken":11,"max_hp_gain":0,"max_hp_loss":0,"event_name":"World of Goop","floor":13,"gold_loss":0},{"damage_healed":0,"gold_gain":275,"player_choice":"Desecrate","damage_taken":0,"max_hp_gain":0,"max_hp_loss":0,"event_name":"Golden Shrine","floor":20,"gold_loss":0,"cards_obtained":["Regret"]},{"cards_removed":["Regret"],"damage_healed":0,"gold_gain":0,"player_choice":"Offered Curse","damage_taken":0,"relics_obtained":["Spirit Poop"],"max_hp_gain":0,"max_hp_loss":0,"event_name":"Bonfire Elementals","floor":30,"gold_loss":0},{"damage_healed":0,"gold_gain":0,"player_choice":"Joined the Cult","damage_taken":6,"max_hp_gain":0,"max_hp_loss":0,"event_name":"Nest","floor":31,"gold_loss":0,"cards_obtained":["RitualDagger"]}],"is_beta":false,"boss_relics":[{"not_picked":["Pandora\u0027s Box","Tiny House"],"picked":"Runic Pyramid"}],"items_purged_floors":[22],"is_endless":false,"potions_floor_spawned":[3,7,16,19,21],"killed_by":"Automaton","ascension_level":0}