{"gold_per_floor":[157,157,188,245,12,57,57,57,105,105,105,144,261,35,35,165,165,206,242,261,286],"floor_reached":21,"playtime":1073,"items_purged":["Strike_G"],"score":281,"play_id":"75d906e8-07a1-42b8-9a93-ec9c84951221","local_time":"20190211125545","is_ascension_mode":false,"campfire_choices":[{"data":"HandOfGreed","floor":7,"key":"SMITH"},{"data":"HandOfGreed","floor":10,"key":"SMITH"},{"data":"After Image","floor":15,"key":"SMITH"}],"neow_cost":"","seed_source_timestamp":319558674378932,"circlet_count":0,"master_deck":["Defend_G","Defend_G","Defend_G","Defend_G","Defend_G","Strike_G","Strike_G","Strike_G","Strike_G","Survivor","Neutralize","HandOfGreed+1","HandOfGreed+1","Burst","Terror","Deadly Poison+1","After Image+1","Mayhem","Envenom","Backstab","Poisoned Stab"],"relics":["Ring of the Snake","DollysMirror","Oddly Smooth Stone","Membership Card","Orichalcum","Snake Skull","Shuriken","Eternal Feather"],"potions_floor_usage":[6,21],"damage_taken":[{"damage":0,"enemies":"2 Louse","floor":1,"turns":2},{"damage":0,"enemies":"Cultist","floor":3,"turns":4},{"damage":0,"enemies":"Small Slimes","floor":4,"turns":2},{"damage":37,"enemies":"Gremlin Nob","floor":6,"turns":6},{"damage":4,"enemies":"Exordium Thugs","floor":12,"turns":5},{"damage":7,"enemies":"Lots of Slimes","floor":13,"turns":5},{"damage":15,"enemies":"Hexaghost","floor":16,"turns":7},{"damage":19,"enemies":"theJungle:GiantWrat","floor":18,"turns":6},{"damage":23,"enemies":"Shell Parasite","floor":19,"turns":5},{"damage":17,"enemies":"theJungle:2_Flameangoes","floor":20,"turns":7},{"damage":14,"enemies":"theJungle:2_Snecko_Cultists","floor":21,"turns":4}],"seed_played":"5091957516008415099","potions_obtained":[{"floor":3,"key":"GhostInAJar"},{"floor":6,"key":"GamblersBrew"},{"floor":16,"key":"Strength Potion"},{"floor":19,"key":"GhostInAJar"},{"floor":20,"key":"Poison Potion"}],"is_trial":false,"path_per_floor":["M","?","M","M","$","E","R","?","T","R","?","M","M","$","R","B",null,"M","M","M","M"],"character_chosen":"THE_SILENT","items_purchased":["HandOfGreed","DollysMirror","Oddly Smooth Stone","Membership Card","Shuriken","Mayhem"],"campfire_rested":0,"item_purchase_floors":[0,0,0,5,14,14],"current_hp_per_floor":[70,70,70,70,70,33,33,56,56,56,56,52,45,45,45,30,70,51,28,11,0],"gold":286,"neow_bonus":"","is_prod":false,"is_daily":false,"chose_seed":false,"campfire_upgraded":3,"win_rate":0,"timestamp":1549851945,"path_taken":["M","?","M","?","$","E","R","?","T","R","?","M","?","$","R","BOSS","M","M","M","?"],"build_version":"2019-01-23","purchased_purges":1,"victory":false,"max_hp_per_floor":[70,70,70,70,70,70,70,70,70,70,70,70,70,70,70,70,70,70,70,70,70],"card_choices":[{"not_picked":["Acrobatics","Underhanded Strike","Heel Hook"],"picked":"SKIP","floor":1},{"not_picked":["Quick Slash","Prepared"],"picked":"Terror","floor":3},{"not_picked":["Slice","Setup","Dagger Throw"],"picked":"SKIP","floor":4},{"not_picked":["Choke","Dagger Spray"],"picked":"Deadly Poison","floor":6},{"not_picked":["Dash","PiercingWail","Sucker Punch"],"picked":"SKIP","floor":12},{"not_picked":["Calculated Gamble","Slice"],"picked":"After Image","floor":13},{"not_picked":["Venomology","Unload"],"picked":"Envenom","floor":16},{"not_picked":["Distraction","Escape Plan+1"],"picked":"Backstab","floor":18},{"not_picked":["Slice","PiercingWail","Flechettes"],"picked":"SKIP","floor":19},{"not_picked":["Quick Slash","Calculated Gamble"],"picked":"Poisoned Stab","floor":20}],"player_experience":453651,"relics_obtained":[{"floor":6,"key":"Orichalcum"},{"floor":9,"key":"Snake Skull"}],"event_choices":[{"damage_healed":0,"gold_gain":0,"player_choice":"1 cards matched","damage_taken":0,"max_hp_gain":0,"max_hp_loss":0,"event_name":"Match and Keep!","floor":2,"gold_loss":0,"cards_obtained":["Burst"]},{"damage_healed":23,"gold_gain":0,"player_choice":"Banana","damage_taken":0,"max_hp_gain":0,"max_hp_loss":0,"event_name":"Big Fish","floor":8,"gold_loss":0},{"damage_healed":0,"gold_gain":0,"player_choice":"Upgraded","damage_taken":0,"max_hp_gain":0,"max_hp_loss":0,"event_name":"Upgrade Shrine","floor":11,"gold_loss":0,"cards_upgraded":["Deadly Poison"]}],"is_beta":false,"boss_relics":[{"not_picked":["WristBlade","HoveringKite"],"picked":"Eternal Feather"}],"items_purged_floors":[5],"is_endless":false,"potions_floor_spawned":[3,6,16,19,20],"killed_by":"theJungle:2_Snecko_Cultists","ascension_level":0}