{"gold_per_floor":[210,225,300,300,313,313,238,267,267,267,32,32,52,52,52,52],"floor_reached":16,"playtime":326,"items_purged":[],"score":191,"play_id":"205d3253-93a7-459b-b704-715d84f0fe3a","local_time":"20190101022559","is_ascension_mode":true,"campfire_choices":[{"data":"Dagger Spray","floor":6.0,"key":"SMITH"},{"data":"Noxious Fumes","floor":12,"key":"SMITH"},{"data":"Skewer","floor":15,"key":"SMITH"}],"neow_cost":"NONE","seed_source_timestamp":732462631569056,"circlet_count":0,"master_deck":["AscendersBane","Defend_G","Defend_G","Defend_G","Defend_G","Strike_G","Strike_G","Strike_G","Strike_G","Survivor","Neutralize","Well Laid Plans","Dagger Spray+1","Leg Sweep","Skewer+1","Noxious Fumes+1","Leg Sweep"],"special_seed":0,"relics":["Ring of the Snake","Bottled Lightning","Smiling Mask","Membership Card","Frozen Egg 2"],"potions_floor_usage":[],"damage_taken":[{"damage":0.0,"enemies":"2 Louse","floor":1.0,"turns":3.0},{"damage":7.0,"enemies":"Small Slimes","floor":2.0,"turns":6.0},{"damage":12.0,"enemies":"Jaw Worm","floor":5.0,"turns":5.0},{"damage":10.0,"enemies":"3 Sentries","floor":8.0,"turns":4.0},{"damage":9,"enemies":"Exordium Wildlife","floor":13,"turns":4},{"damage":0,"enemies":"Slime Boss","floor":16,"turns":3}],"seed_played":"-1110374259246664998","potions_obtained":[{"floor":5.0,"key":"Strength Potion"}],"is_trial":false,"path_per_floor":["M","M","?","?","M","R","?","E","T","?","$","R","M","T","R","B"],"character_chosen":"THE_SILENT","items_purchased":["Membership Card","Noxious Fumes"],"campfire_rested":0,"item_purchase_floors":[11,11],"current_hp_per_floor":[59,52,41,46,34,34,34,24,24,17,17,17,8,8,8,8],"gold":52,"neow_bonus":"HUNDRED_GOLD","is_prod":false,"is_daily":false,"chose_seed":false,"campfire_upgraded":3,"win_rate":0,"timestamp":1546277159,"path_taken":["M","M","?","?","M","R","?","E","T","?","$","R","M","?","R","BOSS"],"build_version":"2018-12-20","purchased_purges":0,"victory":false,"max_hp_per_floor":[66,66,66,71,71,71,71,71,71,71,71,71,71,71,71,71],"card_choices":[{"not_picked":["Outmaneuver","Sucker Punch"],"picked":"Well Laid Plans","floor":1.0},{"not_picked":["Catalyst","Riddle With Holes"],"picked":"Dagger Spray","floor":2.0},{"not_picked":["PiercingWail","Quick Slash"],"picked":"Leg Sweep","floor":5.0},{"not_picked":["Accuracy","Flechettes"],"picked":"Skewer","floor":8.0},{"not_picked":["Dodge and Roll","Sucker Punch"],"picked":"Leg Sweep","floor":13}],"player_experience":836415,"relics_obtained":[{"floor":8.0,"key":"Bottled Lightning"},{"floor":9.0,"key":"Smiling Mask"},{"floor":14,"key":"Frozen Egg 2"}],"event_choices":[{"damage_healed":0.0,"max_hp_gain":0.0,"max_hp_loss":0.0,"gold_gain":75.0,"event_name":"World of Goop","player_choice":"Gather Gold","floor":3.0,"gold_loss":0.0,"damage_taken":11.0},{"damage_healed":0.0,"max_hp_gain":5.0,"max_hp_loss":0.0,"gold_gain":0.0,"event_name":"Big Fish","player_choice":"Donut","floor":4.0,"gold_loss":0.0,"damage_taken":0.0},{"cards_removed":["Strike_G"],"damage_healed":0.0,"max_hp_gain":0.0,"max_hp_loss":0.0,"gold_gain":0.0,"event_name":"The Cleric","player_choice":"Card Removal","floor":7.0,"gold_loss":75.0,"damage_taken":0.0},{"cards_removed":["Defend_G"],"damage_healed":0.0,"max_hp_gain":0.0,"max_hp_loss":0.0,"gold_gain":0.0,"event_name":"Golden Wing","player_choice":"Card Removal","floor":10.0,"gold_loss":0.0,"damage_taken":7.0}],"is_beta":false,"boss_relics":[],"items_purged_floors":[],"is_endless":false,"potions_floor_spawned":[5],"killed_by":"Slime Boss","ascension_level":19}