{"gold_per_floor":[113,113,113,132,152,152,48,48,75,150,175,175,189,203,203,323,323,341,356,356,356,0,0,0],"floor_reached":24,"playtime":895,"items_purged":[],"score":186,"play_id":"f590a21f-fb5b-4b61-af04-d095bbdade9e","local_time":"20180707174651","is_ascension_mode":false,"campfire_choices":[{"floor":6,"key":"REST"},{"data":"Hello World","floor":8,"key":"SMITH"},{"floor":12,"key":"REST"},{"floor":15,"key":"REST"},{"floor":23,"key":"REST"}],"neow_cost":"","seed_source_timestamp":62660907745398,"circlet_count":0,"master_deck":["Strike_B","Strike_B","Strike_B","Strike_B","Defend_B","Defend_B+1","Defend_B","Defend_B","Zap+1","Dualcast","Hello World+1","Chaos","Doom and Gloom","Madness","Beam Cell","Ball Lightning","Loop","Amplify","Compile Driver+1","Cold Snap","Necronomicurse"],"relics":["Cracked Core","Bloody Idol","Vajra","Black Star","Necronomicon"],"potions_floor_usage":[19,24],"damage_taken":[{"damage":6,"enemies":"Small Slimes","floor":1,"turns":3},{"damage":1,"enemies":"Jaw Worm","floor":4,"turns":3},{"damage":1,"enemies":"Cultist","floor":5,"turns":3},{"damage":8,"enemies":"3 Louse","floor":11,"turns":4},{"damage":6,"enemies":"Blue Slaver","floor":13,"turns":3},{"damage":6,"enemies":"Exordium Wildlife","floor":14,"turns":2},{"damage":27,"enemies":"The Guardian","floor":16,"turns":9},{"damage":30,"enemies":"Spheric Guardian","floor":18,"turns":4},{"damage":34,"enemies":"2 Thieves","floor":19,"turns":3},{"damage":33,"enemies":"3 Cultists","floor":24,"turns":4}],"seed_played":"-3393833835033678046","potions_obtained":[{"floor":1,"key":"Regen Potion"},{"floor":4,"key":"Strength Potion"},{"floor":11,"key":"Weak Potion"},{"floor":13,"key":"Poison Potion"}],"is_trial":false,"path_per_floor":["M","?","?","M","M","R","$","R","T","?","M","R","M","M","R","B",null,"M","M","?","?","?","R"],"character_chosen":"DEFECT","items_purchased":["Madness"],"campfire_rested":4,"item_purchase_floors":[7],"current_hp_per_floor":[69,54,36,35,34,56,56,56,56,45,37,59,53,47,69,42,75,45,20,4,4,4,26,0],"gold":0,"neow_bonus":"","is_prod":false,"is_daily":false,"chose_seed":false,"campfire_upgraded":1,"win_rate":0.0,"timestamp":1530953211,"path_taken":["M","?","?","M","M","R","$","R","T","?","?","R","M","M","R","BOSS","M","M","?","?","?","R","M"],"build_version":"2018-07-05","purchased_purges":0,"victory":false,"max_hp_per_floor":[75,75,75,75,75,75,75,75,75,75,75,75,75,75,75,75,75,75,75,75,75,75,75,75],"card_choices":[{"not_picked":["Consume","Stack"],"picked":"Hello World","floor":1},{"not_picked":["Auto Shields","Skim"],"picked":"Chaos","floor":4},{"not_picked":["Chaos","Steam Power"],"picked":"Doom and Gloom","floor":5},{"not_picked":["Stack","Lockon"],"picked":"Beam Cell","floor":11},{"not_picked":["Chaos","Stack"],"picked":"Ball Lightning","floor":13},{"not_picked":["Sweeping Beam","Beam Cell"],"picked":"Loop","floor":14},{"not_picked":["All For One","Buffer"],"picked":"Amplify","floor":16},{"not_picked":["Stack","Sweeping Beam"],"picked":"Compile Driver+1","floor":18},{"not_picked":["Go for the Eyes+1","Beam Cell"],"picked":"Cold Snap","floor":19}],"player_experience":15428,"relics_obtained":[{"floor":9,"key":"Vajra"},{"floor":20,"key":"Necronomicon"}],"event_choices":[{"event_name":"Shining Light","player_choice":"Entered Light","floor":2,"damage_taken":0},{"event_name":"Golden Idol","player_choice":"Take Damage","floor":3,"damage_taken":0},{"event_name":"World of Goop","player_choice":"Gather Gold","floor":10,"damage_taken":0},{"event_name":"Cursed Tome","player_choice":"Obtained Book","floor":20,"damage_taken":0},{"event_name":"Forgotten Altar","player_choice":"Gave Idol","floor":21,"damage_taken":0},{"event_name":"Masked Bandits","player_choice":"Paid Bandits 356 gold","floor":22,"damage_taken":0}],"boss_relics":[{"not_picked":["Runic Dome","Orrery"],"picked":"Black Star"}],"items_purged_floors":[],"is_endless":false,"potions_floor_spawned":[1,4,11,13],"killed_by":"3 Cultists","ascension_level":0}