{"gold_per_floor":[116,291,291,309,309,352,371,371,371,387,426,450,450,471,471,471],"floor_reached":16,"playtime":1043,"items_purged":[],"score":112,"play_id":"ffdfaef7-e9e1-4c14-b93f-b913773b369d","local_time":"20181203150058","is_ascension_mode":false,"campfire_choices":[{"floor":8,"key":"REST"},{"floor":13,"key":"REST"},{"data":"True Grit","floor":15,"key":"SMITH"}],"neow_cost":"NONE","seed_source_timestamp":1386384004870656,"circlet_count":0,"master_deck":["Strike_R+1","Strike_R","Strike_R","Strike_R+1","Strike_R","Defend_R","Defend_R","Defend_R","Defend_R","Bash","True Grit+1","Doubt","Shockwave","Regret","Reaper","Armaments","Thunderclap","Whirlwind"],"relics":["Burning Blood","Golden Idol","Self Forming Clay","Whetstone","Juzu Bracelet","Smiling Mask"],"potions_floor_usage":[6,14],"damage_taken":[{"damage":15,"enemies":"Jaw Worm","floor":1,"turns":6},{"damage":0,"enemies":"Small Slimes","floor":4,"turns":5},{"damage":72,"enemies":"Lagavulin","floor":6,"turns":14},{"damage":5,"enemies":"2 Louse","floor":7,"turns":3},{"damage":13,"enemies":"Large Slime","floor":10,"turns":9},{"damage":20,"enemies":"Gremlin Nob","floor":11,"turns":6},{"damage":31,"enemies":"Gremlin Gang","floor":12,"turns":5},{"damage":9,"enemies":"3 Louse","floor":14,"turns":4},{"damage":84,"enemies":"Slime Boss","floor":16,"turns":8}],"seed_played":"6343357416834044405","potions_obtained":[{"floor":4,"key":"Regen Potion"},{"floor":7,"key":"Swift Potion"},{"floor":10,"key":"Energy Potion"},{"floor":11,"key":"Block Potion"}],"is_trial":false,"path_per_floor":["M","?","?","M","?","E","M","R","T","M","E","M","R","M","R","B"],"character_chosen":"IRONCLAD","items_purchased":[],"campfire_rested":2,"item_purchase_floors":[],"current_hp_per_floor":[79,79,57,63,63,12,16,42,42,47,39,30,56,65,65,0],"gold":471,"neow_bonus":"TEN_PERCENT_HP_BONUS","is_prod":false,"is_daily":false,"chose_seed":false,"campfire_upgraded":1,"win_rate":0,"timestamp":1543811458,"path_taken":["M","?","?","M","?","E","M","R","T","M","E","M","R","M","R","BOSS"],"build_version":"2018-11-15","purchased_purges":0,"victory":false,"max_hp_per_floor":[88,88,88,88,88,88,88,88,88,88,88,88,88,88,88,88],"card_choices":[{"not_picked":["Warcry","Anger"],"picked":"True Grit","floor":1},{"not_picked":["Body Slam","Headbutt"],"picked":"Shockwave","floor":4},{"not_picked":["Second Wind","Dropkick"],"picked":"Reaper","floor":6},{"not_picked":["Clash","Wild Strike","Sword Boomerang"],"picked":"SKIP","floor":7},{"not_picked":["Disarm","Rupture"],"picked":"Armaments","floor":10},{"not_picked":["Anger","Shrug It Off"],"picked":"Thunderclap","floor":11},{"not_picked":["Thunderclap","Pommel Strike","Reckless Charge"],"picked":"SKIP","floor":12},{"not_picked":["Sword Boomerang","Clash"],"picked":"Whirlwind","floor":14}],"player_experience":416962,"relics_obtained":[{"floor":6,"key":"Whetstone"},{"floor":9,"key":"Juzu Bracelet"},{"floor":11,"key":"Smiling Mask"}],"event_choices":[{"damage_healed":0,"gold_gain":175,"player_choice":"AGREE","damage_taken":0,"max_hp_gain":0,"max_hp_loss":0,"event_name":"Liars Game","floor":2,"gold_loss":0,"cards_obtained":["Doubt"]},{"damage_healed":0,"gold_gain":0,"player_choice":"Take Damage","damage_taken":22,"relics_obtained":["Golden Idol"],"max_hp_gain":0,"max_hp_loss":0,"event_name":"Golden Idol","floor":3,"gold_loss":0},{"damage_healed":0,"gold_gain":0,"player_choice":"Box","damage_taken":0,"relics_obtained":["Self Forming Clay"],"max_hp_gain":0,"max_hp_loss":0,"event_name":"Big Fish","floor":5,"gold_loss":0,"cards_obtained":["Regret"]}],"is_beta":false,"boss_relics":[],"items_purged_floors":[],"is_endless":false,"potions_floor_spawned":[4,7,10,11],"killed_by":"Slime Boss","ascension_level":0}