{"gold_per_floor":[115,22,39,4,19,53,53,4,27,53,53,66,66,76,76,76],"floor_reached":16,"playtime":618,"items_purged":[],"score":132,"play_id":"11ac546e-5bf0-4c14-ac66-e689c730128e","local_time":"20181011204249","is_ascension_mode":true,"campfire_choices":[{"data":"Streamline","floor":7,"key":"SMITH"},{"floor":13,"key":"REST"},{"data":"Streamline","floor":15,"key":"SMITH"}],"neow_cost":"CURSE","seed_source_timestamp":2908382748012,"circlet_count":0,"master_deck":["Strike_B","Strike_B","Strike_B","Strike_B","Defend_B","Defend_B","Defend_B","Defend_B","Zap","Dualcast","Clumsy","Streamline+1","Streamline+1","Coolheaded","Rip and Tear","Conserve Battery","Scrape"],"relics":["Cracked Core","Ginger","Anchor","Thread and Needle","Vajra","Singing Bowl"],"potions_floor_usage":[16,16],"damage_taken":[{"damage":2,"enemies":"2 Louse","floor":1,"turns":3},{"damage":1,"enemies":"Cultist","floor":3,"turns":3},{"damage":2,"enemies":"Jaw Worm","floor":5,"turns":4},{"damage":32,"enemies":"Gremlin Nob","floor":6,"turns":4},{"damage":26,"enemies":"Lagavulin","floor":10,"turns":5},{"damage":4,"enemies":"Large Slime","floor":12,"turns":3},{"damage":2,"enemies":"Gremlin Gang","floor":14,"turns":4},{"damage":37,"enemies":"The Guardian","floor":16,"turns":10}],"seed_played":"776127336661102917","potions_obtained":[{"floor":5,"key":"SpeedPotion"},{"floor":6,"key":"FocusPotion"},{"floor":12,"key":"Ancient Potion"}],"is_trial":false,"path_per_floor":["M","?","M","?","M","E","R","$","T","E","$","M","R","M","R"],"character_chosen":"DEFECT","items_purchased":["Conserve Battery"],"campfire_rested":1,"item_purchase_floors":[8],"current_hp_per_floor":[73,73,72,75,73,41,41,41,41,17,17,15,38,36,36,0],"gold":76,"neow_bonus":"ONE_RARE_RELIC","is_prod":false,"is_daily":false,"chose_seed":false,"campfire_upgraded":2,"win_rate":0,"timestamp":1539252769,"path_taken":["M","?","M","?","?","E","R","$","T","E","$","?","R","M","R","BOSS"],"build_version":"2018-10-04v2","purchased_purges":0,"victory":false,"max_hp_per_floor":[75,75,75,75,75,75,75,75,75,77,77,79,79,79,79,79],"card_choices":[{"not_picked":["Lockon","Beam Cell"],"picked":"Streamline","floor":1},{"not_picked":["Steam Power","Cold Snap"],"picked":"Streamline","floor":3},{"not_picked":["Go for the Eyes","Heatsinks"],"picked":"Coolheaded","floor":5},{"not_picked":["Rebound","Tempest"],"picked":"Rip and Tear","floor":6},{"not_picked":["Capacitor","Skim","Double Energy"],"picked":"Singing Bowl","floor":10},{"not_picked":["Reinforced Body","Double Energy","Rebound"],"picked":"Singing Bowl","floor":12},{"not_picked":["Conserve Battery","Reinforced Body"],"picked":"Scrape","floor":14}],"player_experience":283441,"relics_obtained":[{"floor":6,"key":"Thread and Needle"},{"floor":9,"key":"Vajra"},{"floor":10,"key":"Singing Bowl"}],"event_choices":[{"event_name":"WeMeetAgain","player_choice":"Gold","floor":2,"damage_taken":0},{"event_name":"The Cleric","player_choice":"Healed","floor":4,"damage_taken":0}],"is_beta":false,"boss_relics":[],"items_purged_floors":[],"is_endless":false,"potions_floor_spawned":[5,6,12],"killed_by":"The Guardian","ascension_level":4}