{"gold_per_floor":[109,109,125,137,152,180,191,221,271,283,295,322,34,53,53,152,152,170,186,186,186,49,49,49,49,74,90,90,103,134,154,154,254,254,268,4,52,69,88,88,88,104,104,104,121,121,121,134,134,134],"floor_reached":50,"playtime":3920,"items_purged":["Strike_G"],"score":683,"play_id":"795608a6-a098-4c9c-a89e-7e96fb6db69e","local_time":"20180916213826","is_ascension_mode":true,"campfire_choices":[{"floor":10.0,"key":"REST"},{"data":"Neutralize","floor":15.0,"key":"SMITH"},{"floor":23.0,"key":"REST"},{"data":"Cloak And Dagger","floor":25.0,"key":"SMITH"},{"data":"Infinite Blades","floor":28.0,"key":"SMITH"},{"floor":32.0,"key":"REST"},{"floor":40.0,"key":"REST"},{"floor":47.0,"key":"REST"},{"floor":49.0,"key":"REST"}],"neow_cost":"NONE","seed_source_timestamp":0,"circlet_count":0,"master_deck":["Defend_G","Defend_G","Defend_G","Defend_G","Strike_G","Strike_G","Survivor","Neutralize+1","Backstab","Flying Knee","Well Laid Plans","Backflip","Noxious Fumes","Infinite Blades+1","Sucker Punch+1","Sucker Punch+1","Blur","Die Die Die+1","PiercingWail","After Image","Quick Slash+1","Adrenaline+1","Tactician+1","Caltrops+1","Sucker Punch+1","RitualDagger+1","Accuracy","Cloak And Dagger+1","Poisoned Stab+1","Shame","Dagger Spray+1","Deflect+1","Deadly Poison","Glass Knife+1","Bane+1","Noxious Fumes","Choke+1","Dagger Spray+1","Poisoned Stab+1","Prepared","Dagger Throw+1","Backflip","Terror","Accuracy","Dodge and Roll","Bullet Time"],"special_seed":0,"relics":["Ring of the Snake","NeowsBlessing","Mercury Hourglass","Mummified Hand","Molten Egg 2","MawBank","Astrolabe","Strawberry","Ancient Tea Set","Pear","Fusion Hammer","TwistedFunnel","Prayer Wheel","Du-Vu Doll","Happy Flower"],"potions_floor_usage":[50,50,50],"damage_taken":[{"damage":0.0,"enemies":"2 Louse","floor":1.0,"turns":1.0},{"damage":0.0,"enemies":"Cultist","floor":3.0,"turns":1.0},{"damage":0.0,"enemies":"Small Slimes","floor":4.0,"turns":1.0},{"damage":0.0,"enemies":"Red Slaver","floor":5.0,"turns":3.0},{"damage":30.0,"enemies":"Lagavulin","floor":6.0,"turns":6.0},{"damage":0.0,"enemies":"2 Fungi Beasts","floor":7.0,"turns":2.0},{"damage":7.0,"enemies":"3 Sentries","floor":8.0,"turns":6.0},{"damage":6.0,"enemies":"Looter","floor":12.0,"turns":2.0},{"damage":0.0,"enemies":"3 Louse","floor":14.0,"turns":1.0},{"damage":0.0,"enemies":"Slime Boss","floor":16.0,"turns":7.0},{"damage":0.0,"enemies":"Chosen","floor":18.0,"turns":4.0},{"damage":12.0,"enemies":"Shell Parasite","floor":19.0,"turns":5.0},{"damage":1.0,"enemies":"Snecko","floor":27.0,"turns":4.0},{"damage":14.0,"enemies":"Snake Plant","floor":29.0,"turns":4.0},{"damage":16.0,"enemies":"Book of Stabbing","floor":30.0,"turns":4.0},{"damage":0.0,"enemies":"Cultist and Chosen","floor":31.0,"turns":4.0},{"damage":33.0,"enemies":"Champ","floor":33.0,"turns":11.0},{"damage":11.0,"enemies":"Orb Walker","floor":35.0,"turns":2.0},{"damage":13.0,"enemies":"Mysterious Sphere","floor":37.0,"turns":4.0},{"damage":11.0,"enemies":"3 Shapes","floor":38.0,"turns":4.0},{"damage":16.0,"enemies":"Spire Growth","floor":39.0,"turns":4.0},{"damage":8.0,"enemies":"Mind Bloom Boss Battle","floor":41.0,"turns":5.0},{"damage":15.0,"enemies":"Reptomancer","floor":42.0,"turns":3.0},{"damage":12.0,"enemies":"Sphere and 2 Shapes","floor":45.0,"turns":5.0},{"damage":18.0,"enemies":"Spire Growth","floor":48.0,"turns":3.0},{"damage":102,"enemies":"Donu and Deca","floor":50,"turns":6}],"seed_played":"-6023914113414688535","potions_obtained":[{"floor":1.0,"key":"SneckoOil"},{"floor":6.0,"key":"GhostInAJar"},{"floor":7.0,"key":"AttackPotion"},{"floor":12.0,"key":"PowerPotion"},{"floor":16.0,"key":"Poison Potion"},{"floor":19.0,"key":"PowerPotion"},{"floor":30.0,"key":"Strength Potion"},{"floor":37.0,"key":"Explosive Potion"},{"floor":38.0,"key":"SteroidPotion"},{"floor":42.0,"key":"Poison Potion"},{"floor":48.0,"key":"Regen Potion"}],"is_trial":false,"path_per_floor":["M","?","M","M","M","E","M","E","T","R","?","M","$","M","R","B",null,"M","M","?","?","$","R","?","R","T","M","R","M","E","M","R","B",null,"M","$","?","M","M","R","?","M","T","?","M","?","R","M","R"],"character_chosen":"THE_SILENT","items_purchased":["Blur","Die Die Die+1","Accuracy","Cloak And Dagger","Poisoned Stab+1","TwistedFunnel","Noxious Fumes"],"campfire_rested":6,"item_purchase_floors":[13,13,22,22,22,36,36],"current_hp_per_floor":[70,63,63,63,63,33,33,26,26,47,70,64,64,64,64,64,69,69,57,51,38,38,60,67,67,67,66,66,52,46,46,73,40,79,68,68,55,44,28,55,47,32,32,32,20,80,80,62,80,0],"gold":134,"neow_bonus":"THREE_ENEMY_KILL","is_prod":false,"is_daily":false,"chose_seed":false,"campfire_upgraded":3,"win_rate":0,"timestamp":1537159106,"path_taken":["M","?","M","M","M","E","M","E","T","R","?","M","$","M","R","BOSS","M","M","?","?","$","R","?","R","T","M","R","M","E","M","R","BOSS","M","$","?","M","?","R","?","M","T","?","?","?","R","M","R","BOSS"],"build_version":"2018-09-06","purchased_purges":1,"victory":false,"max_hp_per_floor":[70,70,70,70,70,70,70,70,70,70,70,70,70,70,70,70,70,70,70,70,75,75,75,82,82,82,82,82,82,92,92,92,92,92,92,92,92,92,92,92,92,92,92,92,92,80,80,80,80,80],"card_choices":[{"not_picked":["Heel Hook","Choke"],"picked":"Backstab","floor":1.0},{"not_picked":["Distraction","Crippling Poison"],"picked":"Flying Knee","floor":3.0},{"not_picked":["Dagger Spray","Poisoned Stab"],"picked":"Well Laid Plans","floor":4.0},{"not_picked":["Tactician","Poisoned Stab"],"picked":"Backflip","floor":5.0},{"not_picked":["Outmaneuver","Dagger Spray"],"picked":"Noxious Fumes","floor":6.0},{"not_picked":["Flying Knee","Prepared"],"picked":"Infinite Blades","floor":7.0},{"not_picked":["Riddle With Holes","Acrobatics"],"picked":"Sucker Punch","floor":8.0},{"not_picked":["Flying Knee+1","Flechettes+1"],"picked":"Sucker Punch+1","floor":12.0},{"not_picked":["Unload+1","Acrobatics"],"picked":"PiercingWail","floor":14.0},{"not_picked":["Die Die Die+1","Storm of Steel"],"picked":"After Image","floor":16.0},{"not_picked":["Heel Hook+1","Acrobatics"],"picked":"Caltrops+1","floor":18.0},{"not_picked":["Heel Hook+1","Calculated Gamble+1"],"picked":"Sucker Punch+1","floor":19.0},{"not_picked":["Quick Slash+1","Dagger Throw+1"],"picked":"Dagger Spray+1","floor":27.0},{"not_picked":["Quick Slash+1","All Out Attack+1"],"picked":"Deflect+1","floor":29.0},{"not_picked":["Backflip","Crippling Poison+1"],"picked":"Deadly Poison","floor":30.0},{"not_picked":["Sucker Punch+1","Well Laid Plans+1","Reflex"],"picked":"SKIP","floor":31.0},{"not_picked":["Unload+1","Phantasmal Killer"],"picked":"Glass Knife+1","floor":33.0},{"not_picked":["Escape Plan","Sucker Punch+1"],"picked":"Bane+1","floor":35.0},{"not_picked":["PiercingWail+1","Dagger Spray+1"],"picked":"Choke+1","floor":37.0},{"not_picked":["Slice+1","Deflect+1"],"picked":"Dagger Spray+1","floor":38.0},{"not_picked":["Dodge and Roll","Quick Slash+1"],"picked":"Poisoned Stab+1","floor":38.0},{"not_picked":["Dagger Spray+1","Skewer+1"],"picked":"Prepared","floor":39.0},{"not_picked":["Blade Dance","Dagger Throw+1","Dagger Spray+1"],"picked":"SKIP","floor":39.0},{"not_picked":["Flying Knee+1","Deflect+1"],"picked":"Dagger Throw+1","floor":41.0},{"not_picked":["Eviscerate+1","Flying Knee+1"],"picked":"Backflip","floor":42.0},{"not_picked":["Deadly Poison","Eviscerate+1","Dagger Spray+1"],"picked":"SKIP","floor":42.0},{"not_picked":["Bane+1","Reflex+1"],"picked":"Terror","floor":45.0},{"not_picked":["Prepared+1","Flying Knee+1"],"picked":"Accuracy","floor":45.0},{"not_picked":["Underhanded Strike+1","Caltrops+1"],"picked":"Dodge and Roll","floor":48.0},{"not_picked":["Sucker Punch+1","Flying Knee+1"],"picked":"Bullet Time","floor":48.0}],"player_experience":401325,"relics_obtained":[{"floor":6.0,"key":"Mummified Hand"},{"floor":8.0,"key":"Molten Egg 2"},{"floor":9.0,"key":"MawBank"},{"floor":26.0,"key":"Ancient Tea Set"},{"floor":30.0,"key":"Pear"},{"floor":37.0,"key":"Prayer Wheel"},{"floor":41.0,"key":"Du-Vu Doll"},{"floor":43.0,"key":"Happy Flower"}],"event_choices":[{"event_name":"Scrap Ooze","player_choice":"success","floor":2.0,"damage_taken":7.0},{"event_name":"Big Fish","player_choice":"Banana","floor":11.0,"damage_taken":0.0},{"event_name":"Nest","player_choice":"Joined the Cult","floor":20.0,"damage_taken":0.0},{"event_name":"Forgotten Altar","player_choice":"Shed Blood","floor":21.0,"damage_taken":0.0},{"event_name":"Addict","player_choice":"Stole Relic","floor":24.0,"damage_taken":0.0},{"event_name":"Mysterious Sphere","player_choice":"Fight","floor":37.0,"damage_taken":0.0},{"event_name":"MindBloom","player_choice":"Fight","floor":41.0,"damage_taken":0.0},{"event_name":"SecretPortal","player_choice":"Rejected Portal.","floor":44.0,"damage_taken":0.0},{"event_name":"The Moai Head","player_choice":"Heal","floor":46.0,"damage_taken":0.0}],"is_beta":false,"boss_relics":[{"not_picked":["Runic Pyramid","Busted Crown"],"picked":"Astrolabe"},{"not_picked":["Runic Dome","Tiny House"],"picked":"Fusion Hammer"}],"items_purged_floors":[13],"is_endless":false,"potions_floor_spawned":[1,6,7,12,16,19,29,30,37,38,42,48],"killed_by":"Donu and Deca","ascension_level":5}