{"gold_per_floor":[115,133,143,143,94,121,121,121,196,196,196,215,241,260,260,357,357,373,383,5,5,5,39,39,39,39,54,85,12,22,39,39,140,140,154,254,272,272,272,332,344,0,82,93,93,110,145,163,163,163],"floor_reached":50,"playtime":6290,"items_purged":["Strike_R"],"score":677,"play_id":"7558a05f-418a-42b0-b399-c77f75d9eedc","local_time":"20190213094438","is_ascension_mode":false,"campfire_choices":[{"data":"Armaments","floor":7,"key":"SMITH"},{"floor":11,"key":"REST"},{"data":"1","floor":15,"key":"LIFT"},{"data":"Limit Break","floor":24,"key":"SMITH"},{"data":"Armaments","floor":32,"key":"SMITH"},{"floor":45,"key":"REST"},{"floor":49,"key":"REST"}],"neow_cost":"NONE","seed_source_timestamp":166902364642318,"circlet_count":0,"master_deck":["Strike_R","Strike_R","Strike_R","Strike_R","Defend_R","Defend_R+1","Defend_R","Defend_R","Bash","Offering","Clash","Inflame+1","Rupture","Armaments+1","Rage","Seeing Red","Cleave","Limit Break+1","Shockwave","Uppercut","Demon Form+1","Headbutt+1","Clothesline+1","Inflame+1","Inflame+1","Bludgeon","Flame Barrier","Clash","Armaments+1","Body Slam","Thunderclap+1","Clash","Whirlwind","Berserk+1","Anger+1","Berserk+1","Cleave+1","Fire Breathing+1","Rupture+1","Secret Weapon","Sadistic Nature+1","Violence","Bludgeon","Parasite","Anger+1","Infernal Blade+1","Twin Strike","Headbutt+1","Metallicize+1","Shrug It Off","Limit Break","Fire Breathing+1","Shrug It Off"],"relics":["Burning Blood","Oddly Smooth Stone","Lantern","Frozen Egg 2","Prayer Wheel","Girya","Runic Pyramid","Nunchaku","MutagenicStrength","Peace Pipe","Pear","Mummified Hand","Bag of Preparation","Fusion Hammer","Champion Belt","Letter Opener","Tiny Chest","Red Mask","Bottled Tornado","Calipers"],"potions_floor_usage":[13,23,27,28,30,33,36,40,44,44,47],"damage_taken":[{"damage":6,"enemies":"Cultist","floor":1,"turns":3},{"damage":6,"enemies":"2 Louse","floor":2,"turns":3},{"damage":6,"enemies":"Small Slimes","floor":3,"turns":4},{"damage":20,"enemies":"Gremlin Nob","floor":6,"turns":3},{"damage":0,"enemies":"Blue Slaver","floor":12,"turns":2},{"damage":18,"enemies":"3 Sentries","floor":13,"turns":6},{"damage":0,"enemies":"Exordium Thugs","floor":14,"turns":4},{"damage":18,"enemies":"The Guardian","floor":16,"turns":7},{"damage":4,"enemies":"Chosen","floor":18,"turns":3},{"damage":6,"enemies":"Spheric Guardian","floor":19,"turns":3},{"damage":13,"enemies":"Slavers","floor":23,"turns":5},{"damage":12,"enemies":"Centurion and Healer","floor":27,"turns":4},{"damage":8,"enemies":"Book of Stabbing","floor":28,"turns":2},{"damage":6,"enemies":"Snake Plant","floor":30,"turns":3},{"damage":0,"enemies":"Cultist and Chosen","floor":31,"turns":3},{"damage":13,"enemies":"Automaton","floor":33,"turns":6},{"damage":0,"enemies":"Orb Walker","floor":35,"turns":1},{"damage":6,"enemies":"Mind Bloom Boss Battle","floor":36,"turns":1},{"damage":6,"enemies":"3 Shapes","floor":37,"turns":3},{"damage":59,"enemies":"Reptomancer","floor":40,"turns":5},{"damage":0,"enemies":"Writhing Mass","floor":41,"turns":4},{"damage":2,"enemies":"Spire Growth","floor":44,"turns":3},{"damage":16,"enemies":"4 Shapes","floor":46,"turns":3},{"damage":9,"enemies":"Giant Head","floor":47,"turns":3},{"damage":6,"enemies":"Transient","floor":48,"turns":5},{"damage":113,"enemies":"Time Eater","floor":50,"turns":9}],"seed_played":"5647924688185715127","potions_obtained":[{"floor":2,"key":"PowerPotion"},{"floor":6,"key":"GamblersBrew"},{"floor":14,"key":"Block Potion"},{"floor":16,"key":"SkillPotion"},{"floor":19,"key":"Regen Potion"},{"floor":27,"key":"GamblersBrew"},{"floor":31,"key":"SteroidPotion"},{"floor":33,"key":"Dexterity Potion"},{"floor":35,"key":"Block Potion"},{"floor":40,"key":"Block Potion"},{"floor":41,"key":"EssenceOfSteel"},{"floor":46,"key":"Fire Potion"}],"is_trial":false,"path_per_floor":["M","M","M","?","$","E","R","?","T","T","R","M","E","M","R","B",null,"M","M","$","?","?","E","R","T","T","M","E","$","M","M","R","B",null,"M","?","M","?","?","E","M","?","T","M","R","M","E","M","R","B"],"character_chosen":"IRONCLAD","items_purchased":["Armaments","Nunchaku","BloodPotion"],"campfire_rested":3,"item_purchase_floors":[5,20,29],"current_hp_per_floor":[80,80,80,64,64,50,50,32,32,32,56,62,50,56,56,44,80,80,80,80,65,65,72,72,82,82,76,74,74,83,89,89,82,95,95,95,95,85,85,32,38,38,38,42,70,60,57,57,85,0],"gold":163,"neow_bonus":"ONE_RANDOM_RARE_CARD","is_prod":false,"is_daily":false,"chose_seed":false,"campfire_upgraded":3,"win_rate":0.0,"timestamp":1550065478,"path_taken":["M","M","?","?","$","E","R","?","T","?","R","?","E","M","R","BOSS","M","?","$","?","?","E","R","?","T","M","E","$","?","M","R","BOSS","M","?","M","?","?","E","?","?","T","M","R","M","E","M","R","BOSS"],"build_version":"2019-01-23","purchased_purges":1,"victory":false,"max_hp_per_floor":[80,80,80,80,80,80,80,80,80,80,80,80,80,80,80,80,80,80,80,80,85,85,85,85,95,95,95,95,95,95,95,95,95,95,95,95,95,95,95,95,95,95,95,95,95,95,95,95,95,95],"card_choices":[{"not_picked":["Perfected Strike","Sword Boomerang"],"picked":"Clash","floor":1},{"not_picked":["Intimidate","Thunderclap"],"picked":"Inflame","floor":2},{"not_picked":["Sword Boomerang","Shockwave"],"picked":"Rupture","floor":3},{"not_picked":["Body Slam","Ghostly Armor"],"picked":"Rage","floor":6},{"not_picked":["Cleave","Anger"],"picked":"Seeing Red","floor":12},{"not_picked":["Pummel","True Grit"],"picked":"Cleave","floor":12},{"not_picked":["Hemokinesis","Spot Weakness"],"picked":"Limit Break","floor":13},{"not_picked":["Warcry","Carnage"],"picked":"Shockwave","floor":14},{"not_picked":["Iron Wave","Pummel"],"picked":"Uppercut","floor":14},{"not_picked":["Berserk+1","Barricade+1"],"picked":"Demon Form+1","floor":16},{"not_picked":["Searing Blow","Carnage+1"],"picked":"Headbutt+1","floor":18},{"not_picked":["Body Slam","Clash"],"picked":"Clothesline+1","floor":18},{"not_picked":["Bloodletting","Carnage"],"picked":"Inflame+1","floor":19},{"not_picked":["Pommel Strike","Blood for Blood"],"picked":"Inflame+1","floor":19},{"not_picked":["Warcry","Body Slam"],"picked":"Bludgeon","floor":23},{"not_picked":["Feel No Pain+1","Clothesline"],"picked":"Flame Barrier","floor":27},{"not_picked":["Disarm","Corruption+1"],"picked":"Clash","floor":27},{"not_picked":["Burning Pact","Heavy Blade"],"picked":"Armaments","floor":28},{"not_picked":["Clothesline","Second Wind"],"picked":"Body Slam","floor":30},{"not_picked":["Anger","Pommel Strike"],"picked":"Thunderclap+1","floor":30},{"not_picked":["True Grit","Thunderclap"],"picked":"Clash","floor":31},{"not_picked":["Clash","Searing Blow"],"picked":"Whirlwind","floor":31},{"not_picked":["Bludgeon","Offering"],"picked":"Berserk+1","floor":33},{"not_picked":["Iron Wave+1","Perfected Strike"],"picked":"Anger+1","floor":35},{"not_picked":["Bloodletting+1","Entrench"],"picked":"Berserk+1","floor":35},{"not_picked":["Anger","True Grit"],"picked":"Cleave+1","floor":36},{"not_picked":["Sword Boomerang+1","Brutality+1"],"picked":"Fire Breathing+1","floor":37},{"not_picked":["Iron Wave+1","Thunderclap+1"],"picked":"Rupture+1","floor":37},{"not_picked":["Madness","Impatience"],"picked":"Secret Weapon","floor":38},{"not_picked":["Impatience","Flash of Steel"],"picked":"Sadistic Nature+1","floor":38},{"not_picked":["Mind Blast","Madness"],"picked":"Violence","floor":38},{"not_picked":["Clash+1","Dual Wield"],"picked":"Bludgeon","floor":40},{"not_picked":["Carnage","Thunderclap"],"picked":"Anger+1","floor":41},{"not_picked":["Armaments+1","Inflame+1"],"picked":"Infernal Blade+1","floor":41},{"not_picked":["Power Through+1","Whirlwind"],"picked":"Twin Strike","floor":44},{"not_picked":["Body Slam","Uppercut"],"picked":"Headbutt+1","floor":44},{"not_picked":["Pummel","Disarm"],"picked":"Metallicize+1","floor":46},{"not_picked":["Body Slam","Sword Boomerang"],"picked":"Shrug It Off","floor":46},{"not_picked":["Burning Pact","Rupture+1"],"picked":"Limit Break","floor":47},{"not_picked":["Clash+1","Cleave"],"picked":"Fire Breathing+1","floor":48},{"not_picked":["Twin Strike+1","Sword Boomerang"],"picked":"Shrug It Off","floor":48}],"player_experience":29393,"relics_obtained":[{"floor":6,"key":"Oddly Smooth Stone"},{"floor":9,"key":"Frozen Egg 2"},{"floor":10,"key":"Prayer Wheel"},{"floor":13,"key":"Girya"},{"floor":23,"key":"Peace Pipe"},{"floor":25,"key":"Pear"},{"floor":26,"key":"Mummified Hand"},{"floor":28,"key":"Bag of Preparation"},{"floor":36,"key":"Champion Belt"},{"floor":40,"key":"Tiny Chest"},{"floor":43,"key":"Bottled Tornado"},{"floor":47,"key":"Calipers"}],"event_choices":[{"damage_healed":0,"gold_gain":0,"player_choice":"Entered Light","damage_taken":16,"max_hp_gain":0,"max_hp_loss":0,"event_name":"Shining Light","floor":4,"gold_loss":0,"cards_upgraded":["Defend_R","Inflame"]},{"damage_healed":0,"gold_gain":0,"player_choice":"Success","damage_taken":18,"relics_obtained":["Lantern"],"max_hp_gain":0,"max_hp_loss":0,"event_name":"Scrap Ooze","floor":8,"gold_loss":0},{"damage_healed":0,"gold_gain":0,"player_choice":"Shed Blood","damage_taken":20,"max_hp_gain":5,"max_hp_loss":0,"event_name":"Forgotten Altar","floor":21,"gold_loss":0},{"damage_healed":0,"gold_gain":0,"player_choice":"Inject Mutagens","damage_taken":0,"relics_obtained":["MutagenicStrength"],"max_hp_gain":0,"max_hp_loss":0,"event_name":"Drug Dealer","floor":22,"gold_loss":0},{"damage_healed":0,"gold_gain":0,"player_choice":"Fight","damage_taken":0,"max_hp_gain":0,"max_hp_loss":0,"event_name":"MindBloom","floor":36,"gold_loss":0},{"damage_healed":0,"gold_gain":0,"player_choice":"Memory 3","damage_taken":10,"max_hp_gain":0,"max_hp_loss":0,"event_name":"SensoryStone","floor":38,"gold_loss":0},{"damage_healed":0,"gold_gain":0,"player_choice":"Gave Potion","damage_taken":0,"relics_obtained":["Letter Opener"],"max_hp_gain":0,"max_hp_loss":0,"event_name":"WeMeetAgain","floor":39,"gold_loss":0},{"damage_healed":0,"gold_gain":0,"player_choice":"Paid","damage_taken":0,"relics_obtained":["Red Mask"],"max_hp_gain":0,"max_hp_loss":0,"event_name":"Tomb of Lord Red Mask","floor":42,"gold_loss":344}],"is_beta":false,"boss_relics":[{"not_picked":["Orrery","Lizard Tail"],"picked":"Runic Pyramid"},{"not_picked":["Tiny House","Astrolabe"],"picked":"Fusion Hammer"}],"items_purged_floors":[20],"is_endless":false,"potions_floor_spawned":[2,6,14,16,19,27,31,33,35,40,41,46],"killed_by":"Time Eater","ascension_level":0}