{"gold_per_floor":[113,63,10,10,10,53,86,86,86,86,101,139,160,179,179,309,309,333,349,349,364,239,239,239,239,265,265,277,277,293,293,293,388,388,400,400,413,425,0,0,0,17,17,17,17,17,17,33,33,33],"floor_reached":51,"playtime":2858,"items_purged":["Strike_G"],"score":705,"play_id":"17ef194a-9f65-45ae-85f7-31759e20a37c","local_time":"20180827193600","is_ascension_mode":false,"campfire_choices":[{"data":"Bane","floor":8.0,"key":"SMITH"},{"floor":10.0,"key":"DIG"},{"floor":15.0,"key":"DIG"},{"floor":23,"key":"DIG"},{"floor":25,"key":"DIG"},{"floor":27,"key":"DIG"},{"floor":32,"key":"DIG"},{"data":"Catalyst","floor":40,"key":"SMITH"},{"data":"Deadly Poison","floor":44,"key":"SMITH"},{"data":"Noxious Fumes","floor":46,"key":"SMITH"},{"data":"Burst","floor":49,"key":"SMITH"}],"neow_cost":"NONE","seed_source_timestamp":0,"circlet_count":0,"master_deck":["Defend_G","Defend_G","Defend_G","Defend_G+1","Strike_G+1","Strike_G+1","Strike_G","Strike_G","Neutralize","Well Laid Plans","Deadly Poison+1","Catalyst+1","Bane+1","Slice","Burst+1","Crippling Poison","A Thousand Cuts","Slice","Noxious Fumes+1","Die Die Die","Deadly Poison+1","Escape Plan","Deadly Poison+1","Catalyst+1","Die Die Die"],"special_seed":0,"relics":["Ring of the Snake","NeowsBlessing","Bloody Idol","Bottled Lightning","Odd Mushroom","Shovel","Smiling Mask","Gremlin Horn","Whetstone","Coffee Dripper","Thread and Needle","Bottled Flame","Incense Burner","Orichalcum","Anchor","Omamori","Cursed Key","Red Mask","Tingsha"],"potions_floor_usage":[33,33,33,33,48],"damage_taken":[{"damage":0.0,"enemies":"Small Slimes","floor":1.0,"turns":1.0},{"damage":0.0,"enemies":"Gremlin Nob","floor":6.0,"turns":1.0},{"damage":0.0,"enemies":"The Mushroom Lair","floor":7.0,"turns":1.0},{"damage":0.0,"enemies":"2 Louse","floor":11.0,"turns":3.0},{"damage":22.0,"enemies":"3 Sentries","floor":12.0,"turns":9.0},{"damage":0.0,"enemies":"Cultist","floor":13.0,"turns":2.0},{"damage":1.0,"enemies":"Large Slime","floor":14.0,"turns":7.0},{"damage":1.0,"enemies":"The Guardian","floor":16.0,"turns":7.0},{"damage":4.0,"enemies":"Chosen","floor":18.0,"turns":6.0},{"damage":10.0,"enemies":"3 Byrds","floor":19.0,"turns":4.0},{"damage":0.0,"enemies":"Sentry and Sphere","floor":21.0,"turns":3.0},{"damage":11.0,"enemies":"Snake Plant","floor":22.0,"turns":4.0},{"damage":0,"enemies":"Snake Plant","floor":28,"turns":4},{"damage":0,"enemies":"3 Cultists","floor":30,"turns":4},{"damage":22,"enemies":"Collector","floor":33,"turns":5},{"damage":11,"enemies":"Flame Bruiser 1 Orb","floor":35,"turns":4},{"damage":5,"enemies":"3 Shapes","floor":37,"turns":3},{"damage":0,"enemies":"Transient","floor":38,"turns":5},{"damage":0,"enemies":"Sphere and 2 Shapes","floor":42,"turns":2},{"damage":8,"enemies":"Maw","floor":48,"turns":3},{"damage":21,"enemies":"Time Eater","floor":50,"turns":5}],"seed_played":"7349369120412036839","potions_obtained":[{"floor":1.0,"key":"Fire Potion"},{"floor":11.0,"key":"SpeedPotion"},{"floor":14.0,"key":"SpeedPotion"},{"floor":16.0,"key":"EntropicBrew"},{"floor":18.0,"key":"LiquidBronze"},{"floor":19.0,"key":"FairyPotion"},{"floor":21.0,"key":"Poison Potion"},{"floor":30,"key":"EntropicBrew"},{"floor":37,"key":"Swift Potion"}],"is_trial":false,"path_per_floor":["M","?","$","?","?","E","?","R","T","R","M","E","M","M","R","B",null,"M","M","?","M","$","R","?","R","T","R","M","?","M","?","R","B",null,"M","?","M","M","?","R","$","M","T","R","$","R","?","M","R","B"],"character_chosen":"THE_SILENT","items_purchased":["Deadly Poison","Noxious Fumes"],"campfire_rested":0,"item_purchase_floors":[3,22],"current_hp_per_floor":[70,70,70,53,39,39,39,39,39,39,39,17,17,16,16,15,70,66,56,56,56,45,45,45,45,50,50,55,55,60,60,60,43,70,64,64,64,69,69,69,69,70,70,70,70,70,70,67,67,46],"gold":33,"neow_bonus":"THREE_ENEMY_KILL","is_prod":false,"is_daily":false,"chose_seed":false,"campfire_upgraded":5,"win_rate":0.0,"timestamp":1535364360,"path_taken":["M","?","$","?","?","E","?","R","T","R","M","E","?","M","R","BOSS","M","M","?","M","?","R","?","R","T","R","M","?","M","?","R","BOSS","M","?","M","?","?","R","$","M","T","R","?","R","?","?","R","BOSS"],"build_version":"2018-08-23v2","purchased_purges":1,"victory":true,"max_hp_per_floor":[70,70,70,70,70,70,70,70,70,70,70,70,70,70,70,70,70,70,70,70,70,70,70,70,70,70,70,70,70,70,70,70,70,70,70,70,70,70,70,70,70,70,70,70,70,70,70,70,70,70],"card_choices":[{"not_picked":["Sucker Punch","Predator"],"picked":"Well Laid Plans","floor":1.0},{"not_picked":["Dagger Spray","Slice"],"picked":"Catalyst","floor":6.0},{"not_picked":["Heel Hook","Flechettes"],"picked":"Bane","floor":7.0},{"not_picked":["PiercingWail","Dagger Throw"],"picked":"Slice","floor":11.0},{"not_picked":["Heel Hook","Escape Plan"],"picked":"Burst","floor":12.0},{"not_picked":["Underhanded Strike","Dagger Spray","PiercingWail"],"picked":"SKIP","floor":13.0},{"not_picked":["Blur","Dagger Spray"],"picked":"Crippling Poison","floor":14.0},{"not_picked":["After Image","Malaise"],"picked":"A Thousand Cuts","floor":16.0},{"not_picked":["Calculated Gamble+1","Prepared+1","Underhanded Strike"],"picked":"SKIP","floor":18.0},{"not_picked":["Acrobatics","All Out Attack+1"],"picked":"Slice","floor":19.0},{"not_picked":["Quick Slash","Dodge and Roll+1","Die Die Die"],"picked":"SKIP","floor":21.0},{"not_picked":["PiercingWail","Underhanded Strike","Cloak And Dagger"],"picked":"SKIP","floor":28},{"not_picked":["Bullet Time","Flying Knee+1","Choke+1"],"picked":"SKIP","floor":30},{"not_picked":["Malaise","Phantasmal Killer"],"picked":"Die Die Die","floor":33},{"not_picked":["Expertise","Heel Hook+1"],"picked":"Deadly Poison","floor":35},{"not_picked":["Dodge and Roll","Dagger Throw"],"picked":"Escape Plan","floor":37},{"not_picked":["Dodge and Roll","Dagger Throw+1"],"picked":"Deadly Poison+1","floor":38},{"not_picked":["Prepared","Slice","Skewer"],"picked":"SKIP","floor":42},{"not_picked":["Tactician","Dagger Throw"],"picked":"Die Die Die","floor":48}],"player_experience":64298,"relics_obtained":[{"floor":6.0,"key":"Bottled Lightning"},{"floor":7.0,"key":"Odd Mushroom"},{"floor":9.0,"key":"Shovel"},{"floor":10.0,"key":"Smiling Mask"},{"floor":12.0,"key":"Gremlin Horn"},{"floor":15.0,"key":"Whetstone"},{"floor":23,"key":"Bottled Flame"},{"floor":25,"key":"Incense Burner"},{"floor":26,"key":"Orichalcum"},{"floor":27,"key":"Anchor"},{"floor":32,"key":"Omamori"},{"floor":43,"key":"Tingsha"}],"event_choices":[{"event_name":"The Cleric","player_choice":"Card Removal","floor":2.0,"damage_taken":0.0},{"event_name":"Golden Idol","player_choice":"Take Damage","floor":4.0,"damage_taken":0.0},{"event_name":"Shining Light","player_choice":"Entered Light","floor":5.0,"damage_taken":0.0},{"event_name":"Mushrooms","player_choice":"Fought Mushrooms","floor":7.0,"damage_taken":0.0},{"event_name":"The Mausoleum","player_choice":"Yes","floor":20.0,"damage_taken":0.0},{"event_name":"Forgotten Altar","player_choice":"Gave Idol","floor":24,"damage_taken":0},{"event_name":"Ghosts","player_choice":"Ignored","floor":29,"damage_taken":0},{"event_name":"Vampires","player_choice":"Ignored","floor":31,"damage_taken":0},{"event_name":"Falling","player_choice":"Removed Skill","floor":36,"damage_taken":0},{"event_name":"Tomb of Lord Red Mask","player_choice":"Paid","floor":39,"damage_taken":0},{"event_name":"Duplicator","player_choice":"One dupe","floor":47,"damage_taken":0}],"is_beta":false,"boss_relics":[{"not_picked":["HoveringKite","Busted Crown"],"picked":"Coffee Dripper"},{"not_picked":["Astrolabe","Black Star"],"picked":"Cursed Key"}],"items_purged_floors":[22],"is_endless":false,"potions_floor_spawned":[1,11,14,16,18,19,21,30,37],"ascension_level":0}