{"gold_per_floor":[116,132,150,160,160,204,204,154,154,190,208,228,264,289,289,409,409,427,427,130,119,140,140,159,359,359,384,384,400,400,413,413,413],"floor_reached":33,"playtime":2300,"items_purged":["Seeing Red"],"score":366,"play_id":"060d444d-6131-40f1-b0e3-bafd6f826a14","local_time":"20190204162927","is_ascension_mode":true,"campfire_choices":[{"data":"Uppercut","floor":7,"key":"SMITH"},{"floor":15,"key":"REST"},{"data":"1","floor":23,"key":"LIFT"},{"floor":28,"key":"REST"},{"data":"True Grit","floor":32,"key":"SMITH"}],"neow_cost":"NONE","seed_source_timestamp":1085649369919175,"circlet_count":0,"master_deck":["Bash","Clothesline","Iron Wave","Inflame","Uppercut+1","Flame Barrier","Warcry","True Grit+1","Immolate","Sentinel","Flex","Demon Form","Uppercut","Whirlwind","Feed","Reckless Charge","Shrug It Off","Inflame","Sword Boomerang+1","Impervious","Battle Trance"],"relics":["Burning Blood","Golden Idol","Darkstone Periapt","Girya","Champion Belt","Shuriken","Pandora\u0027s Box","Centennial Puzzle","Oddly Smooth Stone"],"potions_floor_usage":[10,12,13,16,27],"damage_taken":[{"damage":6,"enemies":"Cultist","floor":1,"turns":3},{"damage":5,"enemies":"Jaw Worm","floor":2,"turns":4},{"damage":5,"enemies":"Small Slimes","floor":3,"turns":4},{"damage":10,"enemies":"Blue Slaver","floor":4,"turns":4},{"damage":15,"enemies":"Gremlin Nob","floor":6,"turns":4},{"damage":25,"enemies":"Lagavulin","floor":10,"turns":5},{"damage":13,"enemies":"Large Slime","floor":11,"turns":5},{"damage":8,"enemies":"Gremlin Gang","floor":12,"turns":4},{"damage":38,"enemies":"3 Sentries","floor":13,"turns":9},{"damage":9,"enemies":"Exordium Thugs","floor":14,"turns":4},{"damage":10,"enemies":"The Guardian","floor":16,"turns":14},{"damage":3,"enemies":"3 Byrds","floor":18,"turns":3},{"damage":16,"enemies":"2 Thieves","floor":21,"turns":4},{"damage":32,"enemies":"Centurion and Healer","floor":22,"turns":7},{"damage":12,"enemies":"Chosen and Byrds","floor":24,"turns":4},{"damage":17,"enemies":"Shelled Parasite and Fungi","floor":27,"turns":5},{"damage":12,"enemies":"Centurion and Healer","floor":29,"turns":5},{"damage":36,"enemies":"Cultist and Chosen","floor":31,"turns":7},{"damage":70,"enemies":"Automaton","floor":33,"turns":7}],"seed_played":"-897671325607468959","potions_obtained":[{"floor":2,"key":"AttackPotion"},{"floor":10,"key":"Block Potion"},{"floor":11,"key":"BloodPotion"},{"floor":13,"key":"FearPotion"},{"floor":14,"key":"PowerPotion"},{"floor":16,"key":"Weak Potion"},{"floor":27,"key":"Regen Potion"},{"floor":29,"key":"EssenceOfSteel"},{"floor":31,"key":"Poison Potion"}],"is_trial":false,"path_per_floor":["M","M","M","M","?","E","R","?","T","E","M","M","E","M","R","B",null,"M","?","$","M","M","R","M","?","T","M","R","M","?","M","R","B"],"character_chosen":"IRONCLAD","items_purchased":["Centennial Puzzle","Inflame"],"campfire_rested":2,"item_purchase_floors":[20,20],"current_hp_per_floor":[88,88,88,84,84,75,75,75,75,56,49,47,23,20,46,42,77,80,80,80,73,50,50,47,47,47,36,65,59,97,70,70,0],"gold":413,"neow_bonus":"TEN_PERCENT_HP_BONUS","is_prod":false,"is_daily":false,"chose_seed":false,"campfire_upgraded":2,"win_rate":0,"timestamp":1549326567,"path_taken":["M","M","?","M","?","E","R","?","T","E","M","M","E","M","R","BOSS","M","?","$","M","M","R","M","?","T","?","R","M","?","M","R","BOSS"],"build_version":"2019-01-23","purchased_purges":1,"victory":false,"max_hp_per_floor":[88,88,88,88,88,88,88,88,88,88,88,88,88,88,88,88,88,88,88,88,91,94,94,97,97,97,97,97,97,97,100,100,100],"card_choices":[{"not_picked":["Warcry","Pommel Strike"],"picked":"Clothesline","floor":1},{"not_picked":["Dropkick","Armaments"],"picked":"Iron Wave","floor":2},{"not_picked":["Twin Strike","Heavy Blade"],"picked":"Inflame","floor":3},{"not_picked":["Reckless Charge","Thunderclap"],"picked":"Uppercut","floor":4},{"not_picked":["Headbutt","Perfected Strike","Havoc"],"picked":"SKIP","floor":6},{"not_picked":["Heavy Blade","Barricade","Fire Breathing"],"picked":"SKIP","floor":10},{"not_picked":["Hemokinesis","Sentinel"],"picked":"Flame Barrier","floor":11},{"not_picked":["Anger","Combust"],"picked":"Warcry","floor":12},{"not_picked":["Sentinel","Wild Strike","Havoc"],"picked":"SKIP","floor":13},{"not_picked":["Havoc","Heavy Blade"],"picked":"True Grit","floor":14},{"not_picked":["Offering","Berserk"],"picked":"Immolate","floor":16},{"not_picked":["Sentinel","True Grit"],"picked":"Shrug It Off","floor":18},{"not_picked":["Body Slam","Clothesline"],"picked":"Sword Boomerang+1","floor":21},{"not_picked":["Inflame+1","Metallicize+1"],"picked":"Impervious","floor":22},{"not_picked":["Sword Boomerang+1","Reckless Charge","Body Slam"],"picked":"SKIP","floor":24},{"not_picked":["Thunderclap","Blood for Blood+1","Sword Boomerang"],"picked":"SKIP","floor":27},{"not_picked":["Burning Pact","Spot Weakness+1","Cleave"],"picked":"SKIP","floor":29},{"not_picked":["Havoc","Clothesline"],"picked":"Battle Trance","floor":31}],"player_experience":916439,"relics_obtained":[{"floor":6,"key":"Darkstone Periapt"},{"floor":9,"key":"Girya"},{"floor":10,"key":"Champion Belt"},{"floor":13,"key":"Shuriken"},{"floor":26,"key":"Oddly Smooth Stone"}],"event_choices":[{"damage_healed":0,"gold_gain":0,"player_choice":"Take Wound","damage_taken":0,"relics_obtained":["Golden Idol"],"max_hp_gain":0,"max_hp_loss":0,"event_name":"Golden Idol","floor":5,"gold_loss":0,"cards_obtained":["Injury"]},{"cards_removed":["Injury"],"damage_healed":0,"gold_gain":0,"player_choice":"Card Removal","damage_taken":0,"max_hp_gain":0,"max_hp_loss":0,"event_name":"The Cleric","floor":8,"gold_loss":50},{"damage_healed":0,"gold_gain":0,"player_choice":"Ignored","damage_taken":0,"max_hp_gain":0,"max_hp_loss":0,"event_name":"Vampires","floor":19,"gold_loss":0},{"damage_healed":0,"gold_gain":200,"player_choice":"Gold","damage_taken":0,"max_hp_gain":0,"max_hp_loss":0,"event_name":"Wheel of Change","floor":25,"gold_loss":0},{"cards_removed":["Bloodletting"],"damage_healed":38,"gold_gain":0,"player_choice":"Offered Uncommon","damage_taken":0,"max_hp_gain":0,"max_hp_loss":0,"event_name":"Bonfire Elementals","floor":30,"gold_loss":0}],"is_beta":false,"boss_relics":[{"not_picked":["Lizard Tail","Sozu"],"picked":"Pandora\u0027s Box"}],"items_purged_floors":[20],"is_endless":false,"potions_floor_spawned":[2,10,11,13,14,16,27,29,31],"killed_by":"Automaton","ascension_level":5}