{"gold_per_floor":[110,125,125,149,63,63,102,102,102,123,123,123,163,179,179,179],"floor_reached":16,"playtime":379,"items_purged":[],"score":220,"play_id":"49f07221-a9b4-4ed1-8827-000ab61882f2","local_time":"20190215153935","is_ascension_mode":true,"campfire_choices":[{"data":"Corruption","floor":6,"key":"SMITH"},{"floor":11,"key":"REST"},{"data":"Feel No Pain","floor":15,"key":"SMITH"}],"neow_cost":"NONE","seed_source_timestamp":19943487458080,"circlet_count":0,"master_deck":["AscendersBane","Strike_R","Strike_R","Strike_R","Strike_R","Defend_R","Defend_R","Defend_R","Defend_R","Bash","Shrug It Off","Shrug It Off","Corruption+1","Impervious","Spot Weakness","Feel No Pain+1","Warcry","Pummel"],"relics":["Burning Blood","NeowsBlessing","Golden Idol","Meat on the Bone","Matryoshka","Bronze Scales"],"potions_floor_usage":[7,16],"damage_taken":[{"damage":0,"enemies":"Cultist","floor":1,"turns":1},{"damage":0,"enemies":"2 Louse","floor":2,"turns":1},{"damage":0,"enemies":"Small Slimes","floor":4,"turns":1},{"damage":71,"enemies":"Lagavulin","floor":7,"turns":12},{"damage":2,"enemies":"Looter","floor":10,"turns":4},{"damage":33,"enemies":"Gremlin Nob","floor":13,"turns":5},{"damage":1,"enemies":"2 Fungi Beasts","floor":14,"turns":4},{"damage":43,"enemies":"Hexaghost","floor":16,"turns":9}],"seed_played":"-2610307444299355936","potions_obtained":[{"floor":2,"key":"BloodPotion"},{"floor":10,"key":"Ancient Potion"},{"floor":14,"key":"BloodPotion"}],"is_trial":false,"path_per_floor":["M","M","?","M","$","R","E","?","T","M","R","?","E","M","R","B"],"character_chosen":"IRONCLAD","items_purchased":["Impervious"],"campfire_rested":1,"item_purchase_floors":[5],"current_hp_per_floor":[74,75,68,68,68,68,9,9,9,25,45,45,30,47,47,10],"gold":179,"neow_bonus":"THREE_ENEMY_KILL","is_prod":false,"is_daily":false,"chose_seed":false,"campfire_upgraded":2,"win_rate":0,"timestamp":1550270375,"path_taken":["M","?","?","M","$","R","E","?","T","M","R","?","E","M","R","BOSS"],"build_version":"2019-01-23","purchased_purges":0,"victory":false,"max_hp_per_floor":[75,75,68,68,68,68,68,68,68,68,68,68,68,68,68,68],"card_choices":[{"not_picked":["Twin Strike","Warcry"],"picked":"Shrug It Off","floor":1},{"not_picked":["Armaments","Sword Boomerang"],"picked":"Shrug It Off","floor":2},{"not_picked":["Hemokinesis","Sentinel"],"picked":"Corruption","floor":4},{"not_picked":["Havoc","Warcry"],"picked":"Spot Weakness","floor":7},{"not_picked":["Ghostly Armor","Body Slam"],"picked":"Feel No Pain","floor":10},{"not_picked":["Carnage","Thunderclap"],"picked":"Warcry","floor":13},{"not_picked":["Bludgeon","Anger"],"picked":"Pummel","floor":14}],"player_experience":839489,"relics_obtained":[{"floor":7,"key":"Meat on the Bone"},{"floor":9,"key":"Matryoshka"},{"floor":13,"key":"Bronze Scales"}],"event_choices":[{"damage_healed":0,"gold_gain":0,"player_choice":"Lose Max HP","damage_taken":0,"relics_obtained":["Golden Idol"],"max_hp_gain":0,"max_hp_loss":7,"event_name":"Golden Idol","floor":3,"gold_loss":0},{"damage_healed":0,"gold_gain":0,"player_choice":"Fled","damage_taken":0,"max_hp_gain":0,"max_hp_loss":0,"event_name":"Scrap Ooze","floor":8,"gold_loss":0},{"cards_removed":["Strike_R"],"damage_healed":0,"gold_gain":0,"player_choice":"Purged","damage_taken":0,"max_hp_gain":0,"max_hp_loss":0,"event_name":"Purifier","floor":12,"gold_loss":0}],"is_beta":false,"boss_relics":[],"items_purged_floors":[],"is_endless":false,"potions_floor_spawned":[2,10,14],"killed_by":"Hexaghost","ascension_level":20}