{"gold_per_floor":[119,119,194,209,359,359,393,393,416,426,426,426,438,468,468,546,546,557,607,607],"floor_reached":20,"playtime":530,"items_purged":[],"score":410,"play_id":"da0a7bd5-6545-43a0-97ea-94c0c1241c4e","local_time":"20190213182341","is_ascension_mode":true,"campfire_choices":[{"data":"Bash","floor":6.0,"key":"SMITH"},{"data":"Uppercut","floor":8.0,"key":"SMITH"},{"floor":12.0,"key":"REST"},{"data":"1","floor":15.0,"key":"LIFT"}],"neow_cost":"NONE","seed_source_timestamp":799367742998399,"circlet_count":0,"master_deck":["AscendersBane","Strike_R","Strike_R","Strike_R","Strike_R","Strike_R","Defend_R","Defend_R+1","Defend_R","Bash+1","Anger","Pommel Strike","Anger","Doubt","Uppercut+1","Body Slam+1","Armaments","Limit Break"],"special_seed":0,"relics":["Burning Blood","NeowsBlessing","Bag of Preparation","Regal Pillow","Girya","Runic Dome"],"potions_floor_usage":[],"damage_taken":[{"damage":0.0,"enemies":"2 Louse","floor":1.0,"turns":1.0},{"damage":0.0,"enemies":"Jaw Worm","floor":4.0,"turns":1.0},{"damage":0.0,"enemies":"Gremlin Nob","floor":7.0,"turns":1.0},{"damage":15.0,"enemies":"Small Slimes","floor":10.0,"turns":3.0},{"damage":10.0,"enemies":"Red Slaver","floor":13.0,"turns":2.0},{"damage":22.0,"enemies":"Lagavulin","floor":14.0,"turns":4.0},{"damage":46.0,"enemies":"Hexaghost","floor":16.0,"turns":8.0},{"damage":26.0,"enemies":"Shell Parasite","floor":18.0,"turns":5.0},{"damage":34,"enemies":"3 Byrds","floor":20,"turns":5}],"seed_played":"-7027056863948241539","potions_obtained":[{"floor":7.0,"key":"SkillPotion"},{"floor":10.0,"key":"LiquidBronze"},{"floor":16.0,"key":"Poison Potion"}],"is_trial":false,"path_per_floor":["M","?","?","M","?","R","E","R","T","M","?","R","M","E","R","B",null,"M","?","M"],"character_chosen":"IRONCLAD","items_purchased":[],"campfire_rested":1,"item_purchase_floors":[],"current_hp_per_floor":[74,74,63,69,69,69,75,75,75,66,43,75,71,55,55,15,60,40,33,0],"gold":607,"neow_bonus":"THREE_ENEMY_KILL","is_prod":false,"is_daily":false,"chose_seed":false,"campfire_upgraded":2,"win_rate":0,"timestamp":1550107421,"path_taken":["M","?","?","M","?","R","E","R","T","M","?","R","M","E","R","BOSS","M","?","M"],"build_version":"2019-01-23","purchased_purges":0,"victory":false,"max_hp_per_floor":[75,75,75,75,75,75,75,75,75,75,75,75,75,75,75,75,75,75,75,75],"card_choices":[{"not_picked":["Havoc","Second Wind"],"picked":"Anger","floor":1.0},{"not_picked":["Burning Pact","Iron Wave"],"picked":"Anger","floor":4.0},{"not_picked":["Pommel Strike","Reckless Charge"],"picked":"Uppercut","floor":7.0},{"not_picked":["Sword Boomerang","Iron Wave"],"picked":"Body Slam","floor":10.0},{"not_picked":["Second Wind","Whirlwind","Bludgeon"],"picked":"SKIP","floor":13.0},{"not_picked":["Flex","Wild Strike"],"picked":"Armaments","floor":14.0},{"not_picked":["Reaper","Offering"],"picked":"Limit Break","floor":16.0},{"not_picked":["Disarm","Heavy Blade","Flame Barrier"],"picked":"SKIP","floor":18.0}],"player_experience":819926,"relics_obtained":[{"floor":7.0,"key":"Bag of Preparation"},{"floor":9.0,"key":"Regal Pillow"},{"floor":14.0,"key":"Girya"}],"event_choices":[{"damage_healed":0.0,"max_hp_gain":0.0,"max_hp_loss":0.0,"gold_gain":0.0,"cards_transformed":["Defend_R"],"event_name":"Living Wall","player_choice":"Change","floor":2.0,"gold_loss":0.0,"damage_taken":0.0,"cards_obtained":["Pommel Strike"]},{"damage_healed":0.0,"max_hp_gain":0.0,"max_hp_loss":0.0,"gold_gain":75.0,"event_name":"World of Goop","player_choice":"Gather Gold","floor":3.0,"gold_loss":0.0,"damage_taken":11.0},{"damage_healed":0.0,"max_hp_gain":0.0,"max_hp_loss":0.0,"gold_gain":150.0,"event_name":"Liars Game","player_choice":"AGREE","floor":5.0,"gold_loss":0.0,"damage_taken":0.0,"cards_obtained":["Doubt"]},{"damage_healed":0.0,"max_hp_gain":0.0,"max_hp_loss":0.0,"gold_gain":0.0,"event_name":"Shining Light","player_choice":"Entered Light","floor":11.0,"gold_loss":0.0,"damage_taken":23.0,"cards_upgraded":["Body Slam","Defend_R"]},{"damage_healed":0.0,"max_hp_gain":0.0,"max_hp_loss":0.0,"gold_gain":50.0,"event_name":"FaceTrader","player_choice":"Touch","floor":19.0,"gold_loss":0.0,"damage_taken":7.0}],"is_beta":false,"boss_relics":[{"not_picked":["Lizard Tail","Orrery"],"picked":"Runic Dome"}],"items_purged_floors":[],"is_endless":false,"potions_floor_spawned":[7,10,16],"killed_by":"3 Byrds","ascension_level":20}