{"gold_per_floor":[113,113,123,134,84,98,132,132,215,185,205,205,220,240,240,240],"floor_reached":16,"playtime":1567,"items_purged":[],"score":104,"play_id":"6a2a0323-5569-4c3f-ac2f-e1058d56f77d","local_time":"20180827154228","is_ascension_mode":false,"campfire_choices":[{"data":"Burst","floor":8,"key":"SMITH"},{"data":"Burst","floor":12,"key":"SMITH"},{"data":"Dodge and Roll","floor":15,"key":"SMITH"}],"neow_cost":"NONE","seed_source_timestamp":28559166323327,"circlet_count":0,"master_deck":["Defend_G","Defend_G","Defend_G","Defend_G","Strike_G","Strike_G","Strike_G","Strike_G","Survivor","Neutralize","Quick Slash","Burst+1","Dash","Dodge and Roll+1","Deflect","Burst+1","Backflip","Escape Plan","Quick Slash","Dodge and Roll"],"relics":["Ring of the Snake","Lantern","Kunai","Tiny Chest"],"potions_floor_usage":[7,7,7,16,16],"damage_taken":[{"damage":0,"enemies":"2 Louse","floor":1,"turns":3},{"damage":0,"enemies":"Jaw Worm","floor":3,"turns":4},{"damage":0,"enemies":"Small Slimes","floor":4,"turns":3},{"damage":4,"enemies":"3 Louse","floor":6,"turns":6},{"damage":23,"enemies":"Lagavulin","floor":7,"turns":11},{"damage":0,"enemies":"Looter","floor":10,"turns":4},{"damage":0,"enemies":"Blue Slaver","floor":11,"turns":5},{"damage":0,"enemies":"2 Fungi Beasts","floor":13,"turns":5},{"damage":0,"enemies":"Looter","floor":14,"turns":5},{"damage":47,"enemies":"Hexaghost","floor":16,"turns":23}],"seed_played":"103845807577023567","potions_obtained":[{"floor":3,"key":"Block Potion"},{"floor":4,"key":"Swift Potion"},{"floor":6,"key":"Block Potion"},{"floor":11,"key":"Dexterity Potion"},{"floor":14,"key":"Block Potion"}],"is_trial":false,"path_per_floor":["M","?","M","M","?","M","E","R","T","M","M","R","M","M","R"],"character_chosen":"THE_SILENT","items_purchased":[],"campfire_rested":0,"item_purchase_floors":[],"current_hp_per_floor":[70,70,70,70,70,66,43,43,43,43,43,43,43,43,43,0],"gold":240,"neow_bonus":"RANDOM_COMMON_RELIC","is_prod":false,"is_daily":false,"chose_seed":false,"campfire_upgraded":3,"win_rate":0.0,"timestamp":1535350348,"path_taken":["M","?","M","M","?","M","E","R","T","M","?","R","M","M","R","BOSS"],"build_version":"2018-08-23v2","purchased_purges":0,"victory":false,"max_hp_per_floor":[70,70,70,70,70,70,70,70,70,70,70,70,70,70,70,70],"card_choices":[{"not_picked":["Dagger Throw","Flechettes"],"picked":"Quick Slash","floor":1},{"not_picked":["Heel Hook","Flying Knee"],"picked":"Dash","floor":3},{"not_picked":["Calculated Gamble","All Out Attack"],"picked":"Dodge and Roll","floor":4},{"not_picked":["Crippling Poison","Prepared"],"picked":"Deflect","floor":6},{"not_picked":["Deadly Poison","Caltrops"],"picked":"Burst","floor":7},{"not_picked":["Deflect","Eviscerate"],"picked":"Backflip","floor":10},{"not_picked":["Poisoned Stab","Sucker Punch"],"picked":"Escape Plan","floor":11},{"not_picked":["Blade Dance","Deadly Poison"],"picked":"Quick Slash","floor":13},{"not_picked":["Deflect","Envenom"],"picked":"Dodge and Roll","floor":14}],"player_experience":61713,"relics_obtained":[{"floor":7,"key":"Kunai"},{"floor":9,"key":"Tiny Chest"}],"event_choices":[{"event_name":"Living Wall","player_choice":"Change","floor":2,"damage_taken":0},{"event_name":"The Cleric","player_choice":"Card Removal","floor":5,"damage_taken":0}],"is_beta":false,"boss_relics":[],"items_purged_floors":[],"is_endless":false,"potions_floor_spawned":[3,4,6,11,14],"killed_by":"Hexaghost","ascension_level":0}