{"gold_per_floor":[211,20,20,35,35,35,68,80,126,126,37,70,82,94,94,191,191,205,205,221,221,246,246,246,258,282,313,313,37,65,81,81,179,179,195,205,205,224,237,237,47,47],"floor_reached":42,"playtime":2390,"items_purged":["Defend_B"],"score":472,"play_id":"1276cb04-720d-4aff-ab8b-da299db77761","local_time":"20180901074827","is_ascension_mode":true,"campfire_choices":[{"data":"Beam Cell","floor":6,"key":"SMITH"},{"data":"Steam","floor":10,"key":"SMITH"},{"data":"Discovery","floor":15,"key":"SMITH"},{"data":"Electrodynamics","floor":23,"key":"SMITH"},{"data":"Beam Cell","floor":28,"key":"SMITH"},{"data":"Tempest","floor":32,"key":"SMITH"},{"data":"Genetic Algorithm","floor":40,"key":"SMITH"}],"neow_cost":"NONE","seed_source_timestamp":344942893043814,"circlet_count":0,"master_deck":["Strike_B","Defend_B","Zap","Dualcast","Beam Cell+1","Self Repair","Steam+1","Beam Cell+1","Loop","Discovery+1","Thunder Strike","Defragment","Melter","Electrodynamics+1","Ball Lightning","Tempest+1","Core Surge","Steam+1","Genetic Algorithm+1","Genetic Algorithm+1","Barrage+1"],"relics":["Cracked Core","Lantern","Bronze Scales","Anchor","Pear","Empty Cage","Ancient Tea Set","Juzu Bracelet","Red Mask","ClockworkSouvenir","Nunchaku","Inserter","Lee\u0027s Waffle"],"potions_floor_usage":[7,14,16,30,36,38,38,39,42],"damage_taken":[{"damage":6,"enemies":"Jaw Worm","floor":1,"turns":4},{"damage":2,"enemies":"2 Louse","floor":4,"turns":3},{"damage":16,"enemies":"3 Sentries","floor":7,"turns":8},{"damage":0,"enemies":"Cultist","floor":8,"turns":2},{"damage":25,"enemies":"Gremlin Nob","floor":12,"turns":4},{"damage":3,"enemies":"Red Slaver","floor":13,"turns":2},{"damage":1,"enemies":"Exordium Wildlife","floor":14,"turns":4},{"damage":65,"enemies":"The Guardian","floor":16,"turns":11},{"damage":13,"enemies":"2 Thieves","floor":18,"turns":3},{"damage":0,"enemies":"3 Byrds","floor":20,"turns":2},{"damage":27,"enemies":"Colosseum Slavers","floor":21,"turns":3},{"damage":12,"enemies":"Snecko","floor":25,"turns":4},{"damage":0,"enemies":"Masked Bandits","floor":27,"turns":2},{"damage":26,"enemies":"Book of Stabbing","floor":30,"turns":4},{"damage":1,"enemies":"Sentry and Sphere","floor":31,"turns":3},{"damage":32,"enemies":"Collector","floor":33,"turns":6},{"damage":29,"enemies":"3 Darklings","floor":35,"turns":3},{"damage":16,"enemies":"3 Shapes","floor":36,"turns":4},{"damage":41,"enemies":"Maw","floor":38,"turns":6},{"damage":5,"enemies":"4 Shapes","floor":39,"turns":3},{"damage":109,"enemies":"Nemesis","floor":42,"turns":7}],"seed_played":"5085006291888851607","potions_obtained":[{"floor":4,"key":"PowerPotion"},{"floor":7,"key":"Dexterity Potion"},{"floor":12,"key":"Fire Potion"},{"floor":27,"key":"FearPotion"},{"floor":33,"key":"LiquidBronze"},{"floor":37,"key":"Fruit Juice"},{"floor":37,"key":"PowerPotion"},{"floor":37,"key":"FearPotion"},{"floor":38,"key":"PowerPotion"}],"is_trial":false,"path_per_floor":["M","$","?","M","?","R","E","M","T","R","$","E","M","M","R","B",null,"M","?","M","?","T","R","?","M","T","?","R","$","E","M","R","B",null,"M","M","?","M","M","R","$"],"character_chosen":"DEFECT","items_purchased":["Lantern","Self Repair","Discovery","ClockworkSouvenir","Lee\u0027s Waffle"],"campfire_rested":0,"item_purchase_floors":[2,2,11,29,41],"current_hp_per_floor":[69,69,62,67,67,67,58,65,65,65,65,57,61,67,67,9,85,79,79,79,59,59,59,59,54,54,54,54,54,28,34,34,9,85,70,61,61,32,34,34,97,0],"gold":47,"neow_bonus":"HUNDRED_GOLD","is_prod":false,"is_daily":false,"chose_seed":false,"campfire_upgraded":7,"win_rate":0,"timestamp":1535753907,"path_taken":["M","$","?","M","?","R","E","M","T","R","$","E","M","?","R","BOSS","M","?","M","?","?","R","?","M","T","?","R","$","E","M","R","BOSS","M","M","?","M","M","R","$","E"],"build_version":"2018-08-30","purchased_purges":1,"victory":false,"max_hp_per_floor":[75,75,75,75,75,75,75,75,75,75,75,85,85,85,85,85,85,85,85,85,85,85,85,85,85,85,85,85,85,85,85,85,85,85,85,85,85,90,90,90,97,97],"card_choices":[{"not_picked":["Barrage","Steam"],"picked":"Beam Cell","floor":1},{"not_picked":["Sweeping Beam","Compile Driver"],"picked":"Steam","floor":4},{"not_picked":["Buffer","FTL"],"picked":"Beam Cell","floor":7},{"not_picked":["Sunder","Cold Snap"],"picked":"Loop","floor":8},{"not_picked":["Defragment","Barrage"],"picked":"Thunder Strike","floor":12},{"not_picked":["Double Energy","Barrage"],"picked":"Defragment","floor":13},{"not_picked":["Rebound","Cold Snap"],"picked":"Melter","floor":14},{"not_picked":["Reboot","Meteor Strike"],"picked":"Electrodynamics","floor":16},{"not_picked":["Leap","Barrage"],"picked":"Ball Lightning","floor":18},{"not_picked":["Compile Driver+1","Hello World+1","Conserve Battery"],"picked":"SKIP","floor":20},{"not_picked":["Undo","Scrape","Recycle"],"picked":"SKIP","floor":25},{"not_picked":["Rebound","Leap"],"picked":"Tempest","floor":30},{"not_picked":["Compile Driver+1","Go for the Eyes","Heatsinks"],"picked":"SKIP","floor":31},{"not_picked":["Rainbow","Echo Form"],"picked":"Core Surge","floor":33},{"not_picked":["Cold Snap","Go for the Eyes"],"picked":"Steam+1","floor":35},{"not_picked":["BootSequence","Steam+1"],"picked":"Genetic Algorithm","floor":36},{"not_picked":["White Noise","Rip and Tear"],"picked":"Genetic Algorithm+1","floor":38},{"not_picked":["Turbo+1","Rebound"],"picked":"Barrage+1","floor":39}],"player_experience":88143,"relics_obtained":[{"floor":7,"key":"Bronze Scales"},{"floor":9,"key":"Anchor"},{"floor":12,"key":"Pear"},{"floor":22,"key":"Ancient Tea Set"},{"floor":26,"key":"Juzu Bracelet"},{"floor":27,"key":"Red Mask"},{"floor":30,"key":"Nunchaku"}],"event_choices":[{"event_name":"Golden Wing","player_choice":"Card Removal","floor":3,"damage_taken":0},{"event_name":"Wheel of Change","player_choice":"Card Removal","floor":5,"damage_taken":0},{"event_name":"Back to Basics","player_choice":"Elegance","floor":19,"damage_taken":0},{"event_name":"Colosseum","player_choice":"Fight","floor":21,"damage_taken":0},{"event_name":"Colosseum","player_choice":"Fled From Nobs","floor":21,"damage_taken":0},{"event_name":"Match and Keep!","player_choice":"0 cards matched","floor":24,"damage_taken":0},{"event_name":"Masked Bandits","player_choice":"Fought Bandits","floor":27,"damage_taken":0},{"event_name":"The Lab","player_choice":"Got Potions","floor":37,"damage_taken":0}],"is_beta":false,"boss_relics":[{"not_picked":["FrozenCore","White Beast Statue"],"picked":"Empty Cage"},{"not_picked":["Cursed Key","Astrolabe"],"picked":"Inserter"}],"items_purged_floors":[29],"is_endless":false,"potions_floor_spawned":[4,7,12,21,27,33,38],"killed_by":"Nemesis","ascension_level":1}