{"gold_per_floor":[113,130,230,249,249,249,260,260,309,337,337,362,42,71,71,169,169,179,65,65,77,92,92,126,126],"floor_reached":25,"playtime":976,"items_purged":["Strike_R"],"score":252,"play_id":"62f4f4a8-a191-4ec7-93f9-8777a5739417","local_time":"20181002113956","is_ascension_mode":true,"campfire_choices":[{"data":"Double Tap","floor":6,"key":"SMITH"},{"data":"Bash","floor":8,"key":"SMITH"},{"floor":11,"key":"REST"},{"floor":15,"key":"REST"},{"floor":23,"key":"REST"}],"neow_cost":"NONE","seed_source_timestamp":1252513053024830,"circlet_count":0,"master_deck":["Strike_R","Strike_R","Strike_R","Strike_R","Defend_R","Defend_R","Defend_R","Defend_R","Bash+1","Double Tap+1","Thunderclap","Rampage","Dual Wield","Armaments","Double Tap+1","True Grit"],"relics":["Burning Blood","Red Skull","Orichalcum","Strawberry","DollysMirror","Odd Mushroom","Velvet Choker","Tiny Chest","Vajra"],"potions_floor_usage":[24,24],"damage_taken":[{"damage":1,"enemies":"Cultist","floor":1,"turns":3},{"damage":2,"enemies":"2 Louse","floor":2,"turns":3},{"damage":9,"enemies":"Jaw Worm","floor":4,"turns":4},{"damage":16,"enemies":"Blue Slaver","floor":7,"turns":3},{"damage":36,"enemies":"Lagavulin","floor":10,"turns":6},{"damage":25,"enemies":"3 Sentries","floor":12,"turns":7},{"damage":33,"enemies":"The Mushroom Lair","floor":14,"turns":4},{"damage":16,"enemies":"The Guardian","floor":16,"turns":11},{"damage":6,"enemies":"Chosen","floor":18,"turns":5},{"damage":39,"enemies":"3 Byrds","floor":21,"turns":6},{"damage":36,"enemies":"Centurion and Healer","floor":22,"turns":4},{"damage":43,"enemies":"Book of Stabbing","floor":24,"turns":6},{"damage":32,"enemies":"Shelled Parasite and Fungi","floor":25,"turns":3}],"seed_played":"-6282799129598737130","potions_obtained":[{"floor":1,"key":"Strength Potion"},{"floor":7,"key":"Dexterity Potion"},{"floor":18,"key":"Dexterity Potion"}],"is_trial":false,"path_per_floor":["M","M","?","M","?","R","M","R","T","E","R","E","$","?","R","B",null,"M","$","?","M","M","R","E"],"character_chosen":"IRONCLAD","items_purchased":["Armaments","DollysMirror","Tiny Chest"],"campfire_rested":3,"item_purchase_floors":[13,13,19],"current_hp_per_floor":[80,80,80,77,77,77,67,67,67,37,61,49,49,22,48,38,87,87,87,87,54,24,50,13,0],"gold":126,"neow_bonus":"ONE_RANDOM_RARE_CARD","is_prod":false,"is_daily":false,"chose_seed":false,"campfire_upgraded":2,"win_rate":0,"timestamp":1538447996,"path_taken":["M","?","?","M","?","R","?","R","T","E","R","E","?","?","R","BOSS","M","$","?","M","M","R","E","M"],"build_version":"2018-09-27","purchased_purges":1,"victory":false,"max_hp_per_floor":[80,80,80,80,80,80,80,80,80,80,80,87,87,87,87,87,87,87,87,87,87,87,87,87,87],"card_choices":[{"not_picked":["Reckless Charge","Twin Strike"],"picked":"Thunderclap","floor":1},{"not_picked":["Clash","Twin Strike","Anger"],"picked":"SKIP","floor":2},{"not_picked":["Body Slam","Inflame"],"picked":"Rampage","floor":4},{"not_picked":["Twin Strike","Sentinel","Burning Pact"],"picked":"SKIP","floor":7},{"not_picked":["Blood for Blood","Whirlwind"],"picked":"Dual Wield","floor":10},{"not_picked":["Feel No Pain","Sword Boomerang","Anger"],"picked":"SKIP","floor":12},{"not_picked":["Body Slam","Searing Blow"],"picked":"True Grit","floor":14},{"not_picked":["Body Slam+1","Entrench+1","Wild Strike+1"],"picked":"SKIP","floor":18},{"not_picked":["Armaments+1","Body Slam","Entrench"],"picked":"SKIP","floor":21},{"not_picked":["Havoc","Headbutt+1","Bloodletting"],"picked":"SKIP","floor":22},{"not_picked":["Second Wind+1","Clash+1","Rage"],"picked":"SKIP","floor":24}],"player_experience":84644,"relics_obtained":[{"floor":9,"key":"Red Skull"},{"floor":10,"key":"Orichalcum"},{"floor":12,"key":"Strawberry"},{"floor":14,"key":"Odd Mushroom"},{"floor":24,"key":"Vajra"}],"event_choices":[{"event_name":"Golden Shrine","player_choice":"Pray","floor":3,"damage_taken":0},{"event_name":"Liars Game","player_choice":"disagreed","floor":5,"damage_taken":0},{"event_name":"Mushrooms","player_choice":"Fought Mushrooms","floor":14,"damage_taken":0},{"event_name":"Ghosts","player_choice":"Ignored","floor":20,"damage_taken":0}],"is_beta":false,"boss_relics":[{"not_picked":["Pandora\u0027s Box","Calling Bell"],"picked":"Velvet Choker"}],"items_purged_floors":[13],"is_endless":false,"potions_floor_spawned":[1,7,18],"killed_by":"Shelled Parasite and Fungi","ascension_level":2}