{"gold_per_floor":[113,113,113,113,127,171,171,202,225,243,116,76,76,109,109,234,234,249,0,20,35,35,35,60,60,84,140,176,188,218,230,242,375,387,424,460,472,509,521,549,561,598,610,279,279,294,310,326,326,326],"floor_reached":51,"playtime":3651,"items_purged":["Injury","Strike_R","Strike_R"],"score":689,"play_id":"38aa9ce7-3ea5-490b-a0fe-8b335444538e","local_time":"20181115233531","is_ascension_mode":false,"campfire_choices":[{"floor":7.0,"key":"REST"},{"floor":15.0,"key":"REST"},{"data":"Double Tap","floor":23.0,"key":"SMITH"},{"data":"Sword Boomerang","floor":25.0,"key":"SMITH"},{"data":"True Grit","floor":29.0,"key":"SMITH"},{"data":"Shockwave","floor":32.0,"key":"SMITH"},{"data":"Clothesline","floor":41.0,"key":"SMITH"},{"data":"Brutality","floor":45.0,"key":"SMITH"},{"floor":49.0,"key":"REST"}],"neow_cost":"NONE","seed_source_timestamp":978159703426700,"circlet_count":0,"master_deck":["Strike_R+1","Strike_R+1","Strike_R","Defend_R","Defend_R+1","Defend_R","Bash+1","Feel No Pain","Infernal Blade","Shrug It Off","Sword Boomerang+1","Iron Wave","Whirlwind+1","Anger","Seeing Red","Body Slam","Double Tap+1","Heavy Blade","Headbutt","Reckless Charge","Writhe","Clothesline+1","True Grit+1","Shockwave+1","Uppercut+1","Immolate","Disarm","Corruption+1","Clothesline","True Grit+1","Twin Strike+1","Brutality+1","Armaments","Ghostly Armor","Armaments+1","Sword Boomerang+1","Demon Form"],"special_seed":0,"relics":["Burning Blood","Golden Idol","Dream Catcher","Centennial Puzzle","Whetstone","Bag of Marbles","Bronze Scales","Snecko Eye","Blood Vial","Art of War","MawBank","Mummified Hand","Sozu","Blue Candle","Brimstone"],"potions_floor_usage":[50],"damage_taken":[{"damage":1.0,"enemies":"Cultist","floor":1.0,"turns":3.0},{"damage":0.0,"enemies":"Small Slimes","floor":5.0,"turns":3.0},{"damage":53.0,"enemies":"Lagavulin","floor":6.0,"turns":8.0},{"damage":10.0,"enemies":"Gremlin Nob","floor":8.0,"turns":3.0},{"damage":3.0,"enemies":"2 Louse","floor":10.0,"turns":2.0},{"damage":23.0,"enemies":"Lagavulin","floor":14.0,"turns":4.0},{"damage":43.0,"enemies":"The Guardian","floor":16.0,"turns":9.0},{"damage":20.0,"enemies":"2 Thieves","floor":18.0,"turns":3.0},{"damage":10.0,"enemies":"Chosen","floor":20.0,"turns":2.0},{"damage":5.0,"enemies":"Shelled Parasite and Fungi","floor":21.0,"turns":3.0},{"damage":24.0,"enemies":"Snake Plant","floor":24.0,"turns":3.0},{"damage":17.0,"enemies":"Gremlin Leader","floor":27.0,"turns":5.0},{"damage":15.0,"enemies":"Centurion and Healer","floor":28.0,"turns":7.0},{"damage":6.0,"enemies":"Cultist and Chosen","floor":30.0,"turns":4.0},{"damage":38.0,"enemies":"Automaton","floor":33.0,"turns":8.0},{"damage":0.0,"enemies":"3 Darklings","floor":35.0,"turns":3.0},{"damage":1.0,"enemies":"3 Shapes","floor":36.0,"turns":1.0},{"damage":0.0,"enemies":"Transient","floor":38.0,"turns":5.0},{"damage":2.0,"enemies":"Spire Growth","floor":40.0,"turns":4.0},{"damage":34.0,"enemies":"3 Darklings","floor":42.0,"turns":3.0},{"damage":15.0,"enemies":"Maw","floor":46.0,"turns":5.0},{"damage":18.0,"enemies":"Spire Growth","floor":47.0,"turns":3.0},{"damage":4.0,"enemies":"Transient","floor":48.0,"turns":5.0},{"damage":16,"enemies":"Awakened One","floor":50,"turns":6}],"seed_played":"-5735636902672614875","potions_obtained":[{"floor":5.0,"key":"EssenceOfSteel"},{"floor":6.0,"key":"SkillPotion"},{"floor":14.0,"key":"Regen Potion"},{"floor":18.0,"key":"Dexterity Potion"},{"floor":21.0,"key":"Strength Potion"},{"floor":30.0,"key":"Energy Potion"}],"is_trial":false,"path_per_floor":["M","?","?","?","M","E","R","E","T","M","$","?","?","E","R","B",null,"M","$","M","M","?","R","M","R","T","E","M","R","M","?","R","B",null,"M","M","?","M","?","M","R","M","T","$","R","M","M","M","R","B",null],"character_chosen":"IRONCLAD","items_purchased":["Anger","Blood Vial","Brimstone","Armaments"],"campfire_rested":3,"item_purchase_floors":[11,19,44,44],"current_hp_per_floor":[88,88,70,58,64,17,43,39,39,42,42,42,42,25,51,14,88,74,74,72,75,75,75,59,59,59,50,43,43,57,57,57,27,88,88,88,88,88,88,88,88,60,60,60,60,53,43,47,73,65],"gold":326,"neow_bonus":"TEN_PERCENT_HP_BONUS","is_prod":false,"is_daily":false,"chose_seed":false,"campfire_upgraded":6,"win_rate":0,"timestamp":1542353731,"path_taken":["M","?","?","?","M","E","R","E","T","?","$","?","?","E","R","BOSS","M","?","M","M","?","R","M","R","T","E","M","R","M","?","R","BOSS","M","?","?","M","?","M","R","M","T","$","R","?","M","M","R","BOSS"],"build_version":"2018-11-15","purchased_purges":3,"victory":true,"max_hp_per_floor":[88,88,88,88,88,88,88,88,88,88,88,88,88,88,88,88,88,88,88,88,88,88,88,88,88,88,88,88,88,88,88,88,88,88,88,88,88,88,88,88,88,88,88,88,88,88,88,88,88,88],"card_choices":[{"not_picked":["Shrug It Off","Sword Boomerang"],"picked":"Feel No Pain","floor":1.0},{"not_picked":["Perfected Strike","Anger"],"picked":"Infernal Blade","floor":5.0},{"not_picked":["Dropkick","Sword Boomerang"],"picked":"Shrug It Off","floor":6.0},{"not_picked":["Cleave","Havoc"],"picked":"Sword Boomerang","floor":7.0},{"not_picked":["Feel No Pain","Clash"],"picked":"Iron Wave","floor":8.0},{"not_picked":["Immolate","Clothesline"],"picked":"Whirlwind","floor":10.0},{"not_picked":["Sever Soul","Burning Pact"],"picked":"Seeing Red","floor":14.0},{"not_picked":["Sentinel","Flex"],"picked":"Body Slam","floor":15.0},{"not_picked":["Barricade","Bludgeon"],"picked":"Double Tap","floor":16.0},{"not_picked":["Thunderclap","Battle Trance"],"picked":"Heavy Blade","floor":18.0},{"not_picked":["Perfected Strike","Body Slam"],"picked":"Headbutt","floor":20.0},{"not_picked":["Flex","Hemokinesis"],"picked":"Reckless Charge","floor":21.0},{"not_picked":["Armaments","Fire Breathing"],"picked":"Clothesline","floor":24.0},{"not_picked":["Cleave","Perfected Strike"],"picked":"True Grit","floor":27.0},{"not_picked":["Reckless Charge","Cleave"],"picked":"Shockwave","floor":28.0},{"not_picked":["Cleave","Metallicize"],"picked":"Uppercut+1","floor":30.0},{"not_picked":["Barricade","Dark Embrace"],"picked":"Immolate","floor":33.0},{"not_picked":["Iron Wave+1","Thunderclap"],"picked":"Disarm","floor":35.0},{"not_picked":["Thunderclap+1","Headbutt+1"],"picked":"Corruption+1","floor":36.0},{"not_picked":["Wild Strike","Headbutt+1"],"picked":"Clothesline","floor":38.0},{"not_picked":["Combust+1","Perfected Strike"],"picked":"Twin Strike+1","floor":40.0},{"not_picked":["Thunderclap+1","Feel No Pain"],"picked":"Brutality","floor":42.0},{"not_picked":["Flex","Pommel Strike"],"picked":"Ghostly Armor","floor":46.0},{"not_picked":["Clothesline+1","Bloodletting+1"],"picked":"Armaments+1","floor":47.0},{"not_picked":["Disarm","Clash"],"picked":"Sword Boomerang+1","floor":48.0},{"not_picked":["Wild Strike","Perfected Strike"],"picked":"Demon Form","floor":49.0}],"player_experience":638688,"relics_obtained":[{"floor":6.0,"key":"Centennial Puzzle"},{"floor":8.0,"key":"Whetstone"},{"floor":9.0,"key":"Bag of Marbles"},{"floor":14.0,"key":"Bronze Scales"},{"floor":26.0,"key":"MawBank"},{"floor":27.0,"key":"Mummified Hand"},{"floor":43.0,"key":"Blue Candle"}],"event_choices":[{"damage_healed":0.0,"max_hp_gain":0.0,"max_hp_loss":0.0,"gold_gain":0.0,"event_name":"Golden Idol","player_choice":"Take Wound","floor":2.0,"gold_loss":0.0,"damage_taken":0.0,"relics_obtained":["Golden Idol"],"cards_obtained":["Injury"]},{"damage_healed":0.0,"max_hp_gain":0.0,"max_hp_loss":0.0,"gold_gain":0.0,"event_name":"Shining Light","player_choice":"Entered Light","floor":3.0,"gold_loss":0.0,"damage_taken":18.0,"cards_upgraded":["Defend_R","Strike_R"]},{"damage_healed":0.0,"max_hp_gain":0.0,"max_hp_loss":0.0,"gold_gain":0.0,"event_name":"Scrap Ooze","player_choice":"Success","floor":4.0,"gold_loss":0.0,"damage_taken":12.0,"relics_obtained":["Dream Catcher"]},{"damage_healed":0.0,"max_hp_gain":0.0,"max_hp_loss":0.0,"gold_gain":0.0,"event_name":"World of Goop","player_choice":"Left Gold","floor":12.0,"gold_loss":40.0,"damage_taken":0.0},{"damage_healed":0.0,"max_hp_gain":0.0,"max_hp_loss":0.0,"gold_gain":0.0,"event_name":"Upgrade Shrine","player_choice":"Upgraded","floor":13.0,"gold_loss":0.0,"damage_taken":0.0,"cards_upgraded":["Whirlwind"]},{"damage_healed":0.0,"max_hp_gain":0.0,"max_hp_loss":0.0,"gold_gain":0.0,"event_name":"The Mausoleum","player_choice":"Opened","floor":22.0,"gold_loss":0.0,"damage_taken":0.0,"relics_obtained":["Art of War"],"cards_obtained":["Writhe"]},{"damage_healed":0.0,"max_hp_gain":0.0,"max_hp_loss":0.0,"gold_gain":0.0,"event_name":"The Woman in Blue","player_choice":"Bought 0 Potions","floor":31.0,"gold_loss":0.0,"damage_taken":0.0},{"cards_removed":["Defend_R"],"damage_healed":0.0,"max_hp_gain":0.0,"max_hp_loss":0.0,"gold_gain":0.0,"event_name":"Falling","player_choice":"Removed Skill","floor":37.0,"gold_loss":0.0,"damage_taken":0.0},{"damage_healed":0.0,"max_hp_gain":0.0,"max_hp_loss":0.0,"gold_gain":0.0,"event_name":"Duplicator","player_choice":"Copied","floor":39.0,"gold_loss":0.0,"damage_taken":0.0,"cards_obtained":["True Grit"]}],"is_beta":false,"boss_relics":[{"not_picked":["Calling Bell","Coffee Dripper"],"picked":"Snecko Eye"},{"not_picked":["Runic Dome","Busted Crown"],"picked":"Sozu"}],"items_purged_floors":[11,19,44],"is_endless":false,"potions_floor_spawned":[5,6,14,18,21,30,36,38,42,46,48],"ascension_level":0}