{"gold_per_floor":[110,124,199,199,216,216,245,245,245,245],"floor_reached":10,"playtime":230,"items_purged":[],"score":132,"play_id":"b276f14c-1e1b-492c-a08c-9610d16c096d","local_time":"20181214024206","is_ascension_mode":true,"campfire_choices":[{"data":"Bash","floor":6,"key":"SMITH"},{"floor":8,"key":"REST"}],"neow_cost":"NONE","seed_source_timestamp":30938667704505,"circlet_count":0,"master_deck":["AscendersBane","Strike_R","Strike_R","Strike_R","Strike_R","Strike_R","Defend_R","Defend_R","Defend_R","Defend_R","Bash+1","True Grit","Headbutt","Dropkick","Iron Wave"],"relics":["Burning Blood","Bag of Preparation","Bag of Marbles","Self Forming Clay"],"potions_floor_usage":[10,10],"damage_taken":[{"damage":7,"enemies":"Cultist","floor":1,"turns":4},{"damage":13,"enemies":"Small Slimes","floor":2,"turns":4},{"damage":9,"enemies":"2 Louse","floor":5,"turns":2},{"damage":43,"enemies":"Lagavulin","floor":7,"turns":8},{"damage":40,"enemies":"3 Sentries","floor":10,"turns":8}],"seed_played":"6286255730755853027","potions_obtained":[{"floor":5,"key":"GamblersBrew"},{"floor":7,"key":"Swift Potion"}],"is_trial":false,"path_per_floor":["M","M","?","?","M","R","E","R","T","E"],"character_chosen":"IRONCLAD","items_purchased":[],"campfire_rested":1,"item_purchase_floors":[],"current_hp_per_floor":[67,60,49,49,46,46,9,31,31,0],"gold":245,"neow_bonus":"RANDOM_COMMON_RELIC","is_prod":false,"is_daily":false,"chose_seed":false,"campfire_upgraded":1,"win_rate":0,"timestamp":1544722926,"path_taken":["M","?","?","?","M","R","E","R","T","E"],"build_version":"2018-12-06","purchased_purges":0,"victory":false,"max_hp_per_floor":[75,75,75,75,75,75,75,75,75,75],"card_choices":[{"not_picked":["Infernal Blade","Flex"],"picked":"True Grit","floor":1},{"not_picked":["Entrench","Flex"],"picked":"Headbutt","floor":2},{"not_picked":["Warcry","Heavy Blade"],"picked":"Dropkick","floor":5},{"not_picked":["Havoc","Warcry"],"picked":"Iron Wave","floor":7}],"player_experience":790122,"relics_obtained":[{"floor":7,"key":"Bag of Marbles"},{"floor":9,"key":"Self Forming Clay"}],"event_choices":[{"damage_healed":0,"gold_gain":75,"player_choice":"Gather Gold","damage_taken":11,"max_hp_gain":0,"max_hp_loss":0,"event_name":"World of Goop","floor":3,"gold_loss":0},{"damage_healed":0,"gold_gain":0,"player_choice":"Ignored","damage_taken":0,"max_hp_gain":0,"max_hp_loss":0,"event_name":"Golden Idol","floor":4,"gold_loss":0}],"is_beta":false,"boss_relics":[],"items_purged_floors":[],"is_endless":false,"potions_floor_spawned":[5,7],"killed_by":"3 Sentries","ascension_level":20}