{"gold_per_floor":[119,138,148,77,97,131,142,142,142,142,176,176,188,205,205,309,359,377,392,41,41,41,41,72,72,72,85,95,130,176,208,208,303,303,315,19,19,36,52,52,52,81,132,132,161,161,161,176,176,176],"floor_reached":51,"playtime":7311,"items_purged":[],"score":877,"play_id":"0b45dc34-daf8-4c2c-82d6-16bfb809d4e2","local_time":"20190212143905","is_ascension_mode":false,"campfire_choices":[{"data":"Noxious Fumes","floor":8,"key":"SMITH"},{"data":"Noxious Fumes","floor":10,"key":"SMITH"},{"data":"Footwork","floor":15,"key":"SMITH"},{"data":"Adrenaline","floor":23,"key":"SMITH"},{"data":"Venomology","floor":25,"key":"SMITH"},{"floor":32,"key":"REST"},{"data":"Terror","floor":40,"key":"SMITH"},{"floor":44,"key":"REST"},{"data":"Terror","floor":47,"key":"SMITH"},{"data":"Cloak And Dagger","floor":49,"key":"SMITH"}],"neow_cost":"NONE","seed_source_timestamp":97118229573874,"circlet_count":0,"master_deck":["Defend_G","Defend_G","Defend_G","Defend_G","Defend_G","Strike_G","Strike_G","Strike_G","Strike_G","Survivor","Neutralize","Acrobatics","Footwork+1","Cloak And Dagger+1","Noxious Fumes+1","Well Laid Plans","Noxious Fumes+1","Tools of the Trade","Deflect","Venomology+1","Flying Knee+1","Bane+1","Adrenaline+1","Bane","Terror+1","Outmaneuver+1","RitualDagger+1","Deflect","Terror+1","PiercingWail","Blur+1","Prepared+1","Glass Knife","Flying Knee+1","Footwork+1","Cloak And Dagger+1","Deflect+1","Cloak And Dagger+1","Quick Slash","Blur+1"],"relics":["Ring of the Serpent","Strawberry","Matryoshka","Pear","Tiny House","TheAbacus","Centennial Puzzle","MutagenicStrength","Ornamental Fan","Meat on the Bone","Darkstone Periapt","Juzu Bracelet","Toxic Egg 2","Lantern","Happy Flower","Blood Vial","Anchor","Oddly Smooth Stone","Regal Pillow","Whetstone"],"potions_floor_usage":[11,11,14,16,16,16,16,24,27,28,29,29,31,31,33,33,35,39,41,41,42,45,48,50,50,50,50],"damage_taken":[{"damage":7,"enemies":"Jaw Worm","floor":1,"turns":13},{"damage":0,"enemies":"Small Slimes","floor":2,"turns":5},{"damage":0,"enemies":"Cultist","floor":3,"turns":4},{"damage":1,"enemies":"3 Louse","floor":5,"turns":4},{"damage":0,"enemies":"Lagavulin","floor":6,"turns":8},{"damage":2,"enemies":"Blue Slaver","floor":7,"turns":6},{"damage":0,"enemies":"3 Sentries","floor":11,"turns":7},{"damage":3,"enemies":"2 Fungi Beasts","floor":13,"turns":5},{"damage":6,"enemies":"Exordium Wildlife","floor":14,"turns":9},{"damage":26,"enemies":"Hexaghost","floor":16,"turns":8},{"damage":8,"enemies":"Spheric Guardian","floor":18,"turns":6},{"damage":0,"enemies":"Chosen","floor":19,"turns":6},{"damage":11,"enemies":"Gremlin Leader","floor":24,"turns":6},{"damage":17,"enemies":"Centurion and Healer","floor":27,"turns":7},{"damage":11,"enemies":"Snake Plant","floor":28,"turns":4},{"damage":4,"enemies":"Book of Stabbing","floor":29,"turns":6},{"damage":39,"enemies":"Slavers","floor":31,"turns":6},{"damage":0,"enemies":"Champ","floor":33,"turns":12},{"damage":4,"enemies":"Orb Walker","floor":35,"turns":5},{"damage":6,"enemies":"3 Darklings","floor":38,"turns":6},{"damage":0,"enemies":"Sphere and 2 Shapes","floor":39,"turns":6},{"damage":0,"enemies":"Jaw Worm Horde","floor":41,"turns":3},{"damage":28,"enemies":"Nemesis","floor":42,"turns":7},{"damage":2,"enemies":"Giant Head","floor":45,"turns":9},{"damage":0,"enemies":"3 Darklings","floor":48,"turns":9},{"damage":20,"enemies":"Donu and Deca","floor":50,"turns":10}],"seed_played":"2993484878000180062","potions_obtained":[{"floor":1,"key":"SkillPotion"},{"floor":2,"key":"GhostInAJar"},{"floor":11,"key":"Regen Potion"},{"floor":13,"key":"Regen Potion"},{"floor":17,"key":"Weak Potion"},{"floor":19,"key":"Dexterity Potion"},{"floor":35,"key":"SmokeBomb"},{"floor":38,"key":"Block Potion"},{"floor":42,"key":"Block Potion"}],"is_trial":false,"path_per_floor":["M","M","M","$","M","E","M","R","T","R","E","?","M","M","R","B",null,"M","M","$","?","?","R","E","R","T","M","M","E","T","E","R","B",null,"M","$","?","M","M","R","M","E","T","R","E","?","R","M","R","B",null],"character_chosen":"THE_SILENT","items_purchased":["Well Laid Plans","TheAbacus","Centennial Puzzle","Blood Vial","Anchor"],"campfire_rested":2,"item_purchase_floors":[4,20,20,36,36],"current_hp_per_floor":[63,63,63,63,62,69,67,67,67,67,77,82,79,88,88,72,97,89,89,89,89,83,83,72,72,72,55,56,52,52,25,54,54,97,93,93,93,89,91,91,93,67,67,97,95,95,95,97,97,77],"gold":176,"neow_bonus":"TRANSFORM_CARD","is_prod":false,"is_daily":false,"chose_seed":false,"campfire_upgraded":8,"win_rate":0.0,"timestamp":1549996745,"path_taken":["M","M","M","$","M","E","M","R","T","R","E","?","M","M","R","BOSS","M","M","$","?","?","R","E","R","T","M","M","E","?","E","R","BOSS","M","$","?","M","M","R","M","E","T","R","E","?","R","M","R","BOSS"],"build_version":"2019-01-23","purchased_purges":0,"victory":true,"max_hp_per_floor":[70,70,70,70,70,77,77,77,77,77,87,92,92,92,92,92,97,97,97,97,97,97,97,97,97,97,97,97,97,97,97,97,97,97,97,97,97,97,97,97,97,97,97,97,97,97,97,97,97,97],"card_choices":[{"not_picked":["Prepared","Slice"],"picked":"Footwork","floor":1},{"not_picked":["Calculated Gamble","Masterful Stab"],"picked":"Cloak And Dagger","floor":2},{"not_picked":["Riddle With Holes","Deadly Poison"],"picked":"Noxious Fumes","floor":3},{"not_picked":["Acrobatics","Deflect"],"picked":"Noxious Fumes","floor":5},{"not_picked":["Endless Agony","Slice"],"picked":"Tools of the Trade","floor":6},{"not_picked":["Outmaneuver","Accuracy"],"picked":"Deflect","floor":7},{"not_picked":["Bouncing Flask","Accuracy"],"picked":"Venomology","floor":11},{"not_picked":["Backflip","Blade Dance"],"picked":"Flying Knee","floor":13},{"not_picked":["Footwork","Poisoned Stab"],"picked":"Bane","floor":14},{"not_picked":["Die Die Die","Phantasmal Killer"],"picked":"Adrenaline","floor":16},{"not_picked":["Quick Slash","Sucker Punch"],"picked":"Bane","floor":17},{"not_picked":["Flechettes","Backstab"],"picked":"Terror","floor":18},{"not_picked":["Bane+1","Deadly Poison"],"picked":"Outmaneuver+1","floor":19},{"not_picked":["Deadly Poison","Caltrops"],"picked":"Deflect","floor":24},{"not_picked":["Bouncing Flask","Dodge and Roll"],"picked":"Terror","floor":27},{"not_picked":["Deadly Poison","Phantasmal Killer"],"picked":"PiercingWail","floor":28},{"not_picked":["Riddle With Holes","Eviscerate"],"picked":"Blur+1","floor":29},{"not_picked":["Terror+1","Flechettes+1"],"picked":"Prepared+1","floor":31},{"not_picked":["Night Terror+1","Venomology+1"],"picked":"Glass Knife","floor":33},{"not_picked":["Acrobatics+1","Deflect+1"],"picked":"Flying Knee+1","floor":35},{"not_picked":["Quick Slash","Flying Knee"],"picked":"Cloak And Dagger+1","floor":38},{"not_picked":["Skewer","Slice"],"picked":"Deflect+1","floor":39},{"not_picked":["Choke","Leg Sweep+1"],"picked":"Cloak And Dagger+1","floor":42},{"not_picked":["Slice","Dash+1"],"picked":"Quick Slash","floor":45},{"not_picked":["Crippling Poison+1","Blade Dance+1"],"picked":"Blur+1","floor":48}],"player_experience":16285,"relics_obtained":[{"floor":6,"key":"Strawberry"},{"floor":9,"key":"Matryoshka"},{"floor":11,"key":"Pear"},{"floor":24,"key":"Ornamental Fan"},{"floor":26,"key":"Meat on the Bone"},{"floor":26,"key":"Darkstone Periapt"},{"floor":29,"key":"Juzu Bracelet"},{"floor":30,"key":"Toxic Egg 2"},{"floor":30,"key":"Lantern"},{"floor":31,"key":"Happy Flower"},{"floor":42,"key":"Oddly Smooth Stone"},{"floor":43,"key":"Regal Pillow"},{"floor":45,"key":"Whetstone"}],"event_choices":[{"damage_healed":0,"gold_gain":0,"player_choice":"Donut","damage_taken":0,"max_hp_gain":5,"max_hp_loss":0,"event_name":"Big Fish","floor":12,"gold_loss":0},{"damage_healed":0,"gold_gain":0,"player_choice":"Inject Mutagens","damage_taken":0,"relics_obtained":["MutagenicStrength"],"max_hp_gain":0,"max_hp_loss":0,"event_name":"Drug Dealer","floor":21,"gold_loss":0},{"damage_healed":0,"gold_gain":0,"player_choice":"Joined the Cult","damage_taken":6,"max_hp_gain":0,"max_hp_loss":0,"event_name":"Nest","floor":22,"gold_loss":0,"cards_obtained":["RitualDagger"]},{"damage_healed":0,"gold_gain":0,"player_choice":"Copied","damage_taken":0,"max_hp_gain":0,"max_hp_loss":0,"event_name":"Duplicator","floor":37,"gold_loss":0,"cards_obtained":["Footwork"]},{"damage_healed":0,"gold_gain":0,"player_choice":"Ignored","damage_taken":0,"max_hp_gain":0,"max_hp_loss":0,"event_name":"Mysterious Sphere","floor":46,"gold_loss":0}],"is_beta":false,"boss_relics":[{"not_picked":["Orrery","Busted Crown"],"picked":"Tiny House"},{"not_picked":["Snecko Eye","Runic Pyramid"],"picked":"Ring of the Serpent"}],"items_purged_floors":[],"is_endless":false,"potions_floor_spawned":[1,2,11,13,19,28,35,38,41,42],"ascension_level":0}