{"gold_per_floor":[15,15,90,90,40,40,51,51,99,99],"floor_reached":10,"playtime":338,"items_purged":[],"score":57,"play_id":"f7339f5b-b9bb-4eab-b975-a5eec382d0bf","local_time":"20181112190153","is_ascension_mode":true,"campfire_choices":[{"data":"Sucker Punch","floor":6,"key":"SMITH"},{"data":"Grand Finale","floor":8,"key":"SMITH"}],"neow_cost":"NO_GOLD","seed_source_timestamp":618583858168301,"circlet_count":0,"master_deck":["Defend_G","Defend_G","Defend_G","Defend_G","Defend_G","Strike_G","Strike_G","Strike_G","Survivor","Neutralize","Grand Finale+1","Sucker Punch+1","Regret"],"relics":["Ring of the Snake","Omamori","Happy Flower"],"potions_floor_usage":[],"damage_taken":[{"damage":0,"enemies":"Small Slimes","floor":1,"turns":3},{"damage":5,"enemies":"Jaw Worm","floor":7,"turns":6},{"damage":39,"enemies":"Lagavulin Event","floor":10,"turns":11}],"seed_played":"8340424533436576937","potions_obtained":[],"is_trial":false,"path_per_floor":["M","?","?","?","?","R","M","R","T","?"],"character_chosen":"THE_SILENT","items_purchased":[],"campfire_rested":0,"item_purchase_floors":[],"current_hp_per_floor":[70,70,59,59,59,59,54,54,54,15],"gold":99,"neow_bonus":"THREE_RARE_CARDS","is_prod":false,"is_daily":false,"chose_seed":false,"campfire_upgraded":2,"win_rate":0,"timestamp":1542011513,"path_taken":["M","?","?","?","?","R","?","R","T","?"],"build_version":"2018-11-08","purchased_purges":0,"victory":false,"max_hp_per_floor":[70,70,70,70,70,70,70,70,70,70],"card_choices":[{"not_picked":["Wraith Form v2","Venomology"],"picked":"Grand Finale","floor":0},{"not_picked":["PiercingWail","Cloak And Dagger"],"picked":"Sucker Punch","floor":1},{"not_picked":["Acrobatics","Blur","Leg Sweep"],"picked":"SKIP","floor":7}],"player_experience":395270,"relics_obtained":[{"floor":9,"key":"Happy Flower"}],"event_choices":[{"cards_removed":["Strike_G"],"damage_healed":0,"gold_gain":0,"player_choice":"Forget","damage_taken":0,"max_hp_gain":0,"max_hp_loss":0,"event_name":"Living Wall","floor":2,"gold_loss":0},{"damage_healed":0,"gold_gain":75,"player_choice":"Gather Gold","damage_taken":11,"max_hp_gain":0,"max_hp_loss":0,"event_name":"World of Goop","floor":3,"gold_loss":0},{"damage_healed":0,"gold_gain":0,"player_choice":"Box","damage_taken":0,"relics_obtained":["Omamori"],"max_hp_gain":0,"max_hp_loss":0,"event_name":"Big Fish","floor":4,"gold_loss":0,"cards_obtained":["Regret"]},{"cards_removed":["Strike_G"],"damage_healed":0,"gold_gain":0,"player_choice":"Card Removal","damage_taken":0,"max_hp_gain":0,"max_hp_loss":0,"event_name":"The Cleric","floor":5,"gold_loss":50},{"damage_healed":0,"gold_gain":0,"player_choice":"Searched \u00271\u0027 times","damage_taken":0,"max_hp_gain":0,"max_hp_loss":0,"event_name":"Dead Adventurer","floor":10,"gold_loss":0}],"is_beta":false,"boss_relics":[],"items_purged_floors":[],"is_endless":false,"potions_floor_spawned":[],"killed_by":"Lagavulin Event","ascension_level":1}