{"gold_per_floor":[363,363,363,383,70,101,101,127,127,127],"floor_reached":10,"playtime":1046,"items_purged":["Regret"],"score":130,"play_id":"7fc42549-6f37-4b09-bd4a-405ca2a9a5aa","local_time":"20181017155345","is_ascension_mode":true,"campfire_choices":[{"floor":7,"key":"REST"}],"neow_cost":"TEN_PERCENT_HP_LOSS","seed_source_timestamp":0,"circlet_count":0,"master_deck":["Strike_R","Strike_R","Strike_R","Strike_R","Strike_R","Defend_R","Defend_R","Defend_R","Defend_R","Bash","AscendersBane","Headbutt","True Grit","Reaper","Disarm"],"special_seed":0,"relics":["Burning Blood","Champion Belt","Membership Card","MawBank","Potion Belt","Dream Catcher","Paper Frog"],"potions_floor_usage":[10],"damage_taken":[{"damage":5.0,"enemies":"Small Slimes","floor":1.0,"turns":5.0},{"damage":7.0,"enemies":"Cultist","floor":4.0,"turns":3.0},{"damage":43.0,"enemies":"3 Sentries","floor":6.0,"turns":13.0},{"damage":37,"enemies":"Gremlin Nob","floor":8,"turns":5},{"damage":39,"enemies":"Lagavulin","floor":10,"turns":7}],"seed_played":"-4124842147172868972","potions_obtained":[{"floor":4.0,"key":"GamblersBrew"},{"floor":8,"key":"AttackPotion"}],"is_trial":false,"path_per_floor":["M","?","?","M","$","E","R","E","T"],"character_chosen":"IRONCLAD","items_purchased":["Membership Card","MawBank"],"campfire_rested":1,"item_purchase_floors":[5,5],"current_hp_per_floor":[68,68,68,67,67,30,50,25,25,0],"gold":127,"neow_bonus":"TWO_FIFTY_GOLD","is_prod":false,"is_daily":false,"chose_seed":false,"campfire_upgraded":0,"win_rate":0,"timestamp":1539780825,"path_taken":["M","?","?","M","$","E","R","E","T","E"],"build_version":"2018-10-11","purchased_purges":1,"victory":false,"max_hp_per_floor":[68,68,68,68,68,68,68,68,68,68],"card_choices":[{"not_picked":["Armaments","Warcry"],"picked":"Headbutt","floor":1.0},{"not_picked":["Havoc","Armaments"],"picked":"True Grit","floor":4.0},{"not_picked":["Armaments","Warcry"],"picked":"Reaper","floor":6.0},{"not_picked":["Bludgeon","Combust"],"picked":"Disarm","floor":8}],"player_experience":827837,"relics_obtained":[{"floor":6.0,"key":"Potion Belt"},{"floor":8,"key":"Dream Catcher"},{"floor":9,"key":"Paper Frog"}],"event_choices":[{"event_name":"Match and Keep!","player_choice":"0 cards matched","floor":2.0,"damage_taken":0.0},{"event_name":"Big Fish","player_choice":"Box","floor":3.0,"damage_taken":0.0}],"is_beta":false,"boss_relics":[],"items_purged_floors":[5],"is_endless":false,"potions_floor_spawned":[4,8],"killed_by":"Lagavulin","ascension_level":15}