{"gold_per_floor":[115,126,137,212,225,236,236,251,251,280,280,294,323,71,71,167,167,182,193,193,210,210,238,249,249,276,276,295,314,344,344,344,440,440,457,316,316,333,25,25,42,42,72,84,96,96,109,143,143,143],"floor_reached":51,"playtime":2581,"items_purged":["Defend_G"],"score":808,"play_id":"2a704193-1321-4288-b0a3-3eb226f99791","local_time":"20181116003756","is_ascension_mode":false,"campfire_choices":[{"floor":7,"key":"REST"},{"floor":15,"key":"REST"},{"data":"Terror","floor":25,"key":"SMITH"},{"floor":27,"key":"REST"},{"data":"Cloak And Dagger","floor":32,"key":"SMITH"},{"data":"Neutralize","floor":40,"key":"SMITH"},{"data":"Blur","floor":46,"key":"SMITH"},{"data":"Backflip","floor":49,"key":"SMITH"}],"neow_cost":"TEN_PERCENT_HP_LOSS","seed_source_timestamp":982978194456800,"circlet_count":0,"master_deck":["Defend_G","Defend_G","Defend_G","Defend_G","Survivor","Neutralize+1","Backstab","Poisoned Stab","Terror+1","Cloak And Dagger+1","Corpse Explosion","Backstab","Backflip+1","Backstab+1","Glass Knife+1","Backflip+1","RitualDagger+1","Poisoned Stab+1","Flechettes+1","Bite+1","Bite+1","Bite+1","Bite+1","Bite+1","Terror+1","Dark Shackles","Backstab+1","Blur+1","Infinite Blades+1","Dark Shackles","Cloak And Dagger+1","Cloak And Dagger+1"],"special_seed":0,"relics":["Ring of the Snake","Bird Faced Urn","Bottled Lightning","Strawberry","NlothsMask","Molten Egg 2","Shuriken","Busted Crown","Ginger","Smiling Mask","Letter Opener","White Beast Statue","Bag of Preparation","Tiny Chest","Ornamental Fan"],"potions_floor_usage":[16,21,33,33,47,50,50,50],"damage_taken":[{"damage":6.0,"enemies":"Jaw Worm","floor":1.0,"turns":6.0},{"damage":0.0,"enemies":"Small Slimes","floor":2.0,"turns":2.0},{"damage":0.0,"enemies":"Cultist","floor":3.0,"turns":3.0},{"damage":1.0,"enemies":"2 Fungi Beasts","floor":5.0,"turns":4.0},{"damage":2,"enemies":"Exordium Wildlife","floor":6,"turns":4},{"damage":2,"enemies":"3 Louse","floor":8,"turns":3},{"damage":7,"enemies":"Gremlin Nob","floor":10,"turns":3},{"damage":3,"enemies":"2 Fungi Beasts","floor":12,"turns":3},{"damage":18,"enemies":"3 Sentries","floor":13,"turns":5},{"damage":3,"enemies":"Slime Boss","floor":16,"turns":6},{"damage":5,"enemies":"2 Thieves","floor":18,"turns":2},{"damage":2,"enemies":"Shell Parasite","floor":19,"turns":2},{"damage":3,"enemies":"Centurion and Healer","floor":21,"turns":2},{"damage":18,"enemies":"Gremlin Leader","floor":23,"turns":3},{"damage":0,"enemies":"Snecko","floor":24,"turns":2},{"damage":0,"enemies":"Snake Plant","floor":28,"turns":2},{"damage":4,"enemies":"Centurion and Healer","floor":29,"turns":4},{"damage":7,"enemies":"Slavers","floor":30,"turns":3},{"damage":44,"enemies":"Automaton","floor":33,"turns":8},{"damage":0,"enemies":"Orb Walker","floor":35,"turns":1},{"damage":0,"enemies":"3 Shapes","floor":38,"turns":3},{"damage":0,"enemies":"Sphere and 2 Shapes","floor":41,"turns":2},{"damage":0,"enemies":"Transient","floor":44,"turns":5},{"damage":0,"enemies":"4 Shapes","floor":45,"turns":2},{"damage":0,"enemies":"Maw","floor":47,"turns":3},{"damage":1,"enemies":"Giant Head","floor":48,"turns":4},{"damage":40,"enemies":"Time Eater","floor":50,"turns":7}],"seed_played":"-6064000504274156195","potions_obtained":[{"floor":1.0,"key":"AttackPotion"},{"floor":3.0,"key":"Energy Potion"},{"floor":10,"key":"Regen Potion"},{"floor":16,"key":"Dexterity Potion"},{"floor":21,"key":"Dexterity Potion"},{"floor":24,"key":"Weak Potion"},{"floor":28,"key":"SteroidPotion"},{"floor":35,"key":"Ancient Potion"},{"floor":38,"key":"Block Potion"},{"floor":41,"key":"Fire Potion"},{"floor":45,"key":"LiquidBronze"},{"floor":47,"key":"SteroidPotion"}],"is_trial":false,"path_per_floor":["M","M","M","?","M","M","R","M","T","E","?","M","E","$","R","B",null,"M","M","?","M","T","E","M","R","T","R","M","M","E","?","R","B",null,"M","$","?","M","$","R","M","?","T","M","M","R","M","E","R","B",null],"character_chosen":"THE_SILENT","items_purchased":["Shuriken","Dark Shackles","Backstab+1","Bag of Preparation","Blur"],"campfire_rested":3,"item_purchase_floors":[14,36,39,39,39],"current_hp_per_floor":[57,57,57,46,45,43,61,59,59,59,59,56,38,38,59,56,70,65,63,57,54,54,36,36,36,36,57,57,53,46,46,46,20,49,49,49,49,49,49,49,49,49,49,49,49,49,49,49,49,9],"gold":143,"neow_bonus":"ONE_RARE_RELIC","is_prod":false,"is_daily":false,"chose_seed":false,"campfire_upgraded":5,"win_rate":0,"timestamp":1542357476,"path_taken":["M","M","M","?","M","M","R","M","T","E","?","M","E","$","R","BOSS","M","?","?","M","?","E","M","R","T","R","M","M","E","?","R","BOSS","M","$","?","M","$","R","M","?","T","M","M","R","M","E","R","BOSS"],"build_version":"2018-11-15","purchased_purges":1,"victory":true,"max_hp_per_floor":[63,63,63,63,63,63,63,63,63,70,70,70,70,70,70,70,70,70,70,70,70,70,70,70,70,70,70,70,70,70,49,49,49,49,49,49,49,49,49,49,49,49,49,49,49,49,49,49,49,49],"card_choices":[{"not_picked":["Underhanded Strike","Choke"],"picked":"Backstab","floor":1.0},{"not_picked":["Prepared","Underhanded Strike"],"picked":"Poisoned Stab","floor":2.0},{"not_picked":["Setup","All Out Attack"],"picked":"Terror","floor":3.0},{"not_picked":["Quick Slash","Sucker Punch"],"picked":"Cloak And Dagger","floor":5.0},{"not_picked":["Flying Knee","Deflect"],"picked":"Corpse Explosion","floor":6},{"not_picked":["Sucker Punch","Bane"],"picked":"Backstab","floor":8},{"not_picked":["Outmaneuver","Dodge and Roll"],"picked":"Backflip","floor":10},{"not_picked":["Underhanded Strike","Corpse Explosion","Outmaneuver"],"picked":"SKIP","floor":12},{"not_picked":["Bane","Die Die Die"],"picked":"Backstab","floor":13},{"not_picked":["Corpse Explosion","Phantasmal Killer"],"picked":"Glass Knife+1","floor":16},{"not_picked":[],"picked":"Backflip+1","floor":18},{"not_picked":[],"picked":"Quick Slash+1","floor":19},{"not_picked":[],"picked":"Poisoned Stab+1","floor":21},{"not_picked":["Choke+1"],"picked":"SKIP","floor":23},{"not_picked":["Tactician"],"picked":"SKIP","floor":24},{"not_picked":["Underhanded Strike+1"],"picked":"SKIP","floor":28},{"not_picked":["Choke+1"],"picked":"SKIP","floor":29},{"not_picked":[],"picked":"Flechettes+1","floor":30},{"not_picked":[],"picked":"Terror+1","floor":35},{"not_picked":["Tactician+1"],"picked":"SKIP","floor":38},{"not_picked":[],"picked":"Infinite Blades+1","floor":41},{"not_picked":[],"picked":"Dark Shackles","floor":42},{"not_picked":[],"picked":"Cloak And Dagger+1","floor":44},{"not_picked":[],"picked":"Cloak And Dagger+1","floor":45},{"not_picked":["Masterful Stab+1"],"picked":"SKIP","floor":47},{"not_picked":["Deadly Poison"],"picked":"SKIP","floor":48}],"player_experience":643201,"relics_obtained":[{"floor":9,"key":"Bottled Lightning"},{"floor":10,"key":"Strawberry"},{"floor":13,"key":"Molten Egg 2"},{"floor":23,"key":"Ginger"},{"floor":26,"key":"Smiling Mask"},{"floor":30,"key":"Letter Opener"},{"floor":43,"key":"Tiny Chest"},{"floor":48,"key":"Ornamental Fan"}],"event_choices":[{"damage_healed":0.0,"max_hp_gain":0.0,"max_hp_loss":0.0,"gold_gain":75.0,"event_name":"World of Goop","player_choice":"Gather Gold","floor":4.0,"gold_loss":0.0,"damage_taken":11.0},{"damage_healed":0,"gold_gain":0,"player_choice":"Trade","damage_taken":0,"relics_obtained":["NlothsMask"],"max_hp_gain":0,"max_hp_loss":0,"event_name":"FaceTrader","floor":11,"gold_loss":0},{"damage_healed":0,"gold_gain":0,"player_choice":"Joined the Cult","damage_taken":6,"max_hp_gain":0,"max_hp_loss":0,"event_name":"Nest","floor":20,"gold_loss":0,"cards_obtained":["RitualDagger"]},{"damage_healed":0,"gold_gain":0,"player_choice":"Became a vampire","damage_taken":0,"max_hp_gain":0,"max_hp_loss":21,"event_name":"Vampires","floor":31,"gold_loss":0,"cards_obtained":["Bite","Bite","Bite","Bite","Bite"]},{"cards_removed":["Quick Slash"],"damage_healed":0,"gold_gain":0,"player_choice":"Removed Attack","damage_taken":0,"max_hp_gain":0,"max_hp_loss":0,"event_name":"Falling","floor":37,"gold_loss":0},{"damage_healed":0,"gold_gain":0,"player_choice":"Memory 1","damage_taken":0,"max_hp_gain":0,"max_hp_loss":0,"event_name":"SensoryStone","floor":42,"gold_loss":0}],"is_beta":false,"boss_relics":[{"not_picked":["Coffee Dripper","Snecko Eye"],"picked":"Busted Crown"},{"not_picked":["Calling Bell","Orrery"],"picked":"White Beast Statue"}],"items_purged_floors":[36],"is_endless":false,"potions_floor_spawned":[1,3,10,13,16,21,24,28,30,35,38,41,44,45,47,48],"ascension_level":0}