{"gold_per_floor":[115,129,148,148,164,193,210,220,302,317,317,317,335,350,350,424,424,443,461,461,479,479],"floor_reached":22,"playtime":936,"items_purged":[],"score":330,"play_id":"9a860a71-50c7-4761-aa2c-ce95f731688b","local_time":"20190216144721","is_ascension_mode":true,"campfire_choices":[{"floor":11,"key":"REST"},{"data":"Machine Learning","floor":15,"key":"SMITH"}],"neow_cost":"NONE","seed_source_timestamp":137849371214509,"circlet_count":0,"master_deck":["AscendersBane","Zap","Dualcast","FTL","Cold Snap","Sweeping Beam","Doom and Gloom","Leap","Conserve Battery","Coolheaded","Steam","Conserve Battery","Machine Learning+1","BootSequence","Electrodynamics","Electrodynamics","Fusion","Capacitor","Heatsinks","Undo","Multi-Cast","Beam Cell","Coolheaded","Cold Snap","Leap"],"relics":["Cracked Core","Ancient Tea Set","Mercury Hourglass","Tiny Chest","Matryoshka","Pandora\u0027s Box"],"potions_floor_usage":[5,16,19],"damage_taken":[{"damage":5,"enemies":"Cultist","floor":1,"turns":4},{"damage":0,"enemies":"2 Louse","floor":2,"turns":2},{"damage":2,"enemies":"Jaw Worm","floor":3,"turns":3},{"damage":12,"enemies":"Lots of Slimes","floor":5,"turns":2},{"damage":18,"enemies":"Gremlin Nob","floor":6,"turns":3},{"damage":1,"enemies":"2 Fungi Beasts","floor":7,"turns":2},{"damage":10,"enemies":"3 Louse","floor":8,"turns":3},{"damage":4,"enemies":"Gremlin Gang","floor":10,"turns":2},{"damage":0,"enemies":"Large Slime","floor":13,"turns":5},{"damage":1,"enemies":"3 Louse","floor":14,"turns":2},{"damage":7,"enemies":"Hexaghost","floor":16,"turns":10},{"damage":9,"enemies":"Chosen","floor":18,"turns":5},{"damage":15,"enemies":"2 Thieves","floor":19,"turns":4},{"damage":22,"enemies":"Snake Plant","floor":21,"turns":4},{"damage":39,"enemies":"3 Cultists","floor":22,"turns":4}],"seed_played":"1372172551161617500","potions_obtained":[{"floor":1,"key":"LiquidBronze"},{"floor":3,"key":"LiquidBronze"},{"floor":8,"key":"FocusPotion"},{"floor":10,"key":"FocusPotion"},{"floor":16,"key":"Strength Potion"},{"floor":19,"key":"LiquidBronze"}],"is_trial":false,"path_per_floor":["M","M","M","?","M","E","M","M","T","M","R","T","M","M","R","B",null,"M","M","?","M","M"],"character_chosen":"DEFECT","items_purchased":[],"campfire_rested":1,"item_purchase_floors":[],"current_hp_per_floor":[59,59,57,57,45,27,26,16,16,12,33,33,33,32,32,25,60,51,36,59,37,0],"gold":479,"neow_bonus":"RANDOM_COMMON_RELIC","is_prod":false,"is_daily":false,"chose_seed":false,"campfire_upgraded":1,"win_rate":0,"timestamp":1550350041,"path_taken":["M","M","?","?","M","E","M","M","T","?","R","?","?","M","R","BOSS","M","M","?","M","M"],"build_version":"2019-01-23","purchased_purges":0,"victory":false,"max_hp_per_floor":[71,71,71,71,71,71,71,71,71,71,71,71,71,71,71,71,71,71,71,71,71,71],"card_choices":[{"not_picked":["Reinforced Body","Beam Cell"],"picked":"FTL","floor":1},{"not_picked":["Stack","Double Energy"],"picked":"Cold Snap","floor":2},{"not_picked":["Gash","Stack"],"picked":"Sweeping Beam","floor":3},{"not_picked":["Darkness","Scrape"],"picked":"Leap","floor":5},{"not_picked":["Turbo","Multi-Cast"],"picked":"Conserve Battery","floor":6},{"not_picked":["Beam Cell","Rebound"],"picked":"Coolheaded","floor":7},{"not_picked":["Force Field","Gash"],"picked":"Steam","floor":8},{"not_picked":["Gash","Barrage"],"picked":"Conserve Battery","floor":10},{"not_picked":["Redo","Leap"],"picked":"Machine Learning","floor":13},{"not_picked":["Sweeping Beam","Compile Driver"],"picked":"BootSequence","floor":14},{"not_picked":["Seek","Buffer"],"picked":"Electrodynamics","floor":16},{"not_picked":["Chaos","Redo+1"],"picked":"Coolheaded","floor":18},{"not_picked":["Compile Driver+1","Barrage"],"picked":"Cold Snap","floor":19},{"not_picked":["Thunder Strike","Barrage"],"picked":"Leap","floor":21}],"player_experience":572323,"relics_obtained":[{"floor":6,"key":"Mercury Hourglass"},{"floor":9,"key":"Tiny Chest"},{"floor":12,"key":"Matryoshka"}],"event_choices":[{"damage_healed":0,"gold_gain":0,"cards_transformed":["Strike_B"],"player_choice":"Transformed","damage_taken":0,"max_hp_gain":0,"max_hp_loss":0,"event_name":"Transmorgrifier","floor":4,"gold_loss":0,"cards_obtained":["Doom and Gloom"]},{"damage_healed":23,"gold_gain":0,"player_choice":"Heal","damage_taken":0,"max_hp_gain":0,"max_hp_loss":0,"event_name":"The Library","floor":20,"gold_loss":0}],"is_beta":false,"boss_relics":[{"not_picked":["Calling Bell","Runic Pyramid"],"picked":"Pandora\u0027s Box"}],"items_purged_floors":[],"is_endless":false,"potions_floor_spawned":[1,3,8,10,14,16,19],"killed_by":"3 Cultists","ascension_level":14}