{"gold_per_floor":[116,76,90,105,105,105,136,152,175,185,185,185,199,223,223,322,322,345,369,369,369],"floor_reached":21,"playtime":815,"items_purged":[],"score":339,"play_id":"bc788010-4c69-4be6-b8ce-d0238d334bd2","local_time":"20181222152550","is_ascension_mode":true,"campfire_choices":[{"data":"Cloak And Dagger","floor":6,"key":"SMITH"},{"data":"Caltrops","floor":15,"key":"SMITH"}],"neow_cost":"NONE","seed_source_timestamp":3239267221707,"circlet_count":0,"master_deck":["AscendersBane","Defend_G","Defend_G","Defend_G","Defend_G","Strike_G","Strike_G","Strike_G","Survivor","Neutralize+1","Blind","Cloak And Dagger+1","Backflip","Sucker Punch","Deflect","All Out Attack","PiercingWail","Injury","Adrenaline","Flying Knee","Backflip","Caltrops+1","Bullet Time","Flechettes+1","Masterful Stab+1","Noxious Fumes+1","Backflip+1","All Out Attack","Writhe"],"relics":["Ring of the Snake","Regal Pillow","Bag of Marbles","Golden Idol","Astrolabe","Blood Vial"],"potions_floor_usage":[7,8,13,16,21],"damage_taken":[{"damage":0,"enemies":"2 Louse","floor":1,"turns":4},{"damage":4,"enemies":"Cultist","floor":3,"turns":5},{"damage":4,"enemies":"Jaw Worm","floor":4,"turns":6},{"damage":36,"enemies":"Lagavulin","floor":7,"turns":11},{"damage":5,"enemies":"Red Slaver","floor":8,"turns":6},{"damage":0,"enemies":"Blue Slaver","floor":10,"turns":5},{"damage":1,"enemies":"Large Slime","floor":13,"turns":4},{"damage":0,"enemies":"Red Slaver","floor":14,"turns":3},{"damage":18,"enemies":"Hexaghost","floor":16,"turns":10},{"damage":5,"enemies":"Shell Parasite","floor":18,"turns":4},{"damage":34,"enemies":"Spheric Guardian","floor":19,"turns":6},{"damage":0,"enemies":"Colosseum Slavers","floor":21,"turns":4},{"damage":26,"enemies":"Colosseum Nobs","floor":21,"turns":2}],"seed_played":"-8881684519848877684","potions_obtained":[{"floor":2,"key":"PowerPotion"},{"floor":2,"key":"SkillPotion"},{"floor":7,"key":"Regen Potion"},{"floor":10,"key":"AttackPotion"},{"floor":13,"key":"GamblersBrew"}],"is_trial":false,"path_per_floor":["M","?","M","M","?","R","E","M","T","M","?","?","M","M","R","B",null,"M","M","?","?"],"character_chosen":"THE_SILENT","items_purchased":[],"campfire_rested":0,"item_purchase_floors":[],"current_hp_per_floor":[59,59,55,51,51,51,15,24,24,24,24,24,23,23,23,5,51,46,12,12,0],"gold":369,"neow_bonus":"RANDOM_COLORLESS","is_prod":false,"is_daily":false,"chose_seed":false,"campfire_upgraded":2,"win_rate":0,"timestamp":1545459950,"path_taken":["M","?","?","?","?","R","E","M","T","?","?","?","M","?","R","BOSS","M","M","?","?"],"build_version":"2018-12-20","purchased_purges":0,"victory":false,"max_hp_per_floor":[66,66,66,66,66,66,66,66,66,66,66,66,66,66,66,66,66,66,66,66,66],"card_choices":[{"not_picked":["Choke","Eviscerate"],"picked":"Cloak And Dagger","floor":1},{"not_picked":["Dodge and Roll","Quick Slash"],"picked":"Backflip","floor":3},{"not_picked":["Outmaneuver","Underhanded Strike"],"picked":"Sucker Punch","floor":4},{"not_picked":["Prepared","Wraith Form v2"],"picked":"Deflect","floor":7},{"not_picked":["Dagger Spray","Prepared"],"picked":"All Out Attack","floor":8},{"not_picked":["Dash","Setup"],"picked":"PiercingWail","floor":10},{"not_picked":["Quick Slash","Bane"],"picked":"Backflip","floor":13},{"not_picked":["Deadly Poison","Underhanded Strike"],"picked":"Caltrops","floor":14},{"not_picked":["Malaise","Die Die Die"],"picked":"Bullet Time","floor":16},{"not_picked":["Crippling Poison","Eviscerate+1"],"picked":"Backflip+1","floor":18},{"not_picked":["Concentrate","Calculated Gamble"],"picked":"All Out Attack","floor":19}],"player_experience":825980,"relics_obtained":[{"floor":7,"key":"Regal Pillow"},{"floor":9,"key":"Bag of Marbles"}],"event_choices":[{"damage_healed":0,"gold_gain":0,"player_choice":"Bought 3 Potions","damage_taken":0,"max_hp_gain":0,"max_hp_loss":0,"event_name":"The Woman in Blue","floor":2,"gold_loss":0},{"damage_healed":0,"gold_gain":0,"player_choice":"Upgraded","damage_taken":0,"max_hp_gain":0,"max_hp_loss":0,"event_name":"Upgrade Shrine","floor":5,"gold_loss":0,"cards_upgraded":["Neutralize"]},{"damage_healed":0,"gold_gain":0,"player_choice":"Take Wound","damage_taken":0,"relics_obtained":["Golden Idol"],"max_hp_gain":0,"max_hp_loss":0,"event_name":"Golden Idol","floor":11,"gold_loss":0,"cards_obtained":["Injury"]},{"damage_healed":0,"gold_gain":0,"player_choice":"2 cards matched","damage_taken":0,"max_hp_gain":0,"max_hp_loss":0,"event_name":"Match and Keep!","floor":12,"gold_loss":0,"cards_obtained":["Adrenaline","Flying Knee"]},{"damage_healed":0,"gold_gain":0,"player_choice":"Opened","damage_taken":0,"relics_obtained":["Blood Vial"],"max_hp_gain":0,"max_hp_loss":0,"event_name":"The Mausoleum","floor":20,"gold_loss":0,"cards_obtained":["Writhe"]},{"damage_healed":0,"gold_gain":0,"player_choice":"Fight","damage_taken":0,"max_hp_gain":0,"max_hp_loss":0,"event_name":"Colosseum","floor":21,"gold_loss":0},{"damage_healed":0,"gold_gain":0,"player_choice":"Fought Nobs","damage_taken":0,"max_hp_gain":0,"max_hp_loss":0,"event_name":"Colosseum","floor":21,"gold_loss":0}],"is_beta":false,"boss_relics":[{"not_picked":["Ectoplasm","Coffee Dripper"],"picked":"Astrolabe"}],"items_purged_floors":[],"is_endless":false,"potions_floor_spawned":[4,7,10,13,21],"killed_by":"Colosseum Nobs","ascension_level":17}