{"gold_per_floor":[117,117,136,61,61,61,95,114,114,125,149,149,182,182,182,253,253,264,264,284,32,45,45,64,93,119,146,146,174,187,218,218,294,294,308,321,21,40,57,57,90,105,152,152,152,163,163,197,197,197],"floor_reached":51,"playtime":4224,"items_purged":["Strike_B"],"score":1431,"play_id":"78386885-0bee-4b1d-ab15-96d295cab1f0","local_time":"20190203194705","is_ascension_mode":true,"campfire_choices":[{"data":"Zap","floor":6.0,"key":"SMITH"},{"data":"Dualcast","floor":12.0,"key":"SMITH"},{"floor":15.0,"key":"RECALL"},{"floor":23.0,"key":"REST"},{"floor":28.0,"key":"REST"},{"data":"Strike_B","floor":32.0,"key":"PURGE"},{"floor":40,"key":"REST"},{"data":"Defend_B","floor":44,"key":"PURGE"},{"data":"Strike_B","floor":47,"key":"PURGE"},{"data":"Defend_B","floor":49,"key":"PURGE"}],"neow_cost":"NONE","seed_source_timestamp":0,"circlet_count":0,"master_deck":["AscendersBane","Strike_B","Zap+1","Dualcast+1","Go for the Eyes+1","Conserve Battery","Sunder","Steam","Cold Snap","Seek","FTL+1","Compile Driver+1","Cold Snap+1","Self Repair","BootSequence","Consume","Coolheaded","Biased Cognition","Go for the Eyes+1","Machine Learning","Creative AI","Leap","Loop+1","Leap","Barrage+1","Streamline+1"],"special_seed":0,"relics":["Cracked Core","NeowsBlessing","Mercury Hourglass","Pear","Odd Mushroom","Molten Egg 2","PreservedInsect","Fusion Hammer","DataDisk","Bronze Scales","Potion Belt","Boot","Pantograph","Peace Pipe","Inserter","Cables","Omamori","Oddly Smooth Stone","FaceOfCleric","Happy Flower"],"potions_floor_usage":[38],"damage_taken":[{"damage":0.0,"enemies":"2 Louse","floor":1.0,"turns":1.0},{"damage":0.0,"enemies":"Cultist","floor":3.0,"turns":1.0},{"damage":0.0,"enemies":"3 Sentries","floor":7.0,"turns":1.0},{"damage":5.0,"enemies":"Jaw Worm","floor":8.0,"turns":2.0},{"damage":0.0,"enemies":"Large Slime","floor":10.0,"turns":3.0},{"damage":0.0,"enemies":"The Mushroom Lair","floor":11.0,"turns":3.0},{"damage":14.0,"enemies":"Gremlin Nob","floor":13.0,"turns":4.0},{"damage":26.0,"enemies":"The Guardian","floor":16.0,"turns":12.0},{"damage":5.0,"enemies":"Shell Parasite","floor":18.0,"turns":5.0},{"damage":0.0,"enemies":"Chosen","floor":20.0,"turns":4.0},{"damage":18.0,"enemies":"Snake Plant","floor":22.0,"turns":4.0},{"damage":0.0,"enemies":"Chosen and Byrds","floor":24.0,"turns":4.0},{"damage":18.0,"enemies":"Gremlin Leader","floor":25.0,"turns":6.0},{"damage":12.0,"enemies":"Book of Stabbing","floor":27.0,"turns":4.0},{"damage":11.0,"enemies":"Gremlin Leader","floor":29.0,"turns":4.0},{"damage":2.0,"enemies":"Shelled Parasite and Fungi","floor":30.0,"turns":3.0},{"damage":3.0,"enemies":"Book of Stabbing","floor":31.0,"turns":4.0},{"damage":14.0,"enemies":"Champ","floor":33.0,"turns":15.0},{"damage":3,"enemies":"3 Shapes","floor":35,"turns":4},{"damage":0,"enemies":"Orb Walker","floor":36,"turns":4},{"damage":50,"enemies":"Jaw Worm Horde","floor":38,"turns":4},{"damage":3,"enemies":"Spire Growth","floor":39,"turns":5},{"damage":17,"enemies":"Nemesis","floor":41,"turns":7},{"damage":11,"enemies":"3 Darklings","floor":42,"turns":4},{"damage":0,"enemies":"Maw","floor":46,"turns":7},{"damage":0,"enemies":"Giant Head","floor":48,"turns":7},{"damage":11,"enemies":"Awakened One","floor":50,"turns":17}],"seed_played":"8465148104191210247","potions_obtained":[{"floor":1.0,"key":"SteroidPotion"},{"floor":7.0,"key":"SpeedPotion"},{"floor":13.0,"key":"Weak Potion"},{"floor":18.0,"key":"LiquidBronze"},{"floor":25.0,"key":"FearPotion"},{"floor":35,"key":"Fire Potion"},{"floor":41,"key":"Block Potion"},{"floor":48,"key":"EssenceOfSteel"}],"is_trial":false,"path_per_floor":["M","?","M","$","?","R","E","M","T","M","?","R","E","T","R","B",null,"M","?","M","$","M","R","M","E","T","E","R","E","M","E","R","B",null,"M","M","$","M","M","R","E","M","T","R","?","M","R","E","R","B",null],"character_chosen":"DEFECT","items_purchased":["Cold Snap+1","Self Repair","DataDisk","Cables","Leap"],"campfire_rested":3,"item_purchase_floors":[21,21,21,37,37],"current_hp_per_floor":[64,64,64,64,57,57,57,52,62,62,62,62,48,48,48,22,66,61,61,61,61,50,74,81,70,70,65,81,77,81,81,81,74,79,81,81,81,38,42,66,56,52,52,52,52,60,60,68,68,80],"gold":197,"neow_bonus":"THREE_ENEMY_KILL","is_prod":false,"is_daily":false,"chose_seed":false,"campfire_upgraded":2,"win_rate":0,"timestamp":1549252025,"path_taken":["M","?","?","?","?","R","E","M","T","M","?","R","E","?","R","BOSS","M","?","M","$","?","R","M","E","T","E","R","E","M","E","R","BOSS","M","?","$","M","M","R","E","?","T","R","?","M","R","E","R","BOSS"],"build_version":"2019-01-23","purchased_purges":1,"victory":true,"max_hp_per_floor":[71,71,71,71,71,71,71,71,81,81,81,81,81,81,81,81,81,81,81,81,81,81,81,81,81,81,81,81,81,81,81,81,81,81,81,81,81,81,81,81,81,81,81,81,81,82,82,83,83,84],"card_choices":[{"not_picked":["Leap","Redo"],"picked":"Go for the Eyes","floor":1.0},{"not_picked":["Meteor Strike","Rebound"],"picked":"Conserve Battery","floor":3.0},{"not_picked":["Compile Driver","Aggregate"],"picked":"Sunder","floor":7.0},{"not_picked":["Stack","Streamline","Darkness"],"picked":"SKIP","floor":8.0},{"not_picked":["Skim","Rebound"],"picked":"Steam","floor":10.0},{"not_picked":["Sweeping Beam","Aggregate"],"picked":"Cold Snap","floor":11.0},{"not_picked":["Storm","Steam","Barrage"],"picked":"SKIP","floor":13.0},{"not_picked":["Hyperbeam+1","Meteor Strike+1"],"picked":"Seek","floor":16.0},{"not_picked":["Compile Driver+1","Steam"],"picked":"FTL+1","floor":18.0},{"not_picked":["Sunder+1","Go for the Eyes+1"],"picked":"Compile Driver+1","floor":20.0},{"not_picked":["Scrape+1","Turbo"],"picked":"BootSequence","floor":22.0},{"not_picked":["Compile Driver+1","Hologram","Reprogram"],"picked":"SKIP","floor":24.0},{"not_picked":["Conserve Battery","Sweeping Beam+1"],"picked":"Consume","floor":25.0},{"not_picked":["Auto Shields","Meteor Strike+1"],"picked":"Coolheaded","floor":27.0},{"not_picked":["Genetic Algorithm+1","Consume"],"picked":"Biased Cognition","floor":29.0},{"not_picked":["Beam Cell+1","Gash+1"],"picked":"Go for the Eyes+1","floor":30.0},{"not_picked":["Turbo","Coolheaded"],"picked":"Machine Learning","floor":31.0},{"not_picked":["Meteor Strike+1","Fission"],"picked":"Creative AI","floor":33.0},{"not_picked":["Genetic Algorithm","White Noise"],"picked":"Leap","floor":35},{"not_picked":["Sweeping Beam+1","Conserve Battery"],"picked":"Loop+1","floor":36},{"not_picked":["Leap","Steam","Turbo"],"picked":"SKIP","floor":38},{"not_picked":["Heatsinks","Rebound+1","Rip and Tear+1"],"picked":"SKIP","floor":39},{"not_picked":["BootSequence","Gash+1","Darkness"],"picked":"SKIP","floor":41},{"not_picked":["Rebound+1","BootSequence","Genetic Algorithm+1"],"picked":"SKIP","floor":42},{"not_picked":["Undo","All For One+1"],"picked":"Barrage+1","floor":46},{"not_picked":["Chill","Beam Cell+1"],"picked":"Streamline+1","floor":48}],"player_experience":908437,"relics_obtained":[{"floor":7.0,"key":"Mercury Hourglass"},{"floor":9.0,"key":"Pear"},{"floor":11.0,"key":"Odd Mushroom"},{"floor":13.0,"key":"Molten Egg 2"},{"floor":14.0,"key":"PreservedInsect"},{"floor":25.0,"key":"Bronze Scales"},{"floor":26.0,"key":"Potion Belt"},{"floor":27.0,"key":"Boot"},{"floor":29.0,"key":"Pantograph"},{"floor":31.0,"key":"Peace Pipe"},{"floor":41,"key":"Omamori"},{"floor":43,"key":"Oddly Smooth Stone"},{"floor":48,"key":"Happy Flower"}],"event_choices":[{"damage_healed":0.0,"max_hp_gain":0.0,"max_hp_loss":0.0,"gold_gain":0.0,"event_name":"Accursed Blacksmith","player_choice":"Forge","floor":2.0,"gold_loss":0.0,"damage_taken":0.0,"cards_upgraded":["Go for the Eyes"]},{"cards_removed":["Defend_B"],"damage_healed":0.0,"max_hp_gain":0.0,"max_hp_loss":0.0,"gold_gain":0.0,"event_name":"Golden Wing","player_choice":"Card Removal","floor":5.0,"gold_loss":0.0,"damage_taken":7.0},{"damage_healed":0.0,"max_hp_gain":0.0,"max_hp_loss":0.0,"gold_gain":0.0,"event_name":"Mushrooms","player_choice":"Fought Mushrooms","floor":11.0,"gold_loss":0.0,"damage_taken":0.0},{"cards_removed":["Defend_B"],"damage_healed":0.0,"max_hp_gain":0.0,"max_hp_loss":0.0,"gold_gain":0.0,"event_name":"Bonfire Elementals","player_choice":"Offered Basic","floor":19.0,"gold_loss":0.0,"damage_taken":0.0},{"damage_healed":0,"gold_gain":0,"player_choice":"Trade","damage_taken":0,"relics_obtained":["FaceOfCleric"],"max_hp_gain":0,"max_hp_loss":0,"event_name":"FaceTrader","floor":45,"gold_loss":0}],"is_beta":false,"boss_relics":[{"not_picked":["Runic Dome","Pandora\u0027s Box"],"picked":"Fusion Hammer"},{"not_picked":["Philosopher\u0027s Stone","Black Star"],"picked":"Inserter"}],"items_purged_floors":[4],"is_endless":false,"potions_floor_spawned":[1,7,13,18,22,25,35,41,48],"ascension_level":16}