{"gold_per_floor":[216,228,228,243,243,89,105,125,148,148,5,79,110,131,131,254,254,240,240,259,0,25,25,25,48,100,125,125,125,0,14,14,134,134,158,6,131,155,174,174,507,507,507,507,507,83,102,132,132,132],"floor_reached":50,"playtime":5908,"items_purged":["Strike_G","Strike_G","Defend_G+1","Strike_G+1"],"score":757,"play_id":"00b3036b-72c3-4154-bef4-1ba401bd505e","local_time":"20190214191210","is_ascension_mode":true,"campfire_choices":[{"data":"Terror","floor":10.0,"key":"SMITH"},{"floor":15.0,"key":"REST"},{"floor":24.0,"key":"REST"},{"floor":32,"key":"REST"},{"floor":40,"key":"REST"},{"floor":42,"key":"REST"},{"data":"A Thousand Cuts","floor":45,"key":"SMITH"},{"data":"Dash","floor":49,"key":"SMITH"}],"neow_cost":"NONE","seed_source_timestamp":135584795723089,"circlet_count":0,"master_deck":["AscendersBane","Defend_G+1","Defend_G+1","Defend_G+1","Defend_G+1","Strike_G+1","Survivor","Neutralize","Leg Sweep","Footwork","Terror+1","Dash+1","Quick Slash","Leg Sweep","Die Die Die","A Thousand Cuts","Backstab","Cloak And Dagger","A Thousand Cuts+1","Backflip","Noxious Fumes","Mind Blast","Dash","PiercingWail+1","Corpse Explosion","Expertise","Blade Dance","Heel Hook+1","Terror","Riddle With Holes+1"],"special_seed":0,"relics":["Ring of the Snake","Juzu Bracelet","PreservedInsect","Oddly Smooth Stone","Snecko Eye","Anchor","Runic Dome","Happy Flower","Tingsha","Pantograph","Frozen Eye","Turnip"],"potions_floor_usage":[33,33,37,48],"damage_taken":[{"damage":1.0,"enemies":"Small Slimes","floor":1.0,"turns":3.0},{"damage":0.0,"enemies":"Cultist","floor":2.0,"turns":6.0},{"damage":1.0,"enemies":"Jaw Worm","floor":4.0,"turns":6.0},{"damage":0.0,"enemies":"2 Fungi Beasts","floor":7.0,"turns":5.0},{"damage":11.0,"enemies":"Looter","floor":8.0,"turns":3.0},{"damage":4.0,"enemies":"Lagavulin Event","floor":12.0,"turns":5.0},{"damage":23.0,"enemies":"Lagavulin","floor":13.0,"turns":7.0},{"damage":1.0,"enemies":"Large Slime","floor":14.0,"turns":7.0},{"damage":6.0,"enemies":"The Guardian","floor":16.0,"turns":16.0},{"damage":1.0,"enemies":"2 Thieves","floor":18.0,"turns":4.0},{"damage":16.0,"enemies":"3 Byrds","floor":20.0,"turns":5.0},{"damage":19.0,"enemies":"Snake Plant","floor":22.0,"turns":6.0},{"damage":33.0,"enemies":"Shelled Parasite and Fungi","floor":25.0,"turns":6.0},{"damage":6,"enemies":"3 Cultists","floor":27,"turns":5},{"damage":0,"enemies":"Chosen and Byrds","floor":31,"turns":5},{"damage":23,"enemies":"Automaton","floor":33,"turns":12},{"damage":20,"enemies":"3 Darklings","floor":35,"turns":3},{"damage":0,"enemies":"Mind Bloom Boss Battle","floor":37,"turns":8},{"damage":5,"enemies":"Orb Walker","floor":38,"turns":4},{"damage":9,"enemies":"Jaw Worm Horde","floor":39,"turns":4},{"damage":14,"enemies":"4 Shapes","floor":47,"turns":4},{"damage":16,"enemies":"Nemesis","floor":48,"turns":7},{"damage":64,"enemies":"Awakened One","floor":50,"turns":16}],"seed_played":"-7321595120674988543","potions_obtained":[{"floor":2.0,"key":"GamblersBrew"},{"floor":4.0,"key":"Strength Potion"},{"floor":5.0,"key":"Energy Potion"},{"floor":8.0,"key":"PowerPotion"},{"floor":14.0,"key":"Dexterity Potion"},{"floor":22.0,"key":"Poison Potion"},{"floor":25.0,"key":"Strength Potion"},{"floor":35,"key":"FearPotion"},{"floor":39,"key":"Energy Potion"}],"is_trial":false,"path_per_floor":["M","M","?","M","?","$","M","M","T","R","$","?","E","M","R","B",null,"M","?","M","$","M","?","R","M","T","M","?","?","$","M","R","B",null,"M","$","?","M","M","R","?","R","T","?","R","$","M","E","R","B"],"character_chosen":"THE_SILENT","items_purchased":["Dash","Die Die Die","Mind Blast","Dash","Happy Flower","Terror","Frozen Eye"],"campfire_rested":5,"item_purchase_floors":[6,11,21,21,36,46,46],"current_hp_per_floor":[62,62,45,44,44,44,44,33,33,33,33,29,6,5,26,20,58,57,57,41,41,22,22,43,10,10,4,4,4,4,4,25,2,53,33,33,33,28,19,40,40,61,61,61,61,61,47,31,31,0],"gold":132,"neow_bonus":"HUNDRED_GOLD","is_prod":false,"is_daily":false,"chose_seed":false,"campfire_upgraded":3,"win_rate":0,"timestamp":1550193130,"path_taken":["M","M","?","M","?","$","M","M","T","R","$","?","E","M","R","BOSS","M","?","M","$","M","?","R","M","T","M","?","?","$","M","R","BOSS","M","$","?","M","M","R","?","R","T","?","R","$","M","E","R","BOSS"],"build_version":"2019-01-23","purchased_purges":4,"victory":false,"max_hp_per_floor":[70,70,70,70,70,70,70,70,70,70,70,70,70,70,70,70,70,70,70,70,70,70,70,70,70,70,70,70,70,70,70,70,70,70,70,70,70,70,70,70,70,70,70,70,70,70,70,70,70,70],"card_choices":[{"not_picked":["Prepared","Flying Knee"],"picked":"Leg Sweep","floor":1.0},{"not_picked":["Flying Knee","Acrobatics"],"picked":"Footwork","floor":2.0},{"not_picked":["Dodge and Roll","Sucker Punch"],"picked":"Terror","floor":4.0},{"not_picked":["Deadly Poison","Accuracy"],"picked":"Quick Slash","floor":7.0},{"not_picked":["PiercingWail","Dodge and Roll"],"picked":"Leg Sweep","floor":8.0},{"not_picked":["All Out Attack","Deflect"],"picked":"A Thousand Cuts","floor":12.0},{"not_picked":["Reflex","Dagger Throw"],"picked":"Backstab","floor":13.0},{"not_picked":["Poisoned Stab","Choke"],"picked":"Cloak And Dagger","floor":14.0},{"not_picked":["Grand Finale","Doppelganger"],"picked":"A Thousand Cuts","floor":16.0},{"not_picked":["All Out Attack","PiercingWail+1"],"picked":"Backflip","floor":18.0},{"not_picked":["Bane","Cloak And Dagger","Backflip"],"picked":"SKIP","floor":20.0},{"not_picked":["Dodge and Roll+1","Calculated Gamble","Distraction"],"picked":"SKIP","floor":22.0},{"not_picked":["Quick Slash","Backstab","Sucker Punch"],"picked":"SKIP","floor":25.0},{"not_picked":["Dagger Spray","Slice"],"picked":"Noxious Fumes","floor":27},{"not_picked":["Acrobatics","Caltrops"],"picked":"PiercingWail+1","floor":31},{"not_picked":["Unload","Grand Finale"],"picked":"Corpse Explosion","floor":33},{"not_picked":["Dodge and Roll","Dagger Spray+1","Flechettes+1"],"picked":"SKIP","floor":35},{"not_picked":["Terror+1","Backstab+1"],"picked":"Expertise","floor":37},{"not_picked":["Underhanded Strike+1","Bane+1"],"picked":"Blade Dance","floor":38},{"not_picked":["Prepared","Outmaneuver+1"],"picked":"Heel Hook+1","floor":39},{"not_picked":["Sucker Punch","Cloak And Dagger+1","Slice+1"],"picked":"SKIP","floor":47},{"not_picked":["Slice","Cloak And Dagger"],"picked":"Riddle With Holes+1","floor":48}],"player_experience":317378,"relics_obtained":[{"floor":9.0,"key":"Juzu Bracelet"},{"floor":13.0,"key":"Oddly Smooth Stone"},{"floor":26.0,"key":"Anchor"},{"floor":37,"key":"Tingsha"},{"floor":43,"key":"Pantograph"},{"floor":48,"key":"Turnip"}],"event_choices":[{"damage_healed":0.0,"max_hp_gain":0.0,"max_hp_loss":0.0,"gold_gain":0.0,"event_name":"Golden Idol","player_choice":"Take Damage","floor":3.0,"gold_loss":0.0,"damage_taken":17.0,"relics_obtained":["Golden Idol"]},{"damage_healed":0.0,"max_hp_gain":0.0,"max_hp_loss":0.0,"gold_gain":0.0,"event_name":"Lab","player_choice":"Got Potions","floor":5.0,"gold_loss":0.0,"damage_taken":0.0},{"damage_healed":0.0,"max_hp_gain":0.0,"max_hp_loss":0.0,"gold_gain":0.0,"event_name":"Dead Adventurer","player_choice":"Searched \u00272\u0027 times","floor":12.0,"gold_loss":0.0,"damage_taken":0.0,"relics_obtained":["PreservedInsect"]},{"damage_healed":0.0,"max_hp_gain":0.0,"max_hp_loss":0.0,"gold_gain":0.0,"event_name":"The Library","player_choice":"Read","floor":19.0,"gold_loss":0.0,"damage_taken":0.0,"cards_obtained":["Noxious Fumes"]},{"damage_healed":0,"gold_gain":0,"player_choice":"Simplicity","damage_taken":0,"max_hp_gain":0,"max_hp_loss":0,"event_name":"Back to Basics","floor":28,"gold_loss":0,"cards_upgraded":["Defend_G","Defend_G","Defend_G","Defend_G","Defend_G","Strike_G","Strike_G","Strike_G"]},{"cards_removed":["Strike_G"],"damage_healed":0,"gold_gain":0,"player_choice":"Offered Basic","damage_taken":0,"max_hp_gain":0,"max_hp_loss":0,"event_name":"Bonfire Elementals","floor":29,"gold_loss":0},{"damage_healed":0,"gold_gain":0,"player_choice":"Fight","damage_taken":0,"max_hp_gain":0,"max_hp_loss":0,"event_name":"MindBloom","floor":37,"gold_loss":0},{"damage_healed":0,"gold_gain":333,"player_choice":"Gave Idol","damage_taken":0,"max_hp_gain":0,"max_hp_loss":0,"event_name":"The Moai Head","floor":41,"relics_lost":["Golden Idol"],"gold_loss":0},{"cards_removed":["Noxious Fumes"],"damage_healed":0,"gold_gain":0,"player_choice":"Removed Power","damage_taken":0,"max_hp_gain":0,"max_hp_loss":0,"event_name":"Falling","floor":44,"gold_loss":0}],"is_beta":false,"boss_relics":[{"not_picked":["Lizard Tail","Tiny House"],"picked":"Snecko Eye"},{"not_picked":["Black Star","Astrolabe"],"picked":"Runic Dome"}],"items_purged_floors":[6,21,30,46],"is_endless":false,"potions_floor_spawned":[2,4,8,14,22,25,35,39],"killed_by":"Awakened One","ascension_level":11}