{"gold_per_floor":[115,115,115,65,85,85,85,100,100,144,220,220,255,273,273,273],"floor_reached":16,"playtime":760,"items_purged":[],"score":135,"play_id":"d1acd5da-2657-43ee-9193-7c38cf36e1fb","local_time":"20181102155556","is_ascension_mode":true,"campfire_choices":[{"data":"Glacier","floor":6,"key":"SMITH"},{"data":"Gash","floor":12,"key":"SMITH"},{"data":"Streamline","floor":15,"key":"SMITH"}],"neow_cost":"NONE","seed_source_timestamp":459016195620522,"circlet_count":0,"master_deck":["Strike_B","Strike_B","Defend_B","Defend_B","Defend_B","Defend_B","Zap","Dualcast","Sweeping Beam","Glacier+1","Cold Snap","Gash+1","Streamline+1","Coolheaded"],"relics":["Cracked Core","Omamori","Golden Idol","Question Card","Calipers","Boot","Frozen Egg 2"],"potions_floor_usage":[13,13],"damage_taken":[{"damage":2,"enemies":"2 Louse","floor":1,"turns":3},{"damage":2,"enemies":"Jaw Worm","floor":5,"turns":5},{"damage":0,"enemies":"Small Slimes","floor":8,"turns":4},{"damage":6,"enemies":"3 Sentries","floor":10,"turns":9},{"damage":9,"enemies":"Lagavulin Event","floor":11,"turns":10},{"damage":21,"enemies":"Gremlin Nob","floor":13,"turns":6},{"damage":10,"enemies":"Blue Slaver","floor":14,"turns":4},{"damage":29,"enemies":"Slime Boss","floor":16,"turns":3}],"seed_played":"2696780049844566342","potions_obtained":[{"floor":1,"key":"PowerPotion"},{"floor":8,"key":"Block Potion"}],"is_trial":false,"path_per_floor":["M","?","?","?","M","R","?","M","T","E","?","R","E","M","R","B"],"character_chosen":"DEFECT","items_purchased":[],"campfire_rested":0,"item_purchase_floors":[],"current_hp_per_floor":[73,69,69,69,67,67,67,67,67,61,52,52,31,21,21,0],"gold":273,"neow_bonus":"RANDOM_COMMON_RELIC","is_prod":false,"is_daily":false,"chose_seed":false,"campfire_upgraded":3,"win_rate":0,"timestamp":1541136356,"path_taken":["M","?","?","?","?","R","?","M","T","E","?","R","E","M","R","BOSS"],"build_version":"2018-11-01","purchased_purges":0,"victory":false,"max_hp_per_floor":[75,69,69,69,69,69,69,69,69,69,69,69,69,69,69,69],"card_choices":[{"not_picked":["Chaos","Barrage","Sweeping Beam"],"picked":"SKIP","floor":1},{"not_picked":["Sweeping Beam","Compile Driver"],"picked":"Glacier","floor":5},{"not_picked":["Ball Lightning","BootSequence"],"picked":"Cold Snap","floor":8},{"not_picked":["Storm","Hello World","Conserve Battery"],"picked":"Gash","floor":10},{"not_picked":["Turbo","Consume","Meteor Strike"],"picked":"Streamline","floor":13},{"not_picked":["Steam","Leap","Rebound"],"picked":"Coolheaded","floor":14}],"player_experience":364249,"relics_obtained":[{"floor":9,"key":"Question Card"},{"floor":10,"key":"Calipers"},{"floor":13,"key":"Frozen Egg 2"}],"event_choices":[{"damage_healed":0,"gold_gain":0,"player_choice":"Lose Max HP","damage_taken":0,"relics_obtained":["Golden Idol"],"max_hp_gain":0,"max_hp_loss":6,"event_name":"Golden Idol","floor":2,"gold_loss":0},{"damage_healed":0,"gold_gain":0,"cards_transformed":["Strike_B"],"player_choice":"Change","damage_taken":0,"max_hp_gain":0,"max_hp_loss":0,"event_name":"Living Wall","floor":3,"gold_loss":0,"cards_obtained":["Sweeping Beam"]},{"cards_removed":["Strike_B"],"damage_healed":0,"gold_gain":0,"player_choice":"Card Removal","damage_taken":0,"max_hp_gain":0,"max_hp_loss":0,"event_name":"The Cleric","floor":4,"gold_loss":50},{"damage_healed":0,"gold_gain":0,"player_choice":"Ignored","damage_taken":0,"max_hp_gain":0,"max_hp_loss":0,"event_name":"Liars Game","floor":7,"gold_loss":0},{"damage_healed":0,"gold_gain":0,"player_choice":"Searched \u00272\u0027 times","damage_taken":0,"relics_obtained":["Boot"],"max_hp_gain":0,"max_hp_loss":0,"event_name":"Dead Adventurer","floor":11,"gold_loss":0}],"is_beta":false,"boss_relics":[],"items_purged_floors":[],"is_endless":false,"potions_floor_spawned":[1,8],"killed_by":"Slime Boss","ascension_level":5}