{"gold_per_floor":[109,33,53,67,67,67,82,96,96,96,113,113,130,143,143,244,244,261,261,261,279,44,44],"floor_reached":23,"playtime":1114,"items_purged":["Decay"],"score":213,"play_id":"863aac02-ad76-4c1f-8051-bd80eee864ce","local_time":"20180920202737","is_ascension_mode":true,"campfire_choices":[{"data":"Infinite Blades","floor":6,"key":"SMITH"},{"floor":10,"key":"REST"},{"data":"Accuracy","floor":12,"key":"SMITH"},{"floor":15,"key":"REST"}],"neow_cost":"CURSE","seed_source_timestamp":613579274493848,"circlet_count":0,"master_deck":["Defend_G","Defend_G","Defend_G","Defend_G","Defend_G","Strike_G","Strike_G","Strike_G","Strike_G","Strike_G","Survivor+1","Neutralize+1","Parasite","Tools of the Trade","Flying Knee","Infinite Blades+1","Accuracy+1","Blur","Noxious Fumes","Cloak And Dagger","After Image","Injury","Blade Dance+1","Escape Plan+1","Infinite Blades","Mayhem"],"special_seed":0,"relics":["Ring of the Snake","The Courier","Calling Bell","Dream Catcher","Meat on the Bone","Calipers"],"potions_floor_usage":[7,8,16,16,19,23],"damage_taken":[{"damage":12,"enemies":"Small Slimes","floor":1,"turns":4},{"damage":2,"enemies":"Jaw Worm","floor":3,"turns":5},{"damage":7,"enemies":"Cultist","floor":4,"turns":5},{"damage":4,"enemies":"Looter","floor":7,"turns":4},{"damage":26,"enemies":"Exordium Thugs","floor":8,"turns":5},{"damage":0,"enemies":"2 Fungi Beasts","floor":11,"turns":4},{"damage":6,"enemies":"Looter","floor":13,"turns":3},{"damage":18,"enemies":"Exordium Wildlife","floor":14,"turns":5},{"damage":34,"enemies":"Slime Boss","floor":16,"turns":11},{"damage":52,"enemies":"Chosen","floor":18,"turns":8},{"damage":16,"enemies":"Shell Parasite","floor":21,"turns":5},{"damage":35,"enemies":"Slavers","floor":23,"turns":2}],"seed_played":"5785555249952736927","potions_obtained":[{"floor":1,"key":"SteroidPotion"},{"floor":4,"key":"Regen Potion"},{"floor":11,"key":"FearPotion"},{"floor":13,"key":"LiquidBronze"},{"floor":16,"key":"Dexterity Potion"},{"floor":19,"key":"Fruit Juice"},{"floor":19,"key":"Poison Potion"},{"floor":19,"key":"Explosive Potion"}],"is_trial":false,"path_per_floor":["M","$","M","M","?","R","M","M","T","R","M","R","M","M","R","B",null,"M","?","?","M","$"],"character_chosen":"THE_SILENT","items_purchased":["Infinite Blades","Infinite Blades","Mayhem"],"campfire_rested":2,"item_purchase_floors":[2,22,22],"current_hp_per_floor":[58,58,56,49,35,35,43,17,17,38,38,38,32,14,35,1,70,30,35,35,31,31,0],"gold":44,"neow_bonus":"THREE_RARE_CARDS","is_prod":false,"is_daily":false,"chose_seed":false,"campfire_upgraded":2,"win_rate":0,"timestamp":1537441057,"path_taken":["M","$","M","M","?","R","M","?","T","R","M","R","M","M","R","BOSS","M","?","?","M","$","E"],"build_version":"2018-09-06","purchased_purges":1,"victory":false,"max_hp_per_floor":[70,70,70,70,70,70,70,70,70,70,70,70,70,70,70,70,70,70,75,75,75,75,75],"card_choices":[{"not_picked":["Burst","Malaise"],"picked":"Tools of the Trade","floor":0},{"not_picked":["Choke","Acrobatics"],"picked":"Flying Knee","floor":1},{"not_picked":["Reflex","Sucker Punch"],"picked":"Accuracy","floor":3},{"not_picked":["Acrobatics","Reflex"],"picked":"Blur","floor":4},{"not_picked":["Flying Knee","Dagger Spray","Sucker Punch"],"picked":"SKIP","floor":7},{"not_picked":["Catalyst","Sucker Punch","Dagger Spray"],"picked":"SKIP","floor":8},{"not_picked":["Catalyst","Acrobatics","Poisoned Stab"],"picked":"SKIP","floor":11},{"not_picked":["Backflip","Calculated Gamble"],"picked":"Noxious Fumes","floor":13},{"not_picked":["Reflex","PiercingWail"],"picked":"Cloak And Dagger","floor":14},{"not_picked":["Night Terror","Doppelganger"],"picked":"After Image","floor":16},{"not_picked":["Prepared","Dagger Spray+1"],"picked":"Blade Dance+1","floor":18},{"not_picked":["Backstab","Crippling Poison"],"picked":"Escape Plan+1","floor":21}],"player_experience":193171,"relics_obtained":[{"floor":9,"key":"The Courier"},{"floor":17,"key":"Dream Catcher"},{"floor":17,"key":"Meat on the Bone"},{"floor":17,"key":"Calipers"}],"event_choices":[{"event_name":"Shining Light","player_choice":"Entered Light","floor":5,"damage_taken":0},{"event_name":"The Lab","player_choice":"Got Potions","floor":19,"damage_taken":0},{"event_name":"Back to Basics","player_choice":"Elegance","floor":20,"damage_taken":0}],"is_beta":false,"boss_relics":[{"not_picked":["Black Star","Velvet Choker"],"picked":"Calling Bell"}],"items_purged_floors":[22],"is_endless":false,"potions_floor_spawned":[1,4,11,13,16],"killed_by":"Slavers","ascension_level":3}