{"gold_per_floor":[112,132,152,152,164,190,190,202,202,202,235,254,279,37,37,111,111,123,142,156,79,96,130,130,156,183,196,196,207,220,275,275,354,354,374,374,384,437,487,513,513,513],"floor_reached":42,"playtime":1060,"items_purged":["Defend_R"],"score":968,"play_id":"1275fbd2-334f-40d6-b1cf-d42dc4bb62d7","local_time":"20180822142823","is_ascension_mode":true,"campfire_choices":[{"data":"Perfected Strike","floor":7,"key":"SMITH"},{"floor":15,"key":"REST"},{"data":"J.A.X.","floor":24,"key":"SMITH"},{"floor":28,"key":"REST"},{"floor":32,"key":"REST"},{"floor":41,"key":"REST"}],"neow_cost":"NONE","seed_source_timestamp":444033655653865,"circlet_count":0,"master_deck":["Strike_R","Strike_R+1","Strike_R+1","Strike_R","Strike_R","Defend_R+1","Defend_R","Bash+1","AscendersBane","Twin Strike","Perfected Strike+1","Twin Strike","Perfected Strike+1","Twin Strike","Thunderclap","Twin Strike+1","J.A.X.+1","Whirlwind","Feed","Pommel Strike","Shockwave+1","Impervious","Flex","Pommel Strike","Metallicize+1","Spot Weakness"],"relics":["Burning Blood","Whetstone","Frozen Egg 2","Ginger","Singing Bowl","Torii","Red Skull","Velvet Choker","Potion Belt","Oddly Smooth Stone","Art of War","Tiny Chest","Black Star","War Paint","StoneCalendar","Self Forming Clay","Blue Candle"],"potions_floor_usage":[11,13,16,16,25,31,33,33,33,33,33,39,40,40],"damage_taken":[{"damage":1,"enemies":"Cultist","floor":1,"turns":3},{"damage":0,"enemies":"Small Slimes","floor":2,"turns":2},{"damage":0,"enemies":"2 Louse","floor":3,"turns":2},{"damage":3,"enemies":"Blue Slaver","floor":5,"turns":3},{"damage":25,"enemies":"Lagavulin","floor":6,"turns":5},{"damage":0,"enemies":"Large Slime","floor":8,"turns":2},{"damage":20,"enemies":"3 Sentries","floor":11,"turns":5},{"damage":5,"enemies":"Exordium Wildlife","floor":12,"turns":3},{"damage":20,"enemies":"Lagavulin","floor":13,"turns":4},{"damage":40,"enemies":"The Guardian","floor":16,"turns":7},{"damage":11,"enemies":"2 Thieves","floor":18,"turns":2},{"damage":7,"enemies":"Chosen","floor":19,"turns":3},{"damage":17,"enemies":"Snake Plant","floor":20,"turns":2},{"damage":10,"enemies":"Chosen and Byrds","floor":22,"turns":3},{"damage":19,"enemies":"Gremlin Leader","floor":23,"turns":4},{"damage":14,"enemies":"Book of Stabbing","floor":25,"turns":2},{"damage":22,"enemies":"Shelled Parasite and Fungi","floor":27,"turns":3},{"damage":1,"enemies":"3 Cultists","floor":29,"turns":3},{"damage":15,"enemies":"Chosen and Byrds","floor":30,"turns":3},{"damage":10,"enemies":"Slavers","floor":31,"turns":2},{"damage":56,"enemies":"Champ","floor":33,"turns":8},{"damage":41,"enemies":"3 Shapes","floor":35,"turns":4},{"damage":0,"enemies":"Flame Bruiser 1 Orb","floor":37,"turns":3},{"damage":27,"floor":39,"turns":3},{"damage":28,"enemies":"2 Orb Walkers","floor":40,"turns":4},{"damage":59,"enemies":"Nemesis","floor":42,"turns":4}],"seed_played":"-7411823662046033575","potions_obtained":[{"floor":5,"key":"Weak Potion"},{"floor":8,"key":"AttackPotion"},{"floor":12,"key":"SteroidPotion"},{"floor":13,"key":"Poison Potion"},{"floor":20,"key":"FearPotion"},{"floor":27,"key":"Explosive Potion"},{"floor":29,"key":"Ancient Potion"},{"floor":30,"key":"AttackPotion"},{"floor":31,"key":"EntropicBrew"},{"floor":35,"key":"PowerPotion"},{"floor":40,"key":"Ancient Potion"}],"is_trial":false,"path_per_floor":["M","M","M","?","M","E","R","M","T","?","E","M","E","$","R","B",null,"M","M","M","?","M","E","R","E","T","M","R","M","M","E","R","B",null,"M","?","M","T","?","E","R"],"character_chosen":"IRONCLAD","items_purchased":["Red Skull"],"campfire_rested":4,"item_purchase_floors":[14],"current_hp_per_floor":[73,75,75,52,55,36,36,42,42,42,42,45,33,33,57,25,69,66,67,56,56,52,39,39,31,31,15,41,48,41,39,66,16,74,44,44,53,53,35,13,44,0],"gold":513,"neow_bonus":"RANDOM_COMMON_RELIC","is_prod":false,"is_daily":false,"chose_seed":false,"campfire_upgraded":2,"win_rate":0,"timestamp":1534915703,"path_taken":["M","M","M","?","M","E","R","M","T","?","E","M","E","?","R","BOSS","M","M","?","?","M","E","R","E","T","?","R","M","M","E","R","BOSS","M","?","M","?","?","E","R","E"],"build_version":"2018-08-16","purchased_purges":1,"victory":false,"max_hp_per_floor":[75,75,75,75,75,75,75,75,75,75,77,79,81,81,81,83,83,85,87,87,87,87,87,87,87,87,87,87,89,91,93,93,93,93,98,98,101,101,104,104,104,104],"card_choices":[{"not_picked":["True Grit","Shrug It Off"],"picked":"Twin Strike","floor":1},{"not_picked":["True Grit","Dual Wield"],"picked":"Perfected Strike","floor":2},{"not_picked":["Cleave","Headbutt"],"picked":"Twin Strike","floor":3},{"not_picked":["Armaments","Shockwave"],"picked":"Perfected Strike","floor":5},{"not_picked":["Infernal Blade","Double Tap"],"picked":"Twin Strike","floor":6},{"not_picked":["Wild Strike","Shrug It Off"],"picked":"Thunderclap","floor":8},{"not_picked":["Cleave","Thunderclap","Entrench"],"picked":"Singing Bowl","floor":11},{"not_picked":["Clothesline","Carnage","Inflame+1"],"picked":"Singing Bowl","floor":12},{"not_picked":["Hemokinesis","Sword Boomerang","True Grit"],"picked":"Singing Bowl","floor":13},{"not_picked":["Fiend Fire","Exhume","Offering"],"picked":"Singing Bowl","floor":16},{"not_picked":["Armaments","Iron Wave","Flex"],"picked":"Singing Bowl","floor":18},{"not_picked":["Intimidate","Havoc","Cleave"],"picked":"Singing Bowl","floor":19},{"not_picked":["Wild Strike","True Grit+1"],"picked":"Twin Strike+1","floor":20},{"not_picked":["Headbutt","Reckless Charge"],"picked":"Whirlwind","floor":22},{"not_picked":["Rampage","Burning Pact"],"picked":"Feed","floor":23},{"not_picked":["Cleave","Warcry"],"picked":"Pommel Strike","floor":25},{"not_picked":["Havoc","Clothesline"],"picked":"Shockwave","floor":27},{"not_picked":["Clash","Battle Trance","Wild Strike+1"],"picked":"Singing Bowl","floor":29},{"not_picked":["Headbutt+1","Dropkick","Dual Wield"],"picked":"Singing Bowl","floor":30},{"not_picked":["Offering","Armaments","Havoc"],"picked":"Singing Bowl","floor":31},{"not_picked":["Immolate","Berserk+1"],"picked":"Impervious","floor":33},{"not_picked":["Flex","Heavy Blade+1","Wild Strike"],"picked":"Singing Bowl","floor":35},{"not_picked":["Flex+1","Cleave+1"],"picked":"Pommel Strike","floor":37},{"not_picked":["Clash","Feel No Pain+1"],"picked":"Metallicize+1","floor":39},{"not_picked":["Carnage","Body Slam+1"],"picked":"Spot Weakness","floor":40}],"player_experience":480566,"relics_obtained":[{"floor":6,"key":"Frozen Egg 2"},{"floor":9,"key":"Ginger"},{"floor":11,"key":"Singing Bowl"},{"floor":13,"key":"Torii"},{"floor":23,"key":"Potion Belt"},{"floor":25,"key":"Oddly Smooth Stone"},{"floor":26,"key":"Art of War"},{"floor":31,"key":"Tiny Chest"},{"floor":38,"key":"War Paint"},{"floor":39,"key":"StoneCalendar"},{"floor":40,"key":"Self Forming Clay"},{"floor":40,"key":"Blue Candle"}],"event_choices":[{"event_name":"Shining Light","player_choice":"Entered Light","floor":4,"damage_taken":0},{"event_name":"Golden Idol","player_choice":"Ignored","floor":10,"damage_taken":0},{"event_name":"Drug Dealer","player_choice":"Got JAXXED","floor":21,"damage_taken":0},{"event_name":"Transmorgrifier","player_choice":"Transform","floor":36,"damage_taken":0},{"event_name":"Mysterious Sphere","player_choice":"Fight","floor":39,"damage_taken":0}],"is_beta":false,"boss_relics":[{"not_picked":["Runic Cube","White Beast Statue"],"picked":"Velvet Choker"},{"not_picked":["Cursed Key","Tiny House"],"picked":"Black Star"}],"items_purged_floors":[14],"is_endless":false,"potions_floor_spawned":[5,8,12,13,20,27,29,30,31,35,40],"killed_by":"Nemesis","ascension_level":16}