{"gold_per_floor":[113,131,81,81,81,81,99,113,113,132,170,170,95,95],"floor_reached":14,"playtime":760,"items_purged":["Strike_G"],"score":99,"play_id":"2780a270-a67c-4752-b3d9-f2665d0490b6","local_time":"20180902132330","is_ascension_mode":true,"campfire_choices":[{"data":"Cloak And Dagger","floor":6,"key":"SMITH"}],"neow_cost":"NONE","seed_source_timestamp":453090428477631,"circlet_count":0,"master_deck":["Defend_G","Defend_G","Defend_G","Defend_G","Defend_G","Strike_G","Strike_G","Strike_G+1","Survivor","Neutralize","Backflip+1","Cloak And Dagger+1","Injury","Blur","Infinite Blades","Blur"],"relics":["Ring of the Snake","Juzu Bracelet","Matryoshka","Golden Idol","Dodecahedron","StoneCalendar","Calipers"],"potions_floor_usage":[14],"damage_taken":[{"damage":4,"enemies":"Jaw Worm","floor":1,"turns":6},{"damage":0,"enemies":"2 Louse","floor":2,"turns":2},{"damage":2,"enemies":"Small Slimes","floor":7,"turns":5},{"damage":0,"enemies":"2 Fungi Beasts","floor":8,"turns":5},{"damage":4,"enemies":"Large Slime","floor":10,"turns":6},{"damage":6,"enemies":"Lagavulin","floor":11,"turns":8},{"damage":70,"enemies":"Gremlin Nob","floor":14,"turns":6}],"seed_played":"708125194328923153","potions_obtained":[{"floor":7,"key":"Explosive Potion"},{"floor":11,"key":"Ancient Potion"}],"is_trial":false,"path_per_floor":["M","M","?","?","?","R","M","M","T","M","E","?","$"],"character_chosen":"THE_SILENT","items_purchased":[],"campfire_rested":0,"item_purchase_floors":[],"current_hp_per_floor":[66,66,66,48,48,48,46,46,46,42,36,22,22,0],"gold":95,"neow_bonus":"RANDOM_COMMON_RELIC","is_prod":false,"is_daily":false,"chose_seed":false,"campfire_upgraded":1,"win_rate":0,"timestamp":1535860410,"path_taken":["M","M","?","?","?","R","M","M","T","M","E","?","$","E"],"build_version":"2018-08-30","purchased_purges":1,"victory":false,"max_hp_per_floor":[70,70,70,70,70,70,70,70,70,70,70,70,70,70],"card_choices":[{"not_picked":["Calculated Gamble","Dagger Throw"],"picked":"Backflip","floor":1},{"not_picked":["Dodge and Roll","Sucker Punch"],"picked":"Cloak And Dagger","floor":2},{"not_picked":["PiercingWail","Dagger Spray"],"picked":"Blur","floor":7},{"not_picked":["Skewer","PiercingWail"],"picked":"Infinite Blades","floor":8},{"not_picked":["Unload","Deflect"],"picked":"Blur","floor":10},{"not_picked":["Sucker Punch","All Out Attack","Poisoned Stab"],"picked":"SKIP","floor":11}],"player_experience":107684,"relics_obtained":[{"floor":9,"key":"Dodecahedron"},{"floor":9,"key":"StoneCalendar"},{"floor":11,"key":"Calipers"}],"event_choices":[{"event_name":"The Cleric","player_choice":"Card Removal","floor":3,"damage_taken":0},{"event_name":"Scrap Ooze","player_choice":"success","floor":4,"damage_taken":18},{"event_name":"Golden Idol","player_choice":"Take Wound","floor":5,"damage_taken":0},{"event_name":"Shining Light","player_choice":"Entered Light","floor":12,"damage_taken":0}],"is_beta":false,"boss_relics":[],"items_purged_floors":[13],"is_endless":false,"potions_floor_spawned":[7,11],"killed_by":"Gremlin Nob","ascension_level":2}