{"gold_per_floor":[18,31,31,49,65,65,65,39,63,79,94,94,104,119,119,119],"floor_reached":16,"playtime":791,"items_purged":[],"score":110,"play_id":"692a6895-c96b-4842-a345-e372faf8fa96","local_time":"20180926194806","is_ascension_mode":true,"campfire_choices":[{"data":"Zap","floor":6,"key":"SMITH"},{"data":"Hologram","floor":12,"key":"SMITH"},{"data":"White Noise","floor":15,"key":"SMITH"}],"neow_cost":"NO_GOLD","seed_source_timestamp":1130001572113701,"circlet_count":0,"master_deck":["Strike_B","Strike_B","Strike_B","Strike_B","Defend_B","Defend_B","Defend_B","Defend_B","Zap+1","Dualcast","Seek","Hello World+1","Gash","Scrape","Cold Snap","Hologram+1","Go for the Eyes","Cold Snap","White Noise+1"],"special_seed":0,"relics":["Cracked Core","DataDisk"],"potions_floor_usage":[16,16],"damage_taken":[{"damage":7,"enemies":"2 Louse","floor":1,"turns":2},{"damage":6,"enemies":"Cultist","floor":2,"turns":3},{"damage":2,"enemies":"Jaw Worm","floor":4,"turns":3},{"damage":18,"enemies":"Exordium Thugs","floor":5,"turns":5},{"damage":2,"enemies":"Gremlin Gang","floor":10,"turns":5},{"damage":3,"enemies":"Looter","floor":11,"turns":2},{"damage":12,"enemies":"2 Fungi Beasts","floor":13,"turns":3},{"damage":0,"enemies":"Large Slime","floor":14,"turns":4},{"damage":27,"enemies":"The Guardian","floor":16,"turns":7}],"seed_played":"5801244231367194922","potions_obtained":[{"floor":1,"key":"SpeedPotion"},{"floor":4,"key":"PowerPotion"},{"floor":14,"key":"SpeedPotion"}],"is_trial":false,"path_per_floor":["M","M","?","M","M","R","?","$","T","M","M","R","M","M","R"],"character_chosen":"DEFECT","items_purchased":["Hologram"],"campfire_rested":0,"item_purchase_floors":[8],"current_hp_per_floor":[68,62,62,60,42,42,42,42,42,40,37,37,25,25,25,0],"gold":119,"neow_bonus":"THREE_RARE_CARDS","is_prod":false,"is_daily":false,"chose_seed":false,"campfire_upgraded":3,"win_rate":0,"timestamp":1537957086,"path_taken":["M","M","?","M","M","R","?","$","T","M","M","R","M","?","R","BOSS"],"build_version":"2018-09-20","purchased_purges":0,"victory":false,"max_hp_per_floor":[75,75,75,75,75,75,75,75,75,75,75,75,75,75,75,75],"card_choices":[{"not_picked":["Multi-Cast","Hyperbeam"],"picked":"Seek","floor":0},{"not_picked":["Force Field","Consume"],"picked":"Hello World","floor":1},{"not_picked":["Loop","Hello World"],"picked":"Gash","floor":2},{"not_picked":["Coolheaded","Ball Lightning"],"picked":"Scrape","floor":4},{"not_picked":["Hologram","Undo"],"picked":"Cold Snap","floor":5},{"not_picked":["Redo","BootSequence"],"picked":"Go for the Eyes","floor":10},{"not_picked":["Doom and Gloom","Hologram"],"picked":"Cold Snap","floor":11},{"not_picked":["Amplify","Conserve Battery"],"picked":"White Noise","floor":13},{"not_picked":["Ball Lightning","Redo","Steam Power"],"picked":"SKIP","floor":14}],"player_experience":215570,"relics_obtained":[{"floor":9,"key":"DataDisk"}],"event_choices":[{"event_name":"Liars Game","player_choice":"disagreed","floor":3,"damage_taken":0},{"event_name":"Accursed Blacksmith","player_choice":"Forge","floor":7,"damage_taken":0}],"is_beta":false,"boss_relics":[],"items_purged_floors":[],"is_endless":false,"potions_floor_spawned":[1,4,14],"killed_by":"The Guardian","ascension_level":3}