{"gold_per_floor":[113,128,148,148,158,158,176,176,176,187,238,238,11,11,11,84,84,104,104,29,0],"floor_reached":21,"playtime":385,"items_purged":["Combust"],"score":363,"play_id":"2ddb91e5-b832-4752-99f6-c87caab0ff9c","local_time":"20180829070303","is_ascension_mode":true,"campfire_choices":[{"data":"Uppercut","floor":6,"key":"SMITH"},{"floor":8,"key":"REST"},{"data":"Spot Weakness","floor":12,"key":"SMITH"},{"data":"Bash","floor":15,"key":"SMITH"}],"neow_cost":"NONE","seed_source_timestamp":0,"circlet_count":0,"master_deck":["Bash+1","AscendersBane","Headbutt","Spot Weakness+1","Uppercut+1","Twin Strike","Spot Weakness","Limit Break+1","Clothesline","Evolve","Clash","True Grit","Iron Wave","Rupture","Cleave","Reckless Charge","Havoc+1"],"special_seed":0,"relics":["Burning Blood","Strawberry","Ancient Tea Set","Lee\u0027s Waffle","Pandora\u0027s Box"],"potions_floor_usage":[10,16],"damage_taken":[{"damage":9.0,"enemies":"Jaw Worm","floor":1.0,"turns":3.0},{"damage":8.0,"enemies":"2 Louse","floor":2.0,"turns":3.0},{"damage":17.0,"enemies":"Small Slimes","floor":3.0,"turns":4.0},{"damage":14.0,"enemies":"Red Slaver","floor":5.0,"turns":3.0},{"damage":45,"enemies":"Exordium Wildlife","floor":7,"turns":5},{"damage":24,"enemies":"Exordium Thugs","floor":10,"turns":3},{"damage":44,"enemies":"The Guardian","floor":16,"turns":9},{"damage":67,"enemies":"3 Byrds","floor":18,"turns":5},{"damage":26,"enemies":"2 Thieves","floor":21,"turns":2}],"seed_played":"-2655609609194013868","potions_obtained":[{"floor":3.0,"key":"Ancient Potion"},{"floor":5.0,"key":"GamblersBrew"},{"floor":10,"key":"Poison Potion"}],"is_trial":false,"path_per_floor":["M","M","M","?","M","R","M","R","T","M","T","R","$","$","R","B",null,"M","?","$"],"character_chosen":"IRONCLAD","items_purchased":["Lee\u0027s Waffle"],"campfire_rested":1,"item_purchase_floors":[13],"current_hp_per_floor":[72,70,59,64,56,56,17,43,50,32,32,32,101,101,101,63,92,31,31,31,5],"gold":0,"neow_bonus":"TEN_PERCENT_HP_BONUS","is_prod":false,"is_daily":false,"chose_seed":false,"campfire_upgraded":3,"win_rate":0,"timestamp":1535493783,"path_taken":["M","M","M","?","M","R","M","R","T","?","?","R","?","$","R","BOSS","M","?","$","M"],"build_version":"2018-08-23v2","purchased_purges":1,"victory":false,"max_hp_per_floor":[82,82,82,87,87,87,87,87,94,94,94,94,101,101,101,101,101,101,101,101,101],"card_choices":[{"not_picked":["Clothesline","Heavy Blade"],"picked":"Headbutt","floor":1.0},{"not_picked":["Twin Strike","Cleave"],"picked":"Spot Weakness","floor":2.0},{"not_picked":["Thunderclap","Anger"],"picked":"Uppercut","floor":3.0},{"not_picked":["Havoc","Heavy Blade"],"picked":"Twin Strike","floor":5.0},{"not_picked":["Second Wind","Anger","Armaments"],"picked":"SKIP","floor":7},{"not_picked":["Reckless Charge","Brutality"],"picked":"Spot Weakness","floor":10},{"not_picked":["Berserk","Double Tap"],"picked":"Limit Break","floor":16},{"not_picked":["Warcry+1","Flame Barrier"],"picked":"Havoc+1","floor":18}],"player_experience":537515,"relics_obtained":[{"floor":9,"key":"Strawberry"},{"floor":11,"key":"Ancient Tea Set"}],"event_choices":[{"event_name":"Big Fish","player_choice":"Donut","floor":4.0,"damage_taken":0.0},{"event_name":"Upgrade Shrine","player_choice":"Upgraded","floor":19,"damage_taken":0}],"is_beta":false,"boss_relics":[{"not_picked":["Empty Cage","Black Blood"],"picked":"Pandora\u0027s Box"}],"items_purged_floors":[20],"is_endless":false,"potions_floor_spawned":[3,5,10],"killed_by":"2 Thieves","ascension_level":20}