{"gold_per_floor":[143,143,143,143,143,187,187,227,254,179,204,204,26,26,26,119,119,139,139,157,176,176,176],"floor_reached":23,"playtime":371,"items_purged":["Injury","Defend_R"],"score":441,"play_id":"05654948-7fd9-4558-8f91-9fe4f25f9862","local_time":"20180822004941","is_ascension_mode":true,"campfire_choices":[{"data":"Flex","floor":7,"key":"SMITH"},{"floor":12,"key":"REST"},{"data":"Whirlwind","floor":15,"key":"SMITH"}],"neow_cost":"NONE","seed_source_timestamp":395600055607123,"circlet_count":0,"master_deck":["Strike_R+1","Strike_R+1","Strike_R","Strike_R","Strike_R","Defend_R","Defend_R","Defend_R","Bash+1","AscendersBane","Flex+1","Metallicize","Twin Strike","Pummel","Whirlwind+1","Berserk","Flex+1","RitualDagger","Flex","Inflame"],"relics":["Burning Blood","Tiny Chest","Golden Idol","Mercury Hourglass","Whetstone","Lantern","Potion Belt","Omamori","Sozu"],"potions_floor_usage":[16,18,21],"damage_taken":[{"damage":7,"enemies":"2 Louse","floor":1,"turns":3},{"damage":43,"enemies":"Lagavulin","floor":6,"turns":6},{"damage":32,"enemies":"Gremlin Nob","floor":8,"turns":4},{"damage":2,"enemies":"Jaw Worm","floor":11,"turns":3},{"damage":0,"enemies":"Slime Boss","floor":16,"turns":3},{"damage":16,"enemies":"Spheric Guardian","floor":18,"turns":3},{"damage":43,"enemies":"2 Thieves","floor":20,"turns":4},{"damage":0,"enemies":"Shelled Parasite and Fungi","floor":21,"turns":1},{"damage":38,"enemies":"Book of Stabbing","floor":23,"turns":2}],"seed_played":"8217766011322958973","potions_obtained":[{"floor":8,"key":"SteroidPotion"},{"floor":11,"key":"FearPotion"},{"floor":16,"key":"Swift Potion"}],"is_trial":false,"path_per_floor":["M","?","?","?","T","E","R","E","T","$","M","R","$","T","R","B",null,"M","?","M","M","?"],"character_chosen":"IRONCLAD","items_purchased":["Whirlwind"],"campfire_rested":1,"item_purchase_floors":[13],"current_hp_per_floor":[67,67,67,72,72,35,35,9,9,9,13,37,37,37,37,43,71,61,55,18,24,24,0],"gold":176,"neow_bonus":"RANDOM_COMMON_RELIC","is_prod":false,"is_daily":false,"chose_seed":false,"campfire_upgraded":2,"win_rate":0,"timestamp":1534866581,"path_taken":["M","?","?","?","?","E","R","E","T","?","M","R","$","?","R","BOSS","M","?","M","M","?","E"],"build_version":"2018-08-16","purchased_purges":2,"victory":false,"max_hp_per_floor":[75,75,75,80,80,80,80,80,80,80,80,80,80,80,80,80,80,80,80,80,80,80,80],"card_choices":[{"not_picked":["True Grit","Headbutt"],"picked":"Flex","floor":1},{"not_picked":["Reckless Charge","Dark Embrace"],"picked":"Metallicize","floor":6},{"not_picked":["Sentinel","Pommel Strike"],"picked":"Twin Strike","floor":8},{"not_picked":["Cleave","Second Wind"],"picked":"Pummel","floor":11},{"not_picked":["Dark Embrace","Juggernaut"],"picked":"Berserk","floor":16},{"not_picked":["Iron Wave","Clash"],"picked":"Flex+1","floor":18},{"not_picked":["Pommel Strike","Second Wind"],"picked":"Flex","floor":20},{"not_picked":["Body Slam","Rupture"],"picked":"Inflame","floor":21}],"player_experience":479560,"relics_obtained":[{"floor":5,"key":"Mercury Hourglass"},{"floor":6,"key":"Whetstone"},{"floor":8,"key":"Lantern"},{"floor":9,"key":"Potion Belt"},{"floor":14,"key":"Omamori"}],"event_choices":[{"event_name":"Golden Idol","player_choice":"Take Wound","floor":2,"damage_taken":0},{"event_name":"Upgrade Shrine","player_choice":"Upgraded","floor":3,"damage_taken":0},{"event_name":"Big Fish","player_choice":"Donut","floor":4,"damage_taken":0},{"event_name":"Nest","player_choice":"Joined the Cult","floor":19,"damage_taken":0},{"event_name":"Cursed Tome","player_choice":"Ignored","floor":22,"damage_taken":0}],"is_beta":false,"boss_relics":[{"not_picked":["Runic Cube","Calling Bell"],"picked":"Sozu"}],"items_purged_floors":[10,13],"is_endless":false,"potions_floor_spawned":[8,11,16,18],"killed_by":"Book of Stabbing","ascension_level":16}