{"gold_per_floor":[117,117,140,94,94,94,113,113,181,206,227,64,64,78,78,198,198,217,242,242,242,266,266,266],"floor_reached":24,"playtime":966,"items_purged":["Strike_R"],"score":188,"play_id":"49457974-8edb-4da1-bd4b-f7bad5742a7f","local_time":"20190214152607","is_ascension_mode":false,"campfire_choices":[{"floor":6,"key":"RECALL"},{"data":"Enlightenment","floor":13,"key":"SMITH"},{"floor":15,"key":"REST"},{"floor":23,"key":"REST"}],"neow_cost":"NONE","seed_source_timestamp":14003825715039,"circlet_count":0,"master_deck":["Strike_R","Strike_R","Defend_R","Defend_R","Defend_R","Defend_R","Bash","Bludgeon","Flex","Shrug It Off","Rupture","Bludgeon","Demon Form","Flame Barrier","Enlightenment+1","Flex","Limit Break","Rampage","Pummel"],"relics":["Burning Blood","Golden Idol","Eternal Feather","Kunai"],"potions_floor_usage":[20,20,22,24],"damage_taken":[{"damage":4,"enemies":"2 Louse","floor":1,"turns":3},{"damage":1,"enemies":"Jaw Worm","floor":3,"turns":3},{"damage":0,"enemies":"Small Slimes","floor":7,"turns":3},{"damage":13,"enemies":"Red Slaver","floor":10,"turns":2},{"damage":10,"enemies":"Exordium Thugs","floor":11,"turns":4},{"damage":3,"enemies":"Gremlin Gang","floor":14,"turns":6},{"damage":17,"enemies":"Slime Boss","floor":16,"turns":8},{"damage":32,"enemies":"3 Byrds","floor":18,"turns":7},{"damage":2,"enemies":"Spheric Guardian","floor":19,"turns":3},{"damage":30,"enemies":"Colosseum Slavers","floor":20,"turns":4},{"damage":32,"enemies":"Snake Plant","floor":22,"turns":5},{"damage":63,"enemies":"Book of Stabbing","floor":24,"turns":6}],"seed_played":"-605087592971503479","potions_obtained":[{"floor":3,"key":"AttackPotion"},{"floor":11,"key":"AttackPotion"},{"floor":18,"key":"BloodPotion"},{"floor":22,"key":"GamblersBrew"}],"is_trial":false,"path_per_floor":["M","?","M","$","?","R","M","?","T","M","M","$","R","M","R","B",null,"M","M","?","T","M","R","E"],"character_chosen":"IRONCLAD","items_purchased":["Shrug It Off","Enlightenment"],"campfire_rested":2,"item_purchase_floors":[4,12],"current_hp_per_floor":[80,60,65,65,58,58,64,64,64,57,53,53,53,56,80,69,80,54,58,34,34,16,49,0],"gold":266,"neow_bonus":"ONE_RANDOM_RARE_CARD","is_prod":false,"is_daily":false,"chose_seed":false,"campfire_upgraded":1,"win_rate":0,"timestamp":1550125567,"path_taken":["M","?","M","$","?","R","M","?","T","?","M","?","R","M","R","BOSS","M","?","?","?","M","R","E"],"build_version":"2019-01-23","purchased_purges":1,"victory":false,"max_hp_per_floor":[80,80,80,80,80,80,80,80,80,80,80,80,80,80,80,80,80,80,80,80,80,80,80,80],"card_choices":[{"not_picked":["Thunderclap","Searing Blow","Corruption"],"picked":"SKIP","floor":1},{"not_picked":["Thunderclap","Sword Boomerang"],"picked":"Flex","floor":3},{"not_picked":["Searing Blow","Perfected Strike"],"picked":"Rupture","floor":7},{"not_picked":["Flame Barrier","Wild Strike"],"picked":"Demon Form","floor":10},{"not_picked":["Twin Strike","Warcry"],"picked":"Flame Barrier","floor":11},{"not_picked":["Pommel Strike","Burning Pact"],"picked":"Flex","floor":14},{"not_picked":["Brutality","Fiend Fire"],"picked":"Limit Break","floor":16},{"not_picked":["Armaments","Flex"],"picked":"Rampage","floor":18},{"not_picked":["Clash","Wild Strike"],"picked":"Pummel","floor":19},{"not_picked":["Sever Soul","Hemokinesis+1","True Grit"],"picked":"SKIP","floor":22}],"player_experience":119982,"relics_obtained":[{"floor":21,"key":"Kunai"}],"event_choices":[{"damage_healed":0,"gold_gain":0,"player_choice":"Take Damage","damage_taken":20,"relics_obtained":["Golden Idol"],"max_hp_gain":0,"max_hp_loss":0,"event_name":"Golden Idol","floor":2,"gold_loss":0},{"cards_removed":["Strike_R"],"damage_healed":0,"gold_gain":0,"player_choice":"Card Removal","damage_taken":7,"max_hp_gain":0,"max_hp_loss":0,"event_name":"Golden Wing","floor":5,"gold_loss":0},{"damage_healed":0,"gold_gain":0,"cards_transformed":["Strike_R"],"player_choice":"Transformed","damage_taken":0,"max_hp_gain":0,"max_hp_loss":0,"event_name":"Transmorgrifier","floor":8,"gold_loss":0,"cards_obtained":["Bludgeon"]},{"damage_healed":0,"gold_gain":0,"player_choice":"Fight","damage_taken":0,"max_hp_gain":0,"max_hp_loss":0,"event_name":"Colosseum","floor":20,"gold_loss":0},{"damage_healed":0,"gold_gain":0,"player_choice":"Fled From Nobs","damage_taken":0,"max_hp_gain":0,"max_hp_loss":0,"event_name":"Colosseum","floor":20,"gold_loss":0}],"is_beta":false,"boss_relics":[{"not_picked":["Busted Crown","Runic Cube"],"picked":"Eternal Feather"}],"items_purged_floors":[12],"is_endless":false,"potions_floor_spawned":[3,11,18,22],"killed_by":"Book of Stabbing","ascension_level":0}