{"gold_per_floor":[113,128,128,143,203,203,230,230,309,339,44,44,44,60,60,60],"floor_reached":16,"playtime":672,"items_purged":[],"score":108,"play_id":"ad642c08-f395-40da-9050-d34c6466b15f","local_time":"20180826092213","is_ascension_mode":false,"campfire_choices":[{"data":"Crippling Poison","floor":6,"key":"SMITH"},{"data":"Caltrops","floor":8,"key":"SMITH"},{"floor":12,"key":"REST"},{"data":"Caltrops","floor":15,"key":"SMITH"}],"neow_cost":"PERCENT_DAMAGE","seed_source_timestamp":443700097092,"circlet_count":0,"master_deck":["Defend_G","Defend_G","Defend_G","Defend_G","Strike_G","Strike_G","Strike_G","Strike_G","Survivor","Neutralize","Crippling Poison+1","Backstab","Caltrops+1","Dodge and Roll","Poisoned Stab","Caltrops+1"],"relics":["Ring of the Snake","Omamori","Pen Nib","Letter Opener","Pear","Mercury Hourglass"],"potions_floor_usage":[7,10],"damage_taken":[{"damage":2,"enemies":"Jaw Worm","floor":1,"turns":7},{"damage":0,"enemies":"2 Louse","floor":2,"turns":3},{"damage":1,"enemies":"Cultist","floor":4,"turns":5},{"damage":20,"enemies":"Lagavulin","floor":7,"turns":7},{"damage":13,"enemies":"Gremlin Nob","floor":10,"turns":4},{"damage":9,"enemies":"Blue Slaver","floor":14,"turns":3},{"damage":28,"enemies":"Slime Boss","floor":16,"turns":6}],"seed_played":"-7255545069703180157","potions_obtained":[{"floor":1,"key":"Fire Potion"},{"floor":2,"key":"Energy Potion"},{"floor":10,"key":"GhostInAJar"}],"is_trial":false,"path_per_floor":["M","M","?","M","?","R","E","R","T","E","$","R","$","M","R"],"character_chosen":"THE_SILENT","items_purchased":["Mercury Hourglass","Poisoned Stab"],"campfire_rested":1,"item_purchase_floors":[11,11],"current_hp_per_floor":[47,47,35,34,34,34,14,14,14,11,11,35,35,26,26,0],"gold":60,"neow_bonus":"REMOVE_TWO","is_prod":false,"is_daily":false,"chose_seed":false,"campfire_upgraded":3,"win_rate":0.0,"timestamp":1535241133,"path_taken":["M","M","?","?","?","R","E","R","T","E","?","R","$","?","R","BOSS"],"build_version":"2018-08-23v2","purchased_purges":0,"victory":false,"max_hp_per_floor":[70,70,70,70,70,70,70,70,70,80,80,80,80,80,80,80],"card_choices":[{"not_picked":["Outmaneuver","Deadly Poison"],"picked":"Crippling Poison","floor":1},{"not_picked":["Blade Dance","Eviscerate","Underhanded Strike"],"picked":"SKIP","floor":2},{"not_picked":["Infinite Blades","Endless Agony"],"picked":"Backstab","floor":4},{"not_picked":["Terror","Dagger Spray"],"picked":"Caltrops","floor":7},{"not_picked":["Tactician","Dagger Spray"],"picked":"Dodge and Roll","floor":10},{"not_picked":["Outmaneuver","Poisoned Stab"],"picked":"Caltrops","floor":14}],"player_experience":44601,"relics_obtained":[{"floor":7,"key":"Pen Nib"},{"floor":9,"key":"Letter Opener"},{"floor":10,"key":"Pear"}],"event_choices":[{"event_name":"Scrap Ooze","player_choice":"success","floor":3,"damage_taken":12},{"event_name":"Golden Wing","player_choice":"Gained Gold","floor":5,"damage_taken":0}],"is_beta":false,"boss_relics":[],"items_purged_floors":[],"is_endless":false,"potions_floor_spawned":[1,2,10],"killed_by":"Slime Boss","ascension_level":0}