{"gold_per_floor":[15,15,15,40,40,71,35,35,35,50,50,12,12,32,32,32],"floor_reached":16,"playtime":558,"items_purged":[],"score":133,"play_id":"eaf83bd1-d235-47cf-a9c8-9566aff5a252","local_time":"20180906063159","is_ascension_mode":true,"campfire_choices":[{"data":"Streamline","floor":8,"key":"SMITH"},{"data":"Zap","floor":11,"key":"SMITH"},{"data":"Gash","floor":13,"key":"SMITH"},{"data":"Defragment","floor":15,"key":"SMITH"}],"neow_cost":"NO_GOLD","seed_source_timestamp":774346671001741,"circlet_count":0,"master_deck":["Strike_B","Strike_B","Strike_B","Strike_B+1","Defend_B+1","Defend_B","Defend_B","Defend_B","Zap+1","Dualcast","Gash+1","Regret","Defragment+1","Streamline+1","Self Repair","Self Repair","Consume"],"relics":["Cracked Core","Golden Idol","Anchor","Pear","Mummified Hand"],"potions_floor_usage":[6,16],"damage_taken":[{"damage":7,"enemies":"Small Slimes","floor":1,"turns":3},{"damage":2,"enemies":"2 Louse","floor":4,"turns":3},{"damage":35,"enemies":"Lagavulin","floor":6,"turns":8},{"damage":0,"enemies":"Jaw Worm","floor":10,"turns":2},{"damage":2,"enemies":"2 Fungi Beasts","floor":14,"turns":2},{"damage":45,"enemies":"Hexaghost","floor":16,"turns":9}],"seed_played":"6330965748314975090","potions_obtained":[{"floor":4,"key":"FearPotion"},{"floor":10,"key":"FearPotion"}],"is_trial":false,"path_per_floor":["M","?","?","M","?","E","$","R","T","M","R","$","R","M","R"],"character_chosen":"DEFECT","items_purchased":["Self Repair","Self Repair"],"campfire_rested":0,"item_purchase_floors":[7,12],"current_hp_per_floor":[82,82,82,80,64,39,39,39,39,39,39,39,39,44,44,0],"gold":32,"neow_bonus":"TWENTY_PERCENT_HP_BONUS","is_prod":false,"is_daily":false,"chose_seed":false,"campfire_upgraded":4,"win_rate":0,"timestamp":1536181319,"path_taken":["M","?","?","M","?","E","$","R","T","M","R","$","R","M","R","BOSS"],"build_version":"2018-08-30","purchased_purges":0,"victory":false,"max_hp_per_floor":[89,82,82,82,82,92,92,92,92,92,92,92,92,92,92,92],"card_choices":[{"not_picked":["Double Energy","Go for the Eyes"],"picked":"Gash","floor":1},{"not_picked":["Capacitor","Glacier"],"picked":"Defragment","floor":4},{"not_picked":["Steam Power","Sweeping Beam"],"picked":"Streamline","floor":6},{"not_picked":["Redo","Compile Driver","Melter"],"picked":"SKIP","floor":10},{"not_picked":["Leap","Compile Driver"],"picked":"Consume","floor":14}],"player_experience":131942,"relics_obtained":[{"floor":6,"key":"Pear"},{"floor":9,"key":"Mummified Hand"}],"event_choices":[{"event_name":"Golden Idol","player_choice":"Lose Max HP","floor":2,"damage_taken":0},{"event_name":"Big Fish","player_choice":"Box","floor":3,"damage_taken":0},{"event_name":"Shining Light","player_choice":"Entered Light","floor":5,"damage_taken":0}],"is_beta":false,"boss_relics":[],"items_purged_floors":[],"is_endless":false,"potions_floor_spawned":[4,10],"killed_by":"Hexaghost","ascension_level":2}