{"gold_per_floor":[362,38,38,58,35,60,135,135,162,182,197,210,210,13,13,113,113,129,142,42,55,55,55,55,65,65,65,91,91,12,12,12,116,116,136,136,154,0,0,0,49,49,103,117,93,93,112,131,131,131],"floor_reached":50,"playtime":2510,"items_purged":["Strike_R","Strike_R"],"score":550,"play_id":"c95f2b86-e337-4fd4-b923-b29c1da8c3cc","local_time":"20181013130048","is_ascension_mode":true,"campfire_choices":[{"data":"Armaments","floor":8,"key":"SMITH"},{"data":"Whirlwind","floor":13,"key":"SMITH"},{"data":"Immolate","floor":15,"key":"SMITH"},{"data":"Double Tap","floor":23,"key":"SMITH"},{"data":"Infernal Blade","floor":29,"key":"SMITH"},{"data":"Metallicize","floor":32,"key":"SMITH"},{"data":"Madness","floor":40,"key":"SMITH"},{"data":"Madness","floor":42,"key":"SMITH"},{"data":"Juggernaut","floor":46,"key":"SMITH"},{"data":"Flex","floor":49,"key":"SMITH"}],"neow_cost":"PERCENT_DAMAGE","seed_source_timestamp":0,"circlet_count":0,"master_deck":["Strike_R","Strike_R","Strike_R","Defend_R","Defend_R","Defend_R","Defend_R","Bash","Thunderclap","Clumsy","Double Tap+1","Immolate+1","Armaments+1","Uppercut","Shrug It Off","Whirlwind+1","Immolate","Reaper","Infernal Blade+1","Flex+1","Clothesline+1","Metallicize+1","RitualDagger+1","Juggernaut+1","Metallicize+1","Madness+1","Madness+1","Thunderclap+1","Clothesline+1","Anger+1"],"special_seed":0,"relics":["Black Blood","Pantograph","Meat on the Bone","Pen Nib","DollysMirror","Coffee Dripper","Unceasing Top","Molten Egg 2","Anchor","Red Mask","Happy Flower","Smiling Mask"],"potions_floor_usage":[6,33,33,50,50],"damage_taken":[{"damage":0.0,"enemies":"Small Slimes","floor":1.0,"turns":3.0},{"damage":1,"enemies":"Cultist","floor":4,"turns":3},{"damage":15,"enemies":"3 Sentries","floor":6,"turns":4},{"damage":5,"enemies":"Jaw Worm","floor":10,"turns":3},{"damage":0,"enemies":"Lots of Slimes","floor":11,"turns":1},{"damage":6,"enemies":"3 Louse","floor":12,"turns":3},{"damage":41,"enemies":"The Guardian","floor":16,"turns":9},{"damage":11,"enemies":"2 Thieves","floor":18,"turns":2},{"damage":0,"enemies":"3 Byrds","floor":19,"turns":2},{"damage":9,"enemies":"Cultist and Chosen","floor":21,"turns":3},{"damage":10,"enemies":"Centurion and Healer","floor":25,"turns":2},{"damage":22,"enemies":"Book of Stabbing","floor":28,"turns":3},{"damage":72,"enemies":"Automaton","floor":33,"turns":9},{"damage":0,"enemies":"Orb Walker","floor":35,"turns":2},{"damage":33,"enemies":"3 Darklings","floor":37,"turns":4},{"damage":7,"enemies":"Reptomancer","floor":44,"turns":5},{"damage":45,"enemies":"Spire Growth","floor":47,"turns":6},{"damage":27,"enemies":"4 Shapes","floor":48,"turns":5},{"damage":105,"enemies":"Awakened One","floor":50,"turns":9}],"seed_played":"-8173281742248380960","potions_obtained":[{"floor":4,"key":"Fire Potion"},{"floor":6,"key":"FearPotion"},{"floor":16,"key":"Dexterity Potion"},{"floor":19,"key":"FairyPotion"},{"floor":25,"key":"Fire Potion"},{"floor":35,"key":"LiquidBronze"},{"floor":37,"key":"Swift Potion"}],"is_trial":false,"path_per_floor":["M","$","?","M","$","E","?","R","T","M","M","M","R","$","R","B",null,"M","M","$","M","?","R","T","M","T","?","E","R","$","?","R","B",null,"M","?","M","?","$","R","T","R","T","M","$","R","M","M","R"],"character_chosen":"IRONCLAD","items_purchased":["Pantograph","Armaments","DollysMirror","Metallicize","Clothesline+1"],"campfire_rested":0,"item_purchase_floors":[2,5,14,30,45],"current_hp_per_floor":[62,62,62,67,67,58,47,47,47,48,54,54,54,54,54,56,80,75,80,80,77,77,77,77,78,78,78,62,62,62,56,56,26,80,80,70,59,59,59,59,59,59,59,76,76,76,57,52,52,0],"gold":131,"neow_bonus":"TWO_FIFTY_GOLD","is_prod":false,"is_daily":false,"chose_seed":false,"campfire_upgraded":10,"win_rate":0,"timestamp":1539397848,"path_taken":["M","$","?","?","?","E","?","R","T","?","M","?","R","$","R","BOSS","M","M","$","M","?","R","?","M","T","?","E","R","$","?","R","BOSS","M","?","M","?","?","R","?","R","T","M","$","R","M","M","R","BOSS"],"build_version":"2018-10-11","purchased_purges":2,"victory":false,"max_hp_per_floor":[80,80,80,80,80,80,80,80,80,80,80,80,80,80,80,80,80,80,80,80,80,80,80,80,80,80,80,80,80,80,80,80,80,80,80,80,80,80,80,80,80,80,80,80,80,80,80,80,80,80],"card_choices":[{"not_picked":["Iron Wave","Fire Breathing"],"picked":"Thunderclap","floor":1.0},{"not_picked":["Iron Wave","Perfected Strike"],"picked":"Immolate","floor":4},{"not_picked":["Pummel","Hemokinesis"],"picked":"Uppercut","floor":6},{"not_picked":["Sword Boomerang","Pommel Strike"],"picked":"Shrug It Off","floor":10},{"not_picked":["Shrug It Off","Rampage"],"picked":"Whirlwind","floor":11},{"not_picked":["Clash","Headbutt","Whirlwind"],"picked":"SKIP","floor":12},{"not_picked":["Dark Embrace","Exhume"],"picked":"Reaper","floor":16},{"not_picked":["Iron Wave","Anger"],"picked":"Infernal Blade","floor":18},{"not_picked":["True Grit","Warcry","Battle Trance"],"picked":"SKIP","floor":19},{"not_picked":["Body Slam","Entrench","Havoc"],"picked":"SKIP","floor":21},{"not_picked":["Sword Boomerang","Armaments","Thunderclap"],"picked":"SKIP","floor":25},{"not_picked":["Wild Strike+1","Cleave+1"],"picked":"Clothesline+1","floor":28},{"not_picked":["Limit Break","Reaper+1"],"picked":"Juggernaut","floor":33},{"not_picked":["Iron Wave+1","True Grit"],"picked":"Metallicize+1","floor":35},{"not_picked":["Perfected Strike+1","Headbutt+1","Heavy Blade+1"],"picked":"SKIP","floor":37},{"not_picked":["Pommel Strike+1","Heavy Blade+1"],"picked":"Thunderclap+1","floor":44},{"not_picked":["Wild Strike+1","Cleave+1","Headbutt+1"],"picked":"SKIP","floor":47},{"not_picked":["Spot Weakness+1","Berserk"],"picked":"Anger+1","floor":48}],"player_experience":288146,"relics_obtained":[{"floor":6,"key":"Meat on the Bone"},{"floor":9,"key":"Pen Nib"},{"floor":24,"key":"Unceasing Top"},{"floor":26,"key":"Molten Egg 2"},{"floor":28,"key":"Anchor"},{"floor":41,"key":"Happy Flower"},{"floor":43,"key":"Smiling Mask"}],"event_choices":[{"event_name":"Match and Keep!","player_choice":"2 cards matched","floor":3,"damage_taken":0},{"event_name":"World of Goop","player_choice":"Gather Gold","floor":7,"damage_taken":0},{"event_name":"The Library","player_choice":"Read","floor":22,"damage_taken":0},{"event_name":"Beggar","player_choice":"Ignored","floor":27,"damage_taken":0},{"event_name":"Nest","player_choice":"Joined the Cult","floor":31,"damage_taken":0},{"event_name":"Winding Halls","player_choice":"Embrace Madness","floor":36,"damage_taken":0},{"event_name":"Tomb of Lord Red Mask","player_choice":"Paid","floor":38,"damage_taken":0}],"is_beta":false,"boss_relics":[{"not_picked":["Runic Dome","White Beast Statue"],"picked":"Coffee Dripper"},{"not_picked":["Pandora\u0027s Box","Sozu"],"picked":"Black Blood"}],"items_purged_floors":[2,20],"is_endless":false,"potions_floor_spawned":[4,6,16,19,25,35,37,48],"killed_by":"Awakened One","ascension_level":4}