{"gold_per_floor":[110,110,129,129,54,88,88,101,101,120,120,140,40,50,50,154,154,174,174,189,203,214,214,227,102,148,148,162,197,197],"floor_reached":30,"playtime":3047,"items_purged":["Strike_R","Strike_R","Strike_R"],"score":279,"play_id":"6b59aa47-1e45-440a-bdd8-0999cb1f8512","local_time":"20190216085930","is_ascension_mode":false,"campfire_choices":[{"data":"Pommel Strike","floor":7,"key":"SMITH"},{"data":"Body Slam","floor":11,"key":"SMITH"},{"data":"Uppercut","floor":15,"key":"SMITH"},{"floor":23,"key":"REST"},{"data":"Body Slam","floor":27,"key":"SMITH"}],"neow_cost":"NONE","seed_source_timestamp":426647893311690,"circlet_count":0,"master_deck":["Strike_R","Strike_R+1","Defend_R","Defend_R+1","Defend_R","Defend_R","Bash","Iron Wave","Clothesline","Pommel Strike+1","Body Slam+1","True Grit","Iron Wave","Headbutt","Uppercut+1","Heavy Blade+1","Headbutt","Cleave","Feed","Body Slam","True Grit","Disarm","Iron Wave","Body Slam+1","Shrug It Off+1","Pommel Strike+1","Iron Wave+1","Juggernaut","Heavy Blade","Inflame"],"relics":["Burning Blood","Prayer Wheel","Ornamental Fan","Philosopher\u0027s Stone","Nloth\u0027s Gift","Ancient Tea Set","Whetstone"],"potions_floor_usage":[16,16,16,21,24,29,30],"damage_taken":[{"damage":8,"enemies":"Jaw Worm","floor":1,"turns":5},{"damage":0,"enemies":"Cultist","floor":3,"turns":3},{"damage":44,"enemies":"Lagavulin","floor":6,"turns":9},{"damage":0,"enemies":"Small Slimes","floor":8,"turns":5},{"damage":2,"enemies":"Looter","floor":10,"turns":4},{"damage":10,"enemies":"Exordium Thugs","floor":12,"turns":5},{"damage":0,"enemies":"Large Slime","floor":14,"turns":5},{"damage":4,"enemies":"Hexaghost","floor":16,"turns":7},{"damage":1,"enemies":"Shell Parasite","floor":18,"turns":7},{"damage":29,"enemies":"3 Byrds","floor":20,"turns":6},{"damage":23,"enemies":"Shelled Parasite and Fungi","floor":21,"turns":6},{"damage":38,"enemies":"Sentry and Sphere","floor":22,"turns":6},{"damage":21,"enemies":"Centurion and Healer","floor":24,"turns":7},{"damage":4,"enemies":"Shelled Parasite and Fungi","floor":28,"turns":7},{"damage":21,"enemies":"Gremlin Leader","floor":29,"turns":7},{"damage":13,"enemies":"Snake Plant","floor":30,"turns":3}],"seed_played":"-6757500765156592011","potions_obtained":[{"floor":8,"key":"PowerPotion"},{"floor":10,"key":"AttackPotion"},{"floor":12,"key":"Poison Potion"},{"floor":20,"key":"Poison Potion"},{"floor":22,"key":"SkillPotion"},{"floor":28,"key":"LiquidBronze"},{"floor":29,"key":"AttackPotion"}],"is_trial":false,"path_per_floor":["M","?","M","?","$","E","R","M","T","M","R","M","$","M","R","B",null,"M","?","M","M","M","R","M","$","T","R","M","E","M"],"character_chosen":"IRONCLAD","items_purchased":[],"campfire_rested":1,"item_purchase_floors":[],"current_hp_per_floor":[78,62,68,68,68,30,30,36,36,40,40,36,36,42,42,44,80,80,80,57,43,11,35,23,23,23,23,25,10,0],"gold":197,"neow_bonus":"RANDOM_COMMON_RELIC","is_prod":false,"is_daily":false,"chose_seed":false,"campfire_upgraded":4,"win_rate":0.0,"timestamp":1550321970,"path_taken":["M","?","M","?","$","E","R","M","T","M","R","?","$","M","R","BOSS","M","?","M","?","M","R","M","$","T","R","M","E","M"],"build_version":"2019-01-23","purchased_purges":3,"victory":false,"max_hp_per_floor":[80,80,80,80,80,80,80,80,80,80,80,80,80,80,80,80,80,80,80,80,83,83,83,86,86,86,86,86,86,86],"card_choices":[{"not_picked":["Twin Strike","Clash"],"picked":"Iron Wave","floor":1},{"not_picked":["Feel No Pain","Sentinel"],"picked":"Clothesline","floor":3},{"not_picked":["Body Slam","Entrench"],"picked":"Pommel Strike","floor":6},{"not_picked":["Second Wind","Cleave"],"picked":"Body Slam","floor":8},{"not_picked":["Shockwave","Searing Blow"],"picked":"True Grit","floor":8},{"not_picked":["Power Through","Infernal Blade"],"picked":"Iron Wave","floor":10},{"not_picked":["Reckless Charge","Thunderclap"],"picked":"Headbutt","floor":10},{"not_picked":["Corruption","Berserk"],"picked":"Uppercut","floor":12},{"not_picked":["Sword Boomerang","Hemokinesis"],"picked":"Heavy Blade","floor":12},{"not_picked":["Flex","Thunderclap"],"picked":"Headbutt","floor":14},{"not_picked":["Dropkick","Sword Boomerang"],"picked":"Cleave","floor":14},{"not_picked":["Berserk","Juggernaut"],"picked":"Feed","floor":16},{"not_picked":["Sentinel","Anger"],"picked":"Body Slam","floor":18},{"not_picked":["Bloodletting+1","Clash"],"picked":"True Grit","floor":18},{"not_picked":["Body Slam","Pummel"],"picked":"Disarm","floor":20},{"not_picked":["Perfected Strike","Combust+1","Sever Soul"],"picked":"SKIP","floor":20},{"not_picked":["Cleave","Brutality"],"picked":"Iron Wave","floor":21},{"not_picked":["Exhume","Clothesline+1"],"picked":"Body Slam","floor":21},{"not_picked":["Anger","Seeing Red"],"picked":"Shrug It Off+1","floor":22},{"not_picked":["Sword Boomerang","Wild Strike","Dual Wield"],"picked":"SKIP","floor":22},{"not_picked":["Clash","Iron Wave"],"picked":"Pommel Strike","floor":24},{"not_picked":["Wild Strike","Bloodletting"],"picked":"Iron Wave+1","floor":24},{"not_picked":["Dropkick","Battle Trance"],"picked":"Juggernaut","floor":28},{"not_picked":["Carnage","Sword Boomerang"],"picked":"Heavy Blade","floor":28},{"not_picked":["Havoc","Armaments"],"picked":"Inflame","floor":29}],"player_experience":50001,"relics_obtained":[{"floor":6,"key":"Prayer Wheel"},{"floor":9,"key":"Ornamental Fan"},{"floor":26,"key":"Ancient Tea Set"},{"floor":29,"key":"Whetstone"}],"event_choices":[{"damage_healed":0,"gold_gain":0,"player_choice":"Entered Light","damage_taken":16,"max_hp_gain":0,"max_hp_loss":0,"event_name":"Shining Light","floor":2,"gold_loss":0,"cards_upgraded":["Strike_R","Defend_R"]},{"damage_healed":0,"gold_gain":0,"player_choice":"Ignored","damage_taken":0,"max_hp_gain":0,"max_hp_loss":0,"event_name":"NoteForYourself","floor":4,"gold_loss":0},{"damage_healed":0,"gold_gain":0,"player_choice":"Traded Relic","damage_taken":0,"relics_obtained":["Nloth\u0027s Gift"],"max_hp_gain":0,"max_hp_loss":0,"event_name":"N\u0027loth","floor":19,"relics_lost":["Regal Pillow"],"gold_loss":0}],"is_beta":false,"boss_relics":[{"not_picked":["Empty Cage","Black Star"],"picked":"Philosopher\u0027s Stone"}],"items_purged_floors":[5,13,25],"is_endless":false,"potions_floor_spawned":[8,10,12,20,22,28,29],"killed_by":"Snake Plant","ascension_level":0}