{"gold_per_floor":[114,127,52,52,202,230,76,76,76,88,107,141,154,189,189,261,261,277,68,44,44,1,1,1],"floor_reached":24,"playtime":1944,"items_purged":["Strike_R","Doubt"],"score":442,"play_id":"b8e6b4c6-a08c-4459-b83e-78226e239b1c","local_time":"20190126155823","is_ascension_mode":true,"campfire_choices":[{"floor":15.0,"key":"REST"},{"floor":23,"key":"REST"}],"neow_cost":"NONE","seed_source_timestamp":3791521424991,"circlet_count":0,"master_deck":["AscendersBane","Strike_R+1","Strike_R","Defend_R","Defend_R","Defend_R","Defend_R","Bash","Uppercut+1","Headbutt","Bludgeon","True Grit","Shockwave","True Grit","Battle Trance+1","Demon Form","Apotheosis+1","Ghostly Armor+1","Entrench+1"],"special_seed":0,"relics":["Burning Blood","NeowsBlessing","Matryoshka","Happy Flower","Mummified Hand","Blood Vial","Toxic Egg 2","Empty Cage"],"potions_floor_usage":[20,20],"damage_taken":[{"damage":0.0,"enemies":"Cultist","floor":1.0,"turns":1.0},{"damage":0.0,"enemies":"Small Slimes","floor":2.0,"turns":2.0},{"damage":0.0,"enemies":"Lagavulin","floor":6.0,"turns":1.0},{"damage":0.0,"enemies":"2 Louse","floor":10.0,"turns":2.0},{"damage":0.0,"enemies":"Blue Slaver","floor":11.0,"turns":2.0},{"damage":23.0,"enemies":"3 Sentries","floor":12.0,"turns":5.0},{"damage":18.0,"enemies":"Gremlin Gang","floor":13.0,"turns":5.0},{"damage":18.0,"enemies":"Lagavulin","floor":14.0,"turns":5.0},{"damage":43.0,"enemies":"Slime Boss","floor":16.0,"turns":8.0},{"damage":58.0,"enemies":"3 Byrds","floor":18.0,"turns":8.0},{"damage":10,"enemies":"2 Thieves","floor":20,"turns":4},{"damage":36,"enemies":"3 Cultists","floor":24,"turns":4}],"seed_played":"-4703484204203740061","potions_obtained":[{"floor":1.0,"key":"Ancient Potion"},{"floor":2.0,"key":"Swift Potion"},{"floor":16.0,"key":"SteroidPotion"}],"is_trial":false,"path_per_floor":["M","M","$","?","?","E","$","$","T","M","M","E","M","E","R","B",null,"M","$","M","?","$","R","M"],"character_chosen":"IRONCLAD","items_purchased":["True Grit","Apotheosis+1","Entrench+1"],"campfire_rested":2,"item_purchase_floors":[7,19,22],"current_hp_per_floor":[74,75,75,52,52,58,58,58,58,64,70,53,43,33,55,20,61,11,11,9,9,9,31,0],"gold":1,"neow_bonus":"THREE_ENEMY_KILL","is_prod":false,"is_daily":false,"chose_seed":false,"campfire_upgraded":0,"win_rate":0,"timestamp":1548511103,"path_taken":["M","?","?","?","?","E","?","$","T","?","M","E","M","E","R","BOSS","M","$","M","?","$","R","M"],"build_version":"2019-01-23","purchased_purges":2,"victory":false,"max_hp_per_floor":[75,75,75,75,75,75,75,75,75,75,75,75,75,75,75,75,75,75,75,75,75,75,75,75],"card_choices":[{"not_picked":["Sword Boomerang","Armaments"],"picked":"Uppercut","floor":1.0},{"not_picked":["Seeing Red","Sword Boomerang"],"picked":"Headbutt","floor":2.0},{"not_picked":["Havoc","Dual Wield"],"picked":"Bludgeon","floor":6.0},{"not_picked":["Uppercut","Body Slam"],"picked":"Shockwave","floor":10.0},{"not_picked":["Havoc","Flex"],"picked":"True Grit","floor":11.0},{"not_picked":["Body Slam","Berserk","Headbutt"],"picked":"SKIP","floor":12.0},{"not_picked":["Body Slam","Armaments","Pummel"],"picked":"SKIP","floor":13.0},{"not_picked":["Body Slam","True Grit"],"picked":"Battle Trance","floor":14.0},{"not_picked":["Dark Embrace","Bludgeon"],"picked":"Demon Form","floor":16.0},{"not_picked":["Burning Pact+1","Dual Wield+1","Sword Boomerang"],"picked":"SKIP","floor":18.0},{"not_picked":["Body Slam+1","Inflame"],"picked":"Ghostly Armor+1","floor":20}],"player_experience":905371,"relics_obtained":[{"floor":6.0,"key":"Matryoshka"},{"floor":9.0,"key":"Happy Flower"},{"floor":9.0,"key":"Mummified Hand"},{"floor":12.0,"key":"Blood Vial"},{"floor":14.0,"key":"Toxic Egg 2"}],"event_choices":[{"damage_healed":0.0,"max_hp_gain":0.0,"max_hp_loss":0.0,"gold_gain":0.0,"event_name":"Shining Light","player_choice":"Entered Light","floor":4.0,"gold_loss":0.0,"damage_taken":23.0,"cards_upgraded":["Uppercut","Strike_R"]},{"damage_healed":0.0,"max_hp_gain":0.0,"max_hp_loss":0.0,"gold_gain":150.0,"event_name":"Liars Game","player_choice":"AGREE","floor":5.0,"gold_loss":0.0,"damage_taken":0.0,"cards_obtained":["Doubt"]},{"damage_healed":0,"gold_gain":0,"player_choice":"Ignored","damage_taken":0,"max_hp_gain":0,"max_hp_loss":0,"event_name":"Beggar","floor":21,"gold_loss":0}],"is_beta":false,"boss_relics":[{"not_picked":["Eternal Feather","Black Star"],"picked":"Empty Cage"}],"items_purged_floors":[3,7],"is_endless":false,"potions_floor_spawned":[1,2,10,16],"killed_by":"3 Cultists","ascension_level":17}