{"gold_per_floor":[116,116,39,57,70,70,103,103,127,143,143,157,157,171,171,248,248,264,264,49,65,82,82],"floor_reached":23,"playtime":917,"items_purged":[],"score":386,"play_id":"807b4e9b-ff1e-4731-becc-927ecdc18a81","local_time":"20190213130157","is_ascension_mode":true,"campfire_choices":[{"data":"Havoc","floor":6.0,"key":"SMITH"},{"data":"Spot Weakness","floor":11.0,"key":"SMITH"},{"data":"Bash","floor":13.0,"key":"SMITH"},{"data":"Feel No Pain","floor":15.0,"key":"SMITH"}],"neow_cost":"NONE","seed_source_timestamp":779739939303367,"circlet_count":0,"master_deck":["AscendersBane","Bash+1","Uppercut+1","Spot Weakness+1","Havoc+1","Shrug It Off","Burning Pact","Feel No Pain+1","Anger","Offering","Inflame","Immolate","Wild Strike","Corruption","Twin Strike","Sword Boomerang","Bloodletting","Iron Wave","Barricade","Body Slam"],"special_seed":0,"relics":["Burning Blood","NeowsBlessing","FossilizedHelix","Meat on the Bone","Bronze Scales","Pandora\u0027s Box","NlothsMask","Strange Spoon"],"potions_floor_usage":[],"damage_taken":[{"damage":0.0,"enemies":"2 Louse","floor":1.0,"turns":1.0},{"damage":0.0,"enemies":"Cultist","floor":4.0,"turns":1.0},{"damage":0.0,"enemies":"Jaw Worm","floor":5.0,"turns":1.0},{"damage":42.0,"enemies":"3 Sentries","floor":7.0,"turns":10.0},{"damage":14.0,"enemies":"Gremlin Gang","floor":10.0,"turns":4.0},{"damage":8.0,"enemies":"3 Louse","floor":12.0,"turns":4.0},{"damage":4.0,"enemies":"Exordium Wildlife","floor":14.0,"turns":6.0},{"damage":26.0,"enemies":"Hexaghost","floor":16.0,"turns":8.0},{"damage":6.0,"enemies":"Shell Parasite","floor":18.0,"turns":3.0},{"damage":6.0,"enemies":"3 Byrds","floor":21.0,"turns":2.0},{"damage":13.0,"enemies":"Centurion and Healer","floor":22.0,"turns":4.0},{"damage":39,"enemies":"Gremlin Leader","floor":23,"turns":4}],"seed_played":"6540985086507587875","potions_obtained":[{"floor":7.0,"key":"Block Potion"},{"floor":12.0,"key":"SkillPotion"},{"floor":16.0,"key":"PowerPotion"},{"floor":22.0,"key":"Dexterity Potion"}],"is_trial":false,"path_per_floor":["M","?","$","M","M","R","E","T","T","M","R","M","R","M","R","B",null,"M","?","$","M","M","E"],"character_chosen":"IRONCLAD","items_purchased":["Spot Weakness","Strange Spoon"],"campfire_rested":0,"item_purchase_floors":[3,20],"current_hp_per_floor":[74,74,74,75,75,75,39,39,39,43,43,53,53,55,55,47,68,68,68,68,68,61,22],"gold":82,"neow_bonus":"THREE_ENEMY_KILL","is_prod":false,"is_daily":false,"chose_seed":false,"campfire_upgraded":4,"win_rate":0,"timestamp":1550088117,"path_taken":["M","?","$","?","M","R","E","?","T","M","R","M","R","?","R","BOSS","M","?","$","?","?","E"],"build_version":"2019-01-23","purchased_purges":0,"victory":false,"max_hp_per_floor":[75,75,75,75,75,75,75,75,75,75,75,75,75,75,75,75,75,75,75,75,75,75,75],"card_choices":[{"not_picked":["True Grit","Power Through"],"picked":"Uppercut","floor":1.0},{"not_picked":["Entrench","Sever Soul"],"picked":"Havoc","floor":4.0},{"not_picked":["Cleave","Perfected Strike"],"picked":"Shrug It Off","floor":5.0},{"not_picked":["Combust","Sword Boomerang"],"picked":"Burning Pact","floor":7.0},{"not_picked":["Heavy Blade","Thunderclap"],"picked":"Feel No Pain","floor":10.0},{"not_picked":["Twin Strike","Thunderclap","Bloodletting"],"picked":"SKIP","floor":12.0},{"not_picked":["True Grit","Heavy Blade"],"picked":"Anger","floor":14.0},{"not_picked":["Double Tap","Bludgeon"],"picked":"Offering","floor":16.0},{"not_picked":["Cleave+1","Burning Pact","Clothesline+1"],"picked":"SKIP","floor":18.0},{"not_picked":["Whirlwind","Cleave","Iron Wave"],"picked":"SKIP","floor":21.0},{"not_picked":["Cleave","Flex"],"picked":"Body Slam","floor":22.0}],"player_experience":803442,"relics_obtained":[{"floor":7.0,"key":"FossilizedHelix"},{"floor":8.0,"key":"Meat on the Bone"},{"floor":9.0,"key":"Bronze Scales"}],"event_choices":[{"damage_healed":0.0,"max_hp_gain":0.0,"max_hp_loss":0.0,"gold_gain":0.0,"event_name":"Upgrade Shrine","player_choice":"Upgraded","floor":2.0,"gold_loss":0.0,"damage_taken":0.0,"cards_upgraded":["Uppercut"]},{"damage_healed":0.0,"max_hp_gain":0.0,"max_hp_loss":0.0,"gold_gain":0.0,"event_name":"FaceTrader","player_choice":"Trade","floor":19.0,"gold_loss":0.0,"damage_taken":0.0,"relics_obtained":["NlothsMask"]}],"is_beta":false,"boss_relics":[{"not_picked":["Empty Cage","Ectoplasm"],"picked":"Pandora\u0027s Box"}],"items_purged_floors":[],"is_endless":false,"potions_floor_spawned":[7,12,16,22],"killed_by":"Gremlin Leader","ascension_level":20}