{"gold_per_floor":[109,125,75,75,103,115,153,178,190,55,55,155,174,209,209,311,311,328,345,361,85,85,85,111,131,211,227,243,243,243,7,7,7],"floor_reached":33,"playtime":2515,"items_purged":["Defend_R","True Grit"],"score":429,"play_id":"48e4f371-7148-4ea7-9a00-2f40716ccf0d","local_time":"20190216032120","is_ascension_mode":true,"campfire_choices":[{"data":"Inflame","floor":6.0,"key":"SMITH"},{"data":"Shockwave","floor":11.0,"key":"SMITH"},{"data":"Pummel","floor":15.0,"key":"SMITH"},{"floor":23.0,"key":"REST"},{"data":"Whirlwind","floor":29.0,"key":"SMITH"},{"floor":32.0,"key":"REST"}],"neow_cost":"NONE","seed_source_timestamp":52601051707265,"circlet_count":0,"master_deck":["AscendersBane","Strike_R","Strike_R","Defend_R+1","Defend_R","Defend_R","Bash","Inflame+1","Shrug It Off+1","Shockwave+1","Impervious","Pummel+1","Barricade+1","Dropkick+1","Evolve","Wild Strike","Metallicize+1","Flame Barrier+1","Whirlwind+1","Reaper"],"special_seed":0,"relics":["Burning Blood","NeowsBlessing","MawBank","Bronze Scales","Question Card","War Paint","Mark of Pain","Brimstone","Singing Bowl","Toxic Egg 2"],"potions_floor_usage":[33],"damage_taken":[{"damage":0.0,"enemies":"Cultist","floor":1.0,"turns":1.0},{"damage":0.0,"enemies":"Small Slimes","floor":2.0,"turns":1.0},{"damage":0.0,"enemies":"Jaw Worm","floor":5.0,"turns":1.0},{"damage":32.0,"enemies":"Gremlin Nob","floor":7.0,"turns":5.0},{"damage":5.0,"enemies":"Red Slaver","floor":8.0,"turns":5.0},{"damage":4.0,"enemies":"3 Louse","floor":13.0,"turns":4.0},{"damage":23.0,"enemies":"3 Sentries","floor":14.0,"turns":7.0},{"damage":37.0,"enemies":"Hexaghost","floor":16.0,"turns":10.0},{"damage":4.0,"enemies":"Chosen","floor":18.0,"turns":4.0},{"damage":22.0,"enemies":"2 Thieves","floor":19.0,"turns":3.0},{"damage":21.0,"enemies":"3 Cultists","floor":20.0,"turns":6.0},{"damage":21.0,"enemies":"Book of Stabbing","floor":24.0,"turns":3.0},{"damage":17.0,"enemies":"Snake Plant","floor":25.0,"turns":4.0},{"damage":4.0,"enemies":"Sentry and Sphere","floor":27.0,"turns":5.0},{"damage":11.0,"enemies":"Snecko","floor":28.0,"turns":3.0},{"damage":102,"enemies":"Automaton","floor":33,"turns":6}],"seed_played":"5582907108891183665","potions_obtained":[{"floor":2.0,"key":"PowerPotion"},{"floor":7.0,"key":"Dexterity Potion"},{"floor":16.0,"key":"Dexterity Potion"},{"floor":18.0,"key":"Poison Potion"},{"floor":20.0,"key":"SteroidPotion"},{"floor":28.0,"key":"Strength Potion"}],"is_trial":false,"path_per_floor":["M","M","?","T","M","R","E","M","T","$","R","?","M","E","R","B",null,"M","M","M","$","?","R","E","M","T","M","M","R","?","$","R","B"],"character_chosen":"IRONCLAD","items_purchased":["Impervious","Evolve","Brimstone","Reaper"],"campfire_rested":2,"item_purchase_floors":[10,21,21,31],"current_hp_per_floor":[78,80,80,80,80,80,54,55,55,55,55,55,57,40,40,9,62,64,48,33,33,33,57,42,33,33,35,30,30,30,30,54,0],"gold":7,"neow_bonus":"THREE_ENEMY_KILL","is_prod":false,"is_daily":false,"chose_seed":false,"campfire_upgraded":4,"win_rate":0,"timestamp":1550308880,"path_taken":["M","?","?","?","?","R","E","M","T","$","R","?","M","E","R","BOSS","M","?","M","$","?","R","E","M","T","M","M","R","?","$","R","BOSS"],"build_version":"2019-01-23","purchased_purges":2,"victory":false,"max_hp_per_floor":[80,80,80,80,80,80,80,80,80,80,80,80,80,80,80,80,80,80,80,80,80,80,80,80,82,82,82,82,82,82,82,82,82],"card_choices":[{"not_picked":["Cleave","Pommel Strike"],"picked":"Inflame","floor":1.0},{"not_picked":["Ghostly Armor","Sword Boomerang"],"picked":"Shrug It Off","floor":2.0},{"not_picked":["Wild Strike","Sever Soul","Bloodletting"],"picked":"SKIP","floor":5.0},{"not_picked":["Power Through","Burning Pact","Body Slam"],"picked":"SKIP","floor":7.0},{"not_picked":["Pommel Strike","Twin Strike"],"picked":"Shockwave","floor":8.0},{"not_picked":["Headbutt","Pommel Strike","Warcry"],"picked":"Pummel","floor":13.0},{"not_picked":["Rupture","Sword Boomerang","Reckless Charge","Intimidate"],"picked":"SKIP","floor":14.0},{"not_picked":["Exhume","Fiend Fire","Immolate"],"picked":"Barricade","floor":16.0},{"not_picked":["Intimidate","Heavy Blade+1","Twin Strike"],"picked":"Dropkick+1","floor":18.0},{"not_picked":["Infernal Blade","Iron Wave","Perfected Strike","Sever Soul"],"picked":"SKIP","floor":19.0},{"not_picked":["Cleave","Dual Wield","Sword Boomerang","Pommel Strike"],"picked":"SKIP","floor":20.0},{"not_picked":["Second Wind+1","Clothesline","Wild Strike+1"],"picked":"Metallicize+1","floor":24.0},{"not_picked":["Rampage+1","Body Slam","Sentinel+1","Warcry"],"picked":"Singing Bowl","floor":25.0},{"not_picked":["Thunderclap","Body Slam","Cleave"],"picked":"Flame Barrier+1","floor":27.0},{"not_picked":["Shrug It Off+1","Sword Boomerang","Seeing Red+1"],"picked":"Whirlwind","floor":28.0}],"player_experience":356731,"relics_obtained":[{"floor":4.0,"key":"MawBank"},{"floor":7.0,"key":"Bronze Scales"},{"floor":9.0,"key":"Question Card"},{"floor":14.0,"key":"War Paint"},{"floor":24.0,"key":"Singing Bowl"},{"floor":26.0,"key":"Toxic Egg 2"}],"event_choices":[{"cards_removed":["Strike_R"],"damage_healed":0.0,"max_hp_gain":0.0,"max_hp_loss":0.0,"gold_gain":0.0,"event_name":"The Cleric","player_choice":"Card Removal","floor":3.0,"gold_loss":50.0,"damage_taken":0.0},{"damage_healed":0.0,"max_hp_gain":0.0,"max_hp_loss":0.0,"gold_gain":100.0,"event_name":"Golden Shrine","player_choice":"Pray","floor":12.0,"gold_loss":0.0,"damage_taken":0.0},{"damage_healed":0.0,"max_hp_gain":0.0,"max_hp_loss":0.0,"gold_gain":0.0,"cards_transformed":["Strike_R","Strike_R"],"event_name":"Drug Dealer","player_choice":"Became Test Subject","floor":22.0,"gold_loss":0.0,"damage_taken":0.0,"cards_obtained":["Wild Strike","True Grit"]},{"damage_healed":0.0,"max_hp_gain":0.0,"max_hp_loss":0.0,"gold_gain":0.0,"event_name":"Accursed Blacksmith","player_choice":"Forge","floor":30.0,"gold_loss":0.0,"damage_taken":0.0,"cards_upgraded":["Barricade"]}],"is_beta":false,"boss_relics":[{"not_picked":["Empty Cage","Astrolabe"],"picked":"Mark of Pain"}],"items_purged_floors":[10,31],"is_endless":false,"potions_floor_spawned":[2,7,16,18,20,28],"killed_by":"Automaton","ascension_level":11}