{"gold_per_floor":[148,148,165,182,195,206,206,176,200,270,284,298,308,326,326,326],"floor_reached":16,"playtime":352,"items_purged":[],"score":196,"play_id":"1c7a6584-e79e-452d-b1ec-71db4220cf07","local_time":"20180829043001","is_ascension_mode":true,"campfire_choices":[{"data":"Whirlwind","floor":7,"key":"SMITH"},{"floor":15,"key":"REST"}],"neow_cost":"NONE","seed_source_timestamp":1013659511400311,"circlet_count":0,"master_deck":["Strike_R","Strike_R","Strike_R","Strike_R","Strike_R","Defend_R","Defend_R","Defend_R","Bash","AscendersBane","Whirlwind+1","Pommel Strike","Clash","Shrug It Off","Twin Strike","Pommel Strike","Flex","Pommel Strike"],"relics":["Burning Blood","Tiny Chest","Bag of Preparation","The Courier"],"potions_floor_usage":[4,5,16,16,16,16],"damage_taken":[{"damage":3,"enemies":"2 Louse","floor":1,"turns":3},{"damage":8,"enemies":"Small Slimes","floor":3,"turns":2},{"damage":7,"enemies":"Cultist","floor":4,"turns":3},{"damage":23,"enemies":"Gremlin Gang","floor":5,"turns":3},{"damage":17,"enemies":"3 Louse","floor":6,"turns":4},{"damage":15,"enemies":"Red Slaver","floor":11,"turns":3},{"damage":0,"enemies":"Exordium Wildlife","floor":12,"turns":2},{"damage":3,"enemies":"Looter","floor":13,"turns":2},{"damage":6,"enemies":"Red Slaver","floor":14,"turns":2},{"damage":65,"enemies":"The Guardian","floor":16,"turns":11}],"seed_played":"-4109345963926259810","potions_obtained":[{"floor":1,"key":"SkillPotion"},{"floor":4,"key":"Energy Potion"},{"floor":8,"key":"SmokeBomb"},{"floor":8,"key":"EntropicBrew"},{"floor":12,"key":"Fire Potion"}],"is_trial":false,"path_per_floor":["M","?","M","M","M","M","R","?","T","T","M","M","M","M","R"],"character_chosen":"IRONCLAD","items_purchased":[],"campfire_rested":1,"item_purchase_floors":[],"current_hp_per_floor":[71,71,69,68,51,40,40,40,40,40,31,37,40,40,62,0],"gold":326,"neow_bonus":"RANDOM_COMMON_RELIC","is_prod":false,"is_daily":false,"chose_seed":false,"campfire_upgraded":1,"win_rate":0,"timestamp":1535484601,"path_taken":["M","?","?","?","M","M","R","?","T","?","?","M","M","?","R","BOSS"],"build_version":"2018-08-23v2","purchased_purges":0,"victory":false,"max_hp_per_floor":[75,75,75,75,75,75,75,75,75,75,75,75,75,75,75,75],"card_choices":[{"not_picked":["Combust","Body Slam"],"picked":"Whirlwind","floor":1},{"not_picked":["Reckless Charge","Anger"],"picked":"Pommel Strike","floor":3},{"not_picked":["Blood for Blood","Uppercut"],"picked":"Clash","floor":4},{"not_picked":["Evolve","Exhume"],"picked":"Shrug It Off","floor":5},{"not_picked":["Perfected Strike","Shrug It Off"],"picked":"Twin Strike","floor":6},{"not_picked":["Clothesline","Iron Wave"],"picked":"Pommel Strike","floor":11},{"not_picked":["Armaments","Intimidate"],"picked":"Flex","floor":12},{"not_picked":["Headbutt","Cleave","Iron Wave"],"picked":"SKIP","floor":13},{"not_picked":["Shockwave","Headbutt"],"picked":"Pommel Strike","floor":14}],"player_experience":528794,"relics_obtained":[{"floor":9,"key":"Bag of Preparation"},{"floor":10,"key":"The Courier"}],"event_choices":[{"event_name":"Living Wall","player_choice":"Forget","floor":2,"damage_taken":0},{"event_name":"The Woman in Blue","player_choice":"Bought 2 Potions","floor":8,"damage_taken":0}],"is_beta":false,"boss_relics":[],"items_purged_floors":[],"is_endless":false,"potions_floor_spawned":[1,4,12,14],"killed_by":"The Guardian","ascension_level":20}