{"gold_per_floor":[112,14,14,14,14,43,59,70,96,96,96,116,148,167,167,265,265,279,297,397,397,397,397,416,416,416,416],"floor_reached":27,"playtime":1780,"items_purged":["Defend_G"],"score":296,"play_id":"1975cb58-8a52-422a-9329-d1c77113b246","local_time":"20180907141556","is_ascension_mode":false,"campfire_choices":[{"data":"Well Laid Plans","floor":10.0,"key":"SMITH"},{"floor":15.0,"key":"REST"},{"data":"Corpse Explosion","floor":23,"key":"SMITH"},{"data":"Footwork","floor":25,"key":"SMITH"}],"neow_cost":"NONE","seed_source_timestamp":0,"circlet_count":0,"master_deck":["Defend_G","Defend_G","Defend_G","Defend_G+1","Survivor","Neutralize","Well Laid Plans+1","Deadly Poison","Leg Sweep","Dodge and Roll","Skewer","Footwork+1","Bullet Time","Backflip","Corpse Explosion+1","Bite","Bite","Bite","Bite","Bite"],"special_seed":0,"relics":["Ring of the Snake","Bag of Preparation","Paper Crane","Ancient Tea Set","Peace Pipe","HoveringKite","Bird Faced Urn","Tingsha"],"potions_floor_usage":[24,24],"damage_taken":[{"damage":0.0,"enemies":"Cultist","floor":1.0,"turns":4.0},{"damage":19.0,"enemies":"Lagavulin","floor":6.0,"turns":7.0},{"damage":4.0,"enemies":"2 Louse","floor":7.0,"turns":3.0},{"damage":0.0,"enemies":"Small Slimes","floor":8.0,"turns":2.0},{"damage":0.0,"enemies":"2 Fungi Beasts","floor":12.0,"turns":4.0},{"damage":19.0,"enemies":"Gremlin Nob","floor":13.0,"turns":6.0},{"damage":1.0,"enemies":"Large Slime","floor":14.0,"turns":9.0},{"damage":0.0,"enemies":"The Guardian","floor":16.0,"turns":18.0},{"damage":5.0,"enemies":"Chosen","floor":18.0,"turns":9.0},{"damage":12,"enemies":"Spheric Guardian","floor":19,"turns":6},{"damage":12,"enemies":"Snecko","floor":24,"turns":4},{"damage":0,"enemies":"Colosseum Slavers","floor":27,"turns":3},{"damage":79,"enemies":"Colosseum Nobs","floor":27,"turns":3}],"seed_played":"2571965505032317176","potions_obtained":[{"floor":1.0,"key":"Block Potion"},{"floor":8.0,"key":"SkillPotion"},{"floor":14.0,"key":"FearPotion"},{"floor":16.0,"key":"Ancient Potion"},{"floor":19,"key":"SkillPotion"}],"is_trial":false,"path_per_floor":["M","$","?","?","?","E","M","M","T","R","?","M","E","M","R","B",null,"M","M","?","?","?","R","M","R","T"],"character_chosen":"THE_SILENT","items_purchased":["Deadly Poison"],"campfire_rested":1,"item_purchase_floors":[2],"current_hp_per_floor":[77,77,70,70,70,51,47,47,47,47,32,32,13,12,35,35,77,72,60,60,60,53,53,45,45,45,0],"gold":416,"neow_bonus":"TEN_PERCENT_HP_BONUS","is_prod":false,"is_daily":false,"chose_seed":false,"campfire_upgraded":3,"win_rate":0,"timestamp":1536295556,"path_taken":["M","$","?","?","?","E","M","?","T","R","?","M","E","M","R","BOSS","M","M","?","?","?","R","M","R","T","?"],"build_version":"2018-09-06","purchased_purges":1,"victory":false,"max_hp_per_floor":[77,77,77,77,77,77,77,77,77,77,77,77,77,77,77,77,77,77,77,77,77,53,53,53,53,53,53],"card_choices":[{"not_picked":["Leg Sweep","Setup"],"picked":"Well Laid Plans","floor":1.0},{"not_picked":["Choke","Bane"],"picked":"Leg Sweep","floor":6.0},{"not_picked":["Deflect","Expertise","Finisher"],"picked":"SKIP","floor":7.0},{"not_picked":["Blade Dance","Cloak And Dagger"],"picked":"Dodge and Roll","floor":8.0},{"not_picked":["Cloak And Dagger","Endless Agony"],"picked":"Skewer","floor":12.0},{"not_picked":["Concentrate","Prepared","Underhanded Strike"],"picked":"SKIP","floor":13.0},{"not_picked":["Caltrops","Acrobatics"],"picked":"Footwork","floor":14.0},{"not_picked":["Night Terror","Wraith Form v2"],"picked":"Bullet Time","floor":16.0},{"not_picked":["Deadly Poison","Acrobatics"],"picked":"Backflip","floor":18},{"not_picked":["Underhanded Strike","Deadly Poison"],"picked":"Corpse Explosion","floor":19},{"not_picked":["All Out Attack","Crippling Poison","Acrobatics"],"picked":"SKIP","floor":24}],"player_experience":138989,"relics_obtained":[{"floor":6.0,"key":"Paper Crane"},{"floor":9.0,"key":"Ancient Tea Set"},{"floor":13.0,"key":"Peace Pipe"},{"floor":26,"key":"Tingsha"}],"event_choices":[{"event_name":"Scrap Ooze","player_choice":"success","floor":3.0,"damage_taken":7.0},{"event_name":"The Cleric","player_choice":"Leave","floor":4.0,"damage_taken":0.0},{"event_name":"Bonfire Elementals","player_choice":"BASIC","floor":5.0,"damage_taken":0.0},{"event_name":"Shining Light","player_choice":"Entered Light","floor":11.0,"damage_taken":0.0},{"event_name":"Golden Shrine","player_choice":"Pray","floor":20,"damage_taken":0},{"event_name":"The Mausoleum","player_choice":"Yes","floor":21,"damage_taken":0},{"event_name":"Vampires","player_choice":"Became a vampire","floor":22,"damage_taken":0},{"event_name":"Colosseum","player_choice":"Fight","floor":27,"damage_taken":0},{"event_name":"Colosseum","player_choice":"Fought Nobs","floor":27,"damage_taken":0}],"is_beta":false,"boss_relics":[{"not_picked":["Fusion Hammer","Pandora\u0027s Box"],"picked":"HoveringKite"}],"items_purged_floors":[2],"is_endless":false,"potions_floor_spawned":[1,8,14,16,19],"killed_by":"Colosseum Nobs","ascension_level":0}