{"gold_per_floor":[113,34,54,64,12,46,46,74,99,99,109,109,122,140,140,212,212,226,226,60,60,79,79],"floor_reached":23,"playtime":651,"items_purged":[],"score":392,"play_id":"72241d3a-c305-4c36-8914-0f5801b57843","local_time":"20190106195637","is_ascension_mode":true,"campfire_choices":[{"data":"Poisoned Stab","floor":7,"key":"SMITH"},{"data":"A Thousand Cuts","floor":12,"key":"SMITH"},{"floor":15,"key":"REST"}],"neow_cost":"NONE","seed_source_timestamp":1227214742138425,"circlet_count":0,"master_deck":["AscendersBane","Survivor","Neutralize","Poisoned Stab+1","Dagger Spray","Deflect","Deadly Poison","Quick Slash","Dagger Throw","A Thousand Cuts+1","Deadly Poison","After Image+1","Predator","Flechettes","Deflect+1","Prepared","Concentrate+1","Heel Hook","Dagger Spray","Die Die Die","Unload","Choke","Sucker Punch+1","Finisher+1"],"relics":["Ring of the Snake","NeowsBlessing","Happy Flower","Art of War","Ninja Scroll","Strawberry","Pandora\u0027s Box","War Paint"],"potions_floor_usage":[8,16,18],"damage_taken":[{"damage":0,"enemies":"Jaw Worm","floor":1,"turns":1},{"damage":0,"enemies":"Cultist","floor":3,"turns":1},{"damage":0,"enemies":"2 Louse","floor":4,"turns":1},{"damage":32,"enemies":"3 Sentries","floor":6,"turns":11},{"damage":18,"enemies":"Lagavulin","floor":8,"turns":7},{"damage":1,"enemies":"Exordium Thugs","floor":11,"turns":3},{"damage":7,"enemies":"Exordium Wildlife","floor":13,"turns":4},{"damage":1,"enemies":"Blue Slaver","floor":14,"turns":2},{"damage":25,"enemies":"The Guardian","floor":16,"turns":8},{"damage":0,"enemies":"Spheric Guardian","floor":18,"turns":4},{"damage":6,"enemies":"3 Byrds","floor":22,"turns":4},{"damage":52,"enemies":"Book of Stabbing","floor":23,"turns":4}],"seed_played":"-2121979478242726661","potions_obtained":[{"floor":4,"key":"Weak Potion"},{"floor":13,"key":"SteroidPotion"},{"floor":16,"key":"GhostInAJar"}],"is_trial":false,"path_per_floor":["M","?","M","M","$","E","R","E","T","?","M","R","M","M","R","B",null,"M","?","$","?","M","E"],"character_chosen":"THE_SILENT","items_purchased":["Deadly Poison","War Paint"],"campfire_rested":1,"item_purchase_floors":[5,20],"current_hp_per_floor":[59,59,59,59,59,27,27,9,16,16,15,15,8,7,28,3,56,56,56,56,56,50,0],"gold":79,"neow_bonus":"THREE_ENEMY_KILL","is_prod":false,"is_daily":false,"chose_seed":false,"campfire_upgraded":2,"win_rate":0,"timestamp":1546772197,"path_taken":["M","?","M","M","?","E","R","E","T","?","?","R","M","M","R","BOSS","M","?","?","?","M","E"],"build_version":"2019-01-03v4","purchased_purges":0,"victory":false,"max_hp_per_floor":[66,66,66,66,66,66,66,66,73,73,73,73,73,73,73,73,73,73,73,73,73,73,73],"card_choices":[{"not_picked":["Underhanded Strike","Endless Agony"],"picked":"Poisoned Stab","floor":1},{"not_picked":["Cloak And Dagger","Terror"],"picked":"Dagger Spray","floor":3},{"not_picked":["Dodge and Roll","Acrobatics"],"picked":"Deflect","floor":4},{"not_picked":["Setup","Catalyst"],"picked":"Quick Slash","floor":6},{"not_picked":["Skewer","Deflect"],"picked":"Dagger Throw","floor":8},{"not_picked":["Calculated Gamble","Blade Dance"],"picked":"A Thousand Cuts","floor":11},{"not_picked":["Prepared","Flying Knee"],"picked":"Deadly Poison","floor":13},{"not_picked":["Sucker Punch","Blade Dance","Endless Agony"],"picked":"SKIP","floor":14},{"not_picked":["Grand Finale","Wraith Form v2"],"picked":"After Image","floor":16},{"not_picked":["Poisoned Stab","Dagger Spray"],"picked":"Sucker Punch+1","floor":18},{"not_picked":["Backflip","Flying Knee"],"picked":"Finisher+1","floor":22}],"player_experience":837580,"relics_obtained":[{"floor":6,"key":"Art of War"},{"floor":8,"key":"Ninja Scroll"},{"floor":9,"key":"Strawberry"}],"event_choices":[{"damage_healed":0,"gold_gain":0,"player_choice":"Paid Gold","damage_taken":0,"relics_obtained":["Happy Flower"],"max_hp_gain":0,"max_hp_loss":0,"event_name":"WeMeetAgain","floor":2,"gold_loss":79},{"damage_healed":0,"gold_gain":0,"player_choice":"Ignored","damage_taken":0,"max_hp_gain":0,"max_hp_loss":0,"event_name":"Golden Idol","floor":10,"gold_loss":0},{"damage_healed":0,"gold_gain":0,"player_choice":"Upgraded","damage_taken":0,"max_hp_gain":0,"max_hp_loss":0,"event_name":"Upgrade Shrine","floor":19,"gold_loss":0,"cards_upgraded":["After Image"]},{"damage_healed":0,"gold_gain":0,"player_choice":"Ignored","damage_taken":0,"max_hp_gain":0,"max_hp_loss":0,"event_name":"Beggar","floor":21,"gold_loss":0}],"is_beta":false,"boss_relics":[{"not_picked":["Runic Pyramid","Black Star"],"picked":"Pandora\u0027s Box"}],"items_purged_floors":[],"is_endless":false,"potions_floor_spawned":[4,13,16],"killed_by":"Book of Stabbing","ascension_level":19}