{"gold_per_floor":[113,132,57,71,36,61,71,91,91,121,121,121],"floor_reached":12,"playtime":372,"items_purged":["Defend_R"],"score":180,"play_id":"ac1d5366-185a-47e1-b444-8a3dfbb2bd15","local_time":"20181214013023","is_ascension_mode":true,"campfire_choices":[],"neow_cost":"NONE","seed_source_timestamp":26492747261818,"circlet_count":0,"master_deck":["AscendersBane","Strike_R","Strike_R","Strike_R","Strike_R","Defend_R","Defend_R","Defend_R","Bash","Deep Breath","Disarm","Headbutt","Pommel Strike","Shrug It Off","Blood for Blood","Inflame"],"relics":["Burning Blood","Ginger","Vajra","Strawberry"],"potions_floor_usage":[7,10,10],"damage_taken":[{"damage":7,"enemies":"Cultist","floor":1,"turns":4},{"damage":4,"enemies":"2 Louse","floor":2,"turns":3},{"damage":12,"enemies":"Jaw Worm","floor":4,"turns":5},{"damage":54,"enemies":"Lagavulin","floor":6,"turns":8},{"damage":0,"enemies":"2 Fungi Beasts","floor":7,"turns":4},{"damage":3,"enemies":"Exordium Wildlife","floor":8,"turns":5},{"damage":22,"enemies":"3 Sentries","floor":10,"turns":7},{"damage":15,"enemies":"Gremlin Gang","floor":12,"turns":2}],"seed_played":"-836495249679002784","potions_obtained":[{"floor":4,"key":"Explosive Potion"},{"floor":6,"key":"Energy Potion"},{"floor":8,"key":"Poison Potion"},{"floor":10,"key":"GamblersBrew"}],"is_trial":false,"path_per_floor":["M","M","$","M","?","E","M","M","T","E","?","M"],"character_chosen":"IRONCLAD","items_purchased":[],"campfire_rested":0,"item_purchase_floors":[],"current_hp_per_floor":[67,69,69,63,75,27,33,36,36,27,20,5],"gold":121,"neow_bonus":"RANDOM_COLORLESS","is_prod":false,"is_daily":false,"chose_seed":false,"campfire_upgraded":0,"win_rate":0,"timestamp":1544718623,"path_taken":["M","M","?","M","?","E","?","M","T","E","?","M"],"build_version":"2018-12-06","purchased_purges":1,"victory":false,"max_hp_per_floor":[75,75,75,75,75,75,75,75,75,82,82,82],"card_choices":[{"not_picked":["Flex","Clash"],"picked":"Disarm","floor":1},{"not_picked":["Dropkick","Warcry"],"picked":"Headbutt","floor":2},{"not_picked":["Body Slam","Infernal Blade"],"picked":"Pommel Strike","floor":4},{"not_picked":["Wild Strike","Fire Breathing"],"picked":"Shrug It Off","floor":6},{"not_picked":["Entrench","Havoc"],"picked":"Blood for Blood","floor":7},{"not_picked":["Havoc","Evolve","Rage"],"picked":"SKIP","floor":8},{"not_picked":["Carnage","Havoc"],"picked":"Inflame","floor":10}],"player_experience":785883,"relics_obtained":[{"floor":6,"key":"Ginger"},{"floor":9,"key":"Vajra"},{"floor":10,"key":"Strawberry"}],"event_choices":[{"damage_healed":18,"gold_gain":0,"player_choice":"Healed","damage_taken":0,"max_hp_gain":0,"max_hp_loss":0,"event_name":"The Cleric","floor":5,"gold_loss":35},{"cards_removed":["Strike_R"],"damage_healed":0,"gold_gain":0,"player_choice":"Card Removal","damage_taken":7,"max_hp_gain":0,"max_hp_loss":0,"event_name":"Golden Wing","floor":11,"gold_loss":0}],"is_beta":false,"boss_relics":[],"items_purged_floors":[3],"is_endless":false,"potions_floor_spawned":[4,6,8,10],"killed_by":"Gremlin Gang","ascension_level":20}