{"gold_per_floor":[118,132,82,99,99,134,155,122,145,145],"floor_reached":10,"playtime":430,"items_purged":[],"score":66,"play_id":"872c76eb-0125-4880-8e63-fa36bef285b5","local_time":"20180727220207","is_ascension_mode":false,"campfire_choices":[],"neow_cost":"","seed_source_timestamp":41854775410001,"circlet_count":0,"master_deck":["Defend_G","Defend_G","Defend_G","Defend_G","Defend_G","Strike_G","Strike_G","Strike_G","Strike_G","Survivor","Neutralize","Deadly Poison","Backflip","Calculated Gamble","Tools of the Trade","Quick Slash"],"relics":["Ring of the Snake","Centennial Puzzle","Odd Mushroom","Bag of Preparation"],"potions_floor_usage":[7,10],"damage_taken":[{"damage":2,"enemies":"Jaw Worm","floor":1,"turns":6},{"damage":7,"enemies":"2 Louse","floor":2,"turns":3},{"damage":1,"enemies":"Cultist","floor":4,"turns":5},{"damage":23,"enemies":"Lagavulin","floor":6,"turns":9},{"damage":19,"floor":7,"turns":5},{"damage":26,"enemies":"Gremlin Nob","floor":10,"turns":3}],"seed_played":"2752442881225432030","potions_obtained":[{"floor":2,"key":"GamblersBrew"},{"floor":4,"key":"Fire Potion"}],"is_trial":false,"path_per_floor":["M","M","?","M","$","E","?","?","T"],"character_chosen":"THE_SILENT","items_purchased":[],"campfire_rested":0,"item_purchase_floors":[],"current_hp_per_floor":[68,61,61,60,60,37,18,18,18,0],"gold":145,"neow_bonus":"","is_prod":false,"is_daily":false,"chose_seed":false,"campfire_upgraded":0,"win_rate":0,"timestamp":1532696527,"path_taken":["M","M","?","M","$","E","?","?","T","E"],"build_version":"2018-07-26","purchased_purges":0,"victory":false,"max_hp_per_floor":[70,70,70,70,70,70,70,70,70,70],"card_choices":[{"not_picked":["Quick Slash","Dash"],"picked":"Deadly Poison","floor":1},{"not_picked":["Slice","Terror"],"picked":"Backflip","floor":2},{"not_picked":["Slice","Heel Hook"],"picked":"Calculated Gamble","floor":4},{"not_picked":["Bane","Outmaneuver"],"picked":"Tools of the Trade","floor":6},{"not_picked":["Underhanded Strike","Dagger Throw"],"picked":"Quick Slash","floor":7}],"player_experience":54254,"relics_obtained":[{"floor":6,"key":"Centennial Puzzle"},{"floor":7,"key":"Odd Mushroom"},{"floor":9,"key":"Bag of Preparation"}],"event_choices":[{"event_name":"The Cleric","player_choice":"Card Removal","floor":3,"damage_taken":0},{"event_name":"Mushrooms","player_choice":"Fought Mushrooms","floor":7,"damage_taken":0},{"event_name":"World of Goop","player_choice":"Left","floor":8,"damage_taken":0}],"is_beta":false,"boss_relics":[],"items_purged_floors":[],"is_endless":false,"potions_floor_spawned":[2,4],"killed_by":"Gremlin Nob","ascension_level":0}