{"gold_per_floor":[112,112,130,149,168,168,179,191,218,234,234,309,319,319,319,319],"floor_reached":16,"playtime":279,"items_purged":[],"score":96,"play_id":"866e7d63-5bdf-4ba9-ba3f-18500930742f","local_time":"20181015152928","is_ascension_mode":false,"campfire_choices":[{"data":"Perfected Strike","floor":6,"key":"SMITH"},{"data":"Perfected Strike","floor":15,"key":"SMITH"}],"neow_cost":"","seed_source_timestamp":15793668417264,"circlet_count":0,"master_deck":["Strike_R","Strike_R","Strike_R","Strike_R","Strike_R","Defend_R+1","Defend_R","Defend_R","Defend_R+1","Bash","Perfected Strike+1","Perfected Strike+1","Thunderclap","Cleave","Wild Strike","Pommel Strike"],"relics":["Burning Blood","Potion Belt","Lantern"],"potions_floor_usage":[],"damage_taken":[{"damage":13,"enemies":"Jaw Worm","floor":1,"turns":3},{"damage":6,"enemies":"2 Louse","floor":3,"turns":2},{"damage":0,"enemies":"Cultist","floor":4,"turns":2},{"damage":9,"enemies":"2 Fungi Beasts","floor":5,"turns":2},{"damage":12,"enemies":"Lots of Slimes","floor":7,"turns":4},{"damage":0,"enemies":"Exordium Wildlife","floor":8,"turns":2},{"damage":0,"enemies":"2 Fungi Beasts","floor":10,"turns":2},{"damage":5,"enemies":"3 Louse","floor":13,"turns":2},{"damage":0,"enemies":"The Guardian","floor":16,"turns":1}],"seed_played":"1859682001133716730","potions_obtained":[{"floor":5,"key":"Weak Potion"},{"floor":7,"key":"Explosive Potion"},{"floor":8,"key":"Energy Potion"},{"floor":10,"key":"Regen Potion"}],"is_trial":false,"path_per_floor":["M","?","M","M","M","R","M","M","T","M","?","?","M","$","R"],"character_chosen":"IRONCLAD","items_purchased":[],"campfire_rested":0,"item_purchase_floors":[],"current_hp_per_floor":[73,57,57,63,60,60,54,60,60,66,66,55,56,56,56,56],"gold":319,"neow_bonus":"","is_prod":false,"is_daily":false,"chose_seed":false,"campfire_upgraded":2,"win_rate":0,"timestamp":1539606568,"path_taken":["M","?","?","M","M","R","M","M","T","M","?","?","M","?","R","BOSS"],"build_version":"2018-10-11","purchased_purges":0,"victory":false,"max_hp_per_floor":[80,80,80,80,80,80,80,80,80,80,80,80,80,80,80,80],"card_choices":[{"not_picked":["Wild Strike","Bloodletting"],"picked":"Perfected Strike","floor":1},{"not_picked":["Spot Weakness","Entrench","Warcry"],"picked":"SKIP","floor":3},{"not_picked":["Reaper","Disarm"],"picked":"Perfected Strike","floor":4},{"not_picked":["Havoc","Shrug It Off"],"picked":"Thunderclap","floor":5},{"not_picked":["Headbutt","Heavy Blade"],"picked":"Cleave","floor":7},{"not_picked":["Iron Wave","Body Slam"],"picked":"Wild Strike","floor":8},{"not_picked":["Flex","Corruption"],"picked":"Pommel Strike","floor":10},{"not_picked":["Clothesline","Searing Blow","Sever Soul"],"picked":"SKIP","floor":13}],"player_experience":797867,"relics_obtained":[{"floor":9,"key":"Potion Belt"}],"event_choices":[{"event_name":"Shining Light","player_choice":"Entered Light","floor":2,"damage_taken":0},{"event_name":"WeMeetAgain","player_choice":"Potion","floor":11,"damage_taken":0},{"event_name":"World of Goop","player_choice":"Gather Gold","floor":12,"damage_taken":0}],"is_beta":false,"boss_relics":[],"items_purged_floors":[],"is_endless":false,"potions_floor_spawned":[5,7,8,10],"killed_by":"The Guardian","ascension_level":0}