{"gold_per_floor":[115,115,40,40,40,64,105,105,132,153,177,177,193,41,41,166,166,76,76,76,100,100,100,100],"floor_reached":24,"playtime":2016,"items_purged":["Strike_B"],"score":253,"play_id":"5b106435-9e07-4b6c-a03d-74841c86be01","local_time":"20181019124012","is_ascension_mode":true,"campfire_choices":[{"floor":12,"key":"REST"},{"floor":15,"key":"REST"},{"floor":23,"key":"REST"}],"neow_cost":"TEN_PERCENT_HP_LOSS","seed_source_timestamp":187253732099856,"circlet_count":0,"master_deck":["Strike_B","Strike_B","Defend_B+1","Defend_B","Defend_B","Defend_B","Zap","Dualcast+1","Creative AI","Chill","Redo","Thunder Strike","Ghostly","Ghostly","Ghostly","Ghostly","Ghostly","Undo"],"relics":["Cracked Core","Golden Idol","Potion Belt","Omamori","Dream Catcher","Centennial Puzzle","Regal Pillow","Sozu"],"potions_floor_usage":[18,24],"damage_taken":[{"damage":10,"enemies":"2 Louse","floor":1,"turns":3},{"damage":23,"enemies":"3 Sentries","floor":7,"turns":7},{"damage":1,"enemies":"Small Slimes","floor":10,"turns":5},{"damage":0,"enemies":"Jaw Worm","floor":11,"turns":5},{"damage":20,"enemies":"Exordium Thugs","floor":13,"turns":6},{"damage":43,"enemies":"The Guardian","floor":16,"turns":12},{"damage":27,"enemies":"2 Thieves","floor":18,"turns":5},{"damage":21,"enemies":"3 Byrds","floor":21,"turns":6},{"damage":42,"enemies":"Centurion and Healer","floor":24,"turns":15}],"seed_played":"8164373934302308516","potions_obtained":[{"floor":1,"key":"Poison Potion"},{"floor":7,"key":"SpeedPotion"},{"floor":11,"key":"Block Potion"}],"is_trial":false,"path_per_floor":["M","?","$","?","$","T","E","?","T","M","M","R","M","$","R","B",null,"M","?","$","M","?","R"],"character_chosen":"DEFECT","items_purchased":["Regal Pillow"],"campfire_rested":3,"item_purchase_floors":[14],"current_hp_per_floor":[58,44,44,44,44,44,21,18,18,17,17,37,17,17,52,9,68,41,34,34,13,13,34,0],"gold":100,"neow_bonus":"THREE_RARE_CARDS","is_prod":false,"is_daily":false,"chose_seed":false,"campfire_upgraded":0,"win_rate":0,"timestamp":1539915012,"path_taken":["M","?","$","?","$","?","E","?","T","M","M","R","M","$","R","BOSS","M","?","$","M","?","R","M"],"build_version":"2018-10-18","purchased_purges":1,"victory":false,"max_hp_per_floor":[68,68,68,68,68,68,68,68,68,68,68,68,68,68,68,68,68,68,34,34,34,34,34,34],"card_choices":[{"not_picked":["Multi-Cast","Seek"],"picked":"Creative AI","floor":0},{"not_picked":["Hello World","Turbo"],"picked":"Chill","floor":1},{"not_picked":["Ball Lightning","Compile Driver"],"picked":"Redo","floor":7},{"not_picked":["Fusion","Steam","Self Repair"],"picked":"SKIP","floor":10},{"not_picked":["Go for the Eyes","Redo","Ball Lightning"],"picked":"SKIP","floor":11},{"not_picked":["Doom and Gloom","Coolheaded","Machine Learning"],"picked":"SKIP","floor":13},{"not_picked":["Reboot","Seek"],"picked":"Thunder Strike","floor":16},{"not_picked":["Gash","Conserve Battery","Go for the Eyes"],"picked":"SKIP","floor":18},{"not_picked":["Leap","Barrage","Blizzard+1"],"picked":"SKIP","floor":21}],"player_experience":313768,"relics_obtained":[{"floor":6,"key":"Potion Belt"},{"floor":7,"key":"Omamori"},{"floor":9,"key":"Centennial Puzzle"}],"event_choices":[{"damage_healed":0,"gold_gain":0,"player_choice":"Entered Light","damage_taken":14,"max_hp_gain":0,"max_hp_loss":0,"event_name":"Shining Light","floor":2,"gold_loss":0,"cards_upgraded":["Defend_B","Dualcast"]},{"damage_healed":0,"gold_gain":0,"player_choice":"Take Wound","damage_taken":0,"relics_obtained":["Golden Idol"],"max_hp_gain":0,"max_hp_loss":0,"event_name":"Golden Idol","floor":4,"gold_loss":0,"cards_obtained":["Injury"]},{"damage_healed":0,"gold_gain":0,"player_choice":"Success","damage_taken":3,"relics_obtained":["Dream Catcher"],"max_hp_gain":0,"max_hp_loss":0,"event_name":"Scrap Ooze","floor":8,"gold_loss":0},{"damage_healed":0,"gold_gain":0,"player_choice":"Became a Ghost","damage_taken":0,"max_hp_gain":0,"max_hp_loss":34,"event_name":"Ghosts","floor":19,"gold_loss":0,"cards_obtained":["Ghostly","Ghostly","Ghostly","Ghostly","Ghostly"]},{"damage_healed":0,"gold_gain":0,"cards_transformed":["Injury","Strike_B"],"player_choice":"Became Test Subject","damage_taken":0,"max_hp_gain":0,"max_hp_loss":0,"event_name":"Drug Dealer","floor":22,"gold_loss":0,"cards_obtained":["Doubt","Undo"]}],"is_beta":false,"boss_relics":[{"not_picked":["Runic Dome","Coffee Dripper"],"picked":"Sozu"}],"items_purged_floors":[3],"is_endless":false,"potions_floor_spawned":[1,7,11],"killed_by":"Centurion and Healer","ascension_level":4}