{"gold_per_floor":[111,127,127,139,64,91,108,127,127,143,163,163,183,183,183,257,257,268,236,236,63,63,94,108,108,162,162,18,46,56,56,56,56],"floor_reached":33,"playtime":1733,"items_purged":["Strike_R"],"score":491,"play_id":"977a3898-9883-4886-ad80-83bf1f0aed28","local_time":"20190216102503","is_ascension_mode":true,"campfire_choices":[{"floor":12,"key":"REST"},{"data":"True Grit","floor":15,"key":"SMITH"},{"data":"Apotheosis","floor":25,"key":"SMITH"},{"floor":32,"key":"REST"}],"neow_cost":"TEN_PERCENT_HP_LOSS","seed_source_timestamp":121314857788635,"circlet_count":0,"master_deck":["AscendersBane","Strike_R","Strike_R","Strike_R","Defend_R","Defend_R","Defend_R","Defend_R","Bash","Disarm+1","Second Wind","True Grit+1","Reckless Charge","Headbutt","Anger","Ghostly Armor","Infernal Blade","Impervious","Disarm","Rampage+1","Apotheosis+1","Feed","Shockwave","Dropkick","Whirlwind+1"],"relics":["Burning Blood","Charon\u0027s Ashes","Self Forming Clay","Paper Frog","Question Card","Mark of Pain","Meat on the Bone","Vajra","Centennial Puzzle","Blood Vial","Magic Flower"],"potions_floor_usage":[16,23,30,33],"damage_taken":[{"damage":2,"enemies":"Jaw Worm","floor":1,"turns":3},{"damage":6,"enemies":"Cultist","floor":2,"turns":3},{"damage":0,"enemies":"Small Slimes","floor":4,"turns":3},{"damage":33,"enemies":"3 Sentries","floor":6,"turns":6},{"damage":24,"enemies":"Exordium Thugs","floor":7,"turns":7},{"damage":3,"enemies":"Blue Slaver","floor":8,"turns":5},{"damage":21,"enemies":"Exordium Wildlife","floor":10,"turns":4},{"damage":0,"enemies":"Large Slime","floor":11,"turns":5},{"damage":5,"enemies":"Blue Slaver","floor":13,"turns":3},{"damage":29,"enemies":"Slime Boss","floor":16,"turns":11},{"damage":19,"enemies":"Spheric Guardian","floor":18,"turns":7},{"damage":11,"enemies":"2 Thieves","floor":19,"turns":5},{"damage":20,"enemies":"Book of Stabbing","floor":23,"turns":7},{"damage":26,"enemies":"Sentry and Sphere","floor":24,"turns":5},{"damage":24,"enemies":"Slavers","floor":29,"turns":4},{"damage":1,"enemies":"Snake Plant","floor":30,"turns":3},{"damage":89,"enemies":"Champ","floor":33,"turns":11}],"seed_played":"-2999840303397024930","potions_obtained":[{"floor":2,"key":"LiquidBronze"},{"floor":10,"key":"Block Potion"},{"floor":16,"key":"Block Potion"},{"floor":23,"key":"Energy Potion"},{"floor":29,"key":"Dexterity Potion"}],"is_trial":false,"path_per_floor":["M","M","?","M","$","E","M","M","T","M","M","R","M","?","R","B",null,"M","M","?","$","?","E","M","R","T","?","$","E","M","?","R","B"],"character_chosen":"IRONCLAD","items_purchased":["Apotheosis","Blood Vial"],"campfire_rested":2,"item_purchase_floors":[21,28],"current_hp_per_floor":[68,68,68,68,68,41,23,26,26,11,17,37,38,35,35,12,54,41,36,36,36,36,34,30,30,30,30,30,30,59,59,76,0],"gold":56,"neow_bonus":"ONE_RARE_RELIC","is_prod":false,"is_daily":false,"chose_seed":false,"campfire_upgraded":2,"win_rate":0,"timestamp":1550334303,"path_taken":["M","M","?","M","?","E","M","M","T","M","?","R","M","?","R","BOSS","M","M","?","?","?","E","?","R","T","?","$","E","M","?","R","BOSS"],"build_version":"2019-01-23","purchased_purges":1,"victory":false,"max_hp_per_floor":[68,68,68,68,68,68,68,68,68,68,68,68,68,68,68,68,68,68,68,68,68,68,68,72,72,72,72,72,76,76,76,76,76],"card_choices":[{"not_picked":["Perfected Strike","Sword Boomerang"],"picked":"Disarm","floor":1},{"not_picked":["Heavy Blade","Hemokinesis"],"picked":"Second Wind","floor":2},{"not_picked":["Clothesline","Flex"],"picked":"True Grit","floor":4},{"not_picked":["Body Slam","Fire Breathing"],"picked":"Reckless Charge","floor":6},{"not_picked":["Dropkick","Flex"],"picked":"Headbutt","floor":7},{"not_picked":["Second Wind","Heavy Blade"],"picked":"Anger","floor":8},{"not_picked":["Clash","Headbutt"],"picked":"Ghostly Armor","floor":10},{"not_picked":["Fire Breathing","Ghostly Armor"],"picked":"Infernal Blade","floor":11},{"not_picked":["Cleave","Headbutt","Bloodletting"],"picked":"SKIP","floor":13},{"not_picked":["Brutality","Bludgeon","Barricade"],"picked":"Impervious","floor":16},{"not_picked":["Dual Wield","Metallicize","Wild Strike"],"picked":"Disarm","floor":18},{"not_picked":["Clash","True Grit","Armaments"],"picked":"Rampage+1","floor":19},{"not_picked":["Shrug It Off","Pummel","Iron Wave"],"picked":"Feed","floor":23},{"not_picked":["Iron Wave","Clash","Clothesline"],"picked":"Shockwave","floor":24},{"not_picked":["Iron Wave+1","Headbutt","Perfected Strike"],"picked":"Dropkick","floor":29},{"not_picked":["Anger","True Grit","Havoc"],"picked":"Whirlwind+1","floor":30}],"player_experience":568619,"relics_obtained":[{"floor":6,"key":"Self Forming Clay"},{"floor":9,"key":"Paper Frog"},{"floor":23,"key":"Vajra"},{"floor":26,"key":"Centennial Puzzle"},{"floor":29,"key":"Magic Flower"}],"event_choices":[{"damage_healed":0,"gold_gain":0,"player_choice":"Upgraded","damage_taken":0,"max_hp_gain":0,"max_hp_loss":0,"event_name":"Upgrade Shrine","floor":3,"gold_loss":0,"cards_upgraded":["Disarm"]},{"damage_healed":0,"gold_gain":0,"player_choice":"Success","damage_taken":3,"relics_obtained":["Question Card"],"max_hp_gain":0,"max_hp_loss":0,"event_name":"Scrap Ooze","floor":14,"gold_loss":0},{"damage_healed":0,"gold_gain":0,"player_choice":"Gave Potion","damage_taken":0,"relics_obtained":["Meat on the Bone"],"max_hp_gain":0,"max_hp_loss":0,"event_name":"WeMeetAgain","floor":20,"gold_loss":0},{"damage_healed":0,"gold_gain":0,"player_choice":"Ignored","damage_taken":0,"max_hp_gain":0,"max_hp_loss":0,"event_name":"Ghosts","floor":22,"gold_loss":0},{"cards_removed":["Strike_R"],"damage_healed":0,"gold_gain":0,"player_choice":"Elegance","damage_taken":0,"max_hp_gain":0,"max_hp_loss":0,"event_name":"Back to Basics","floor":27,"gold_loss":0},{"damage_healed":0,"gold_gain":0,"player_choice":"Ignored","damage_taken":0,"max_hp_gain":0,"max_hp_loss":0,"event_name":"Beggar","floor":31,"gold_loss":0}],"is_beta":false,"boss_relics":[{"not_picked":["Fusion Hammer","Busted Crown"],"picked":"Mark of Pain"}],"items_purged_floors":[5],"is_endless":false,"potions_floor_spawned":[2,10,11,16,19,23,29],"killed_by":"Champ","ascension_level":14}