{"gold_per_floor":[110,35,35,45,58,58,89,89,114,144,94,94,105,118,118,223,223,241,241,255,255,10,10,10,10,63,63,73,84,94,94,94,94],"floor_reached":33,"playtime":1495,"items_purged":["Regret","Strike_R"],"score":391,"play_id":"a38a2a8f-b17d-40d1-be47-1466bfa30846","local_time":"20181014074142","is_ascension_mode":true,"campfire_choices":[{"data":"Combust","floor":6,"key":"SMITH"},{"data":"Iron Wave","floor":8,"key":"SMITH"},{"data":"Infernal Blade","floor":15,"key":"SMITH"},{"data":"Demon Form","floor":23,"key":"SMITH"},{"data":"RitualDagger","floor":25,"key":"SMITH"},{"data":"Defend_R","floor":27,"key":"SMITH"},{"data":"Bite","floor":32,"key":"SMITH"}],"neow_cost":"CURSE","seed_source_timestamp":143009228856807,"circlet_count":0,"master_deck":["Defend_R+1","Defend_R","Defend_R","Defend_R+1","Bash","Heavy Blade+1","Iron Wave+1","Combust+1","Rampage+1","Infernal Blade+1","Demon Form+1","Anger+1","RitualDagger+1","Heavy Blade","Bite+1","Bite","Bite","Bite","Bite"],"relics":["Burning Blood","Whetstone","Pocketwatch","Velvet Choker","Meat on the Bone","Pen Nib","Boot"],"potions_floor_usage":[10,10,18,29],"damage_taken":[{"damage":4,"enemies":"Jaw Worm","floor":1,"turns":3},{"damage":9,"enemies":"Small Slimes","floor":4,"turns":2},{"damage":8,"enemies":"Cultist","floor":5,"turns":3},{"damage":24,"enemies":"3 Sentries","floor":7,"turns":5},{"damage":21,"enemies":"Lagavulin","floor":10,"turns":5},{"damage":3,"enemies":"Blue Slaver","floor":13,"turns":3},{"damage":5,"enemies":"Exordium Wildlife","floor":14,"turns":2},{"damage":5,"enemies":"Slime Boss","floor":16,"turns":5},{"damage":14,"enemies":"3 Byrds","floor":18,"turns":4},{"damage":14,"enemies":"Shell Parasite","floor":20,"turns":3},{"damage":15,"enemies":"Snecko","floor":28,"turns":4},{"damage":24,"enemies":"Shelled Parasite and Fungi","floor":29,"turns":4},{"damage":25,"enemies":"Snake Plant","floor":30,"turns":3},{"damage":58,"enemies":"Champ","floor":33,"turns":5}],"seed_played":"4785258526176715901","potions_obtained":[{"floor":1,"key":"Poison Potion"},{"floor":5,"key":"SpeedPotion"},{"floor":7,"key":"Explosive Potion"},{"floor":10,"key":"Weak Potion"},{"floor":16,"key":"Strength Potion"},{"floor":28,"key":"SneckoOil"},{"floor":30,"key":"GamblersBrew"}],"is_trial":false,"path_per_floor":["M","$","?","M","M","R","E","R","T","E","?","?","M","M","R","B",null,"M","?","M","?","$","R","$","R","T","R","M","M","M","?","R"],"character_chosen":"IRONCLAD","items_purchased":["Pen Nib"],"campfire_rested":0,"item_purchase_floors":[22],"current_hp_per_floor":[80,80,64,61,59,59,41,41,41,28,28,54,59,62,62,65,80,72,72,66,60,60,60,60,60,60,60,53,49,44,44,44,0],"gold":94,"neow_bonus":"TRANSFORM_TWO_CARDS","is_prod":false,"is_daily":false,"chose_seed":false,"campfire_upgraded":7,"win_rate":0,"timestamp":1539465102,"path_taken":["M","$","?","M","M","R","E","R","T","E","?","?","M","M","R","BOSS","M","?","M","?","$","R","$","R","T","R","M","M","?","?","R","BOSS"],"build_version":"2018-10-11","purchased_purges":2,"victory":false,"max_hp_per_floor":[80,80,80,80,80,80,80,80,80,80,80,80,80,80,80,80,80,80,80,80,80,80,80,80,80,80,80,80,80,80,80,80,80],"card_choices":[{"not_picked":["Perfected Strike","Armaments"],"picked":"Combust","floor":1},{"not_picked":["Cleave","Pummel","Dual Wield"],"picked":"SKIP","floor":4},{"not_picked":["Clash","Perfected Strike"],"picked":"Rampage","floor":5},{"not_picked":["Rupture","Clothesline","Dropkick"],"picked":"SKIP","floor":7},{"not_picked":["Seeing Red","Cleave"],"picked":"Infernal Blade","floor":10},{"not_picked":["Warcry","Cleave","Body Slam"],"picked":"SKIP","floor":13},{"not_picked":["Hemokinesis","Iron Wave","Perfected Strike"],"picked":"SKIP","floor":14},{"not_picked":["Immolate","Dark Embrace"],"picked":"Demon Form","floor":16},{"not_picked":["Twin Strike","Wild Strike","Feel No Pain+1"],"picked":"SKIP","floor":18},{"not_picked":["Havoc","Headbutt"],"picked":"Anger+1","floor":20},{"not_picked":["Body Slam","Flame Barrier","Iron Wave"],"picked":"SKIP","floor":28},{"not_picked":["Perfected Strike","Clothesline","Iron Wave+1"],"picked":"SKIP","floor":29},{"not_picked":["Body Slam","Rupture"],"picked":"Heavy Blade","floor":30}],"player_experience":298332,"relics_obtained":[{"floor":7,"key":"Whetstone"},{"floor":9,"key":"Blood Vial"},{"floor":10,"key":"Pocketwatch"},{"floor":26,"key":"Boot"}],"event_choices":[{"event_name":"Shining Light","player_choice":"Entered Light","floor":3,"damage_taken":0},{"event_name":"The Cleric","player_choice":"Card Removal","floor":11,"damage_taken":0},{"event_name":"Big Fish","player_choice":"Banana","floor":12,"damage_taken":0},{"event_name":"WeMeetAgain","player_choice":"Potion","floor":19,"damage_taken":0},{"event_name":"Nest","player_choice":"Joined the Cult","floor":21,"damage_taken":0},{"event_name":"Vampires","player_choice":"Became a vampire (Vial)","floor":31,"damage_taken":0}],"is_beta":false,"boss_relics":[{"not_picked":["Philosopher\u0027s Stone","White Beast Statue"],"picked":"Velvet Choker"}],"items_purged_floors":[2,22],"is_endless":false,"potions_floor_spawned":[1,5,7,10,16,28,30],"killed_by":"Champ","ascension_level":4}