{"gold_per_floor":[115,125,75,250,250,250,51,51,51,69,89,99,99,99,99,220,220,243,27,109,109,109,109,9,9,9,9,25,25,25,44,44,165,165,180,180,199,54,68,68,111,111,111,127,127,147,147],"floor_reached":47,"playtime":3029,"items_purged":["Pain","Regret"],"score":553,"play_id":"00e34956-9bc1-44de-aafd-eacb79966da1","local_time":"20181001132451","is_ascension_mode":true,"campfire_choices":[{"data":"Skewer","floor":6,"key":"SMITH"},{"data":"Prepared","floor":8,"key":"SMITH"},{"data":"Crippling Poison","floor":13,"key":"SMITH"},{"data":"Neutralize","floor":15,"key":"SMITH"},{"data":"Footwork","floor":23,"key":"SMITH"},{"data":"Adrenaline","floor":27,"key":"SMITH"},{"data":"RitualDagger","floor":29,"key":"SMITH"},{"data":"Survivor","floor":32,"key":"SMITH"},{"floor":40,"key":"REST"},{"data":"Accuracy","floor":42,"key":"SMITH"},{"floor":45,"key":"REST"}],"neow_cost":"TEN_PERCENT_HP_LOSS","seed_source_timestamp":4075311982452,"circlet_count":0,"master_deck":["Defend_G+1","Defend_G+1","Defend_G+1","Defend_G+1","Defend_G+1","Strike_G+1","Strike_G+1","Strike_G+1","Survivor+1","Neutralize+1","Skewer+1","Prepared+1","Crippling Poison+1","Injury","Adrenaline+1","Parasite","Infinite Blades+1","Footwork+1","Terror+1","RitualDagger+1","Backflip+1","Dagger Spray+1","Die Die Die","Prepared","Caltrops","PiercingWail","Dash","Acrobatics","Crippling Poison","Accuracy+1","Accuracy"],"relics":["Ring of the Snake","FossilizedHelix","Spirit Poop","Chemical X","Mango","Golden Idol","Calling Bell","PreservedInsect","Mummified Hand","WingedGreaves","Letter Opener","Torii","Orrery","Centennial Puzzle","Bronze Scales","Frozen Egg 2"],"potions_floor_usage":[28,33,33,46,46,47],"damage_taken":[{"damage":0,"enemies":"Jaw Worm","floor":1,"turns":5},{"damage":0,"enemies":"Small Slimes","floor":2,"turns":4},{"damage":0,"enemies":"2 Louse","floor":10,"turns":2},{"damage":0,"enemies":"2 Fungi Beasts","floor":11,"turns":3},{"damage":0,"enemies":"Red Slaver","floor":12,"turns":1},{"damage":33,"enemies":"The Guardian","floor":16,"turns":8},{"damage":17,"enemies":"Chosen","floor":18,"turns":5},{"damage":0,"enemies":"Spheric Guardian","floor":28,"turns":3},{"damage":0,"enemies":"Snecko","floor":31,"turns":3},{"damage":44,"enemies":"Automaton","floor":33,"turns":8},{"damage":18,"enemies":"3 Darklings","floor":35,"turns":5},{"damage":14,"enemies":"Orb Walker","floor":37,"turns":4},{"damage":32,"enemies":"Sphere and 2 Shapes","floor":39,"turns":4},{"damage":10,"enemies":"Giant Head","floor":41,"turns":7},{"damage":23,"enemies":"Reptomancer","floor":44,"turns":4},{"damage":30,"enemies":"Transient","floor":46,"turns":5},{"damage":9,"enemies":"3 Darklings","floor":47,"turns":1}],"seed_played":"7670217135987237162","potions_obtained":[{"floor":1,"key":"Strength Potion"},{"floor":12,"key":"GamblersBrew"},{"floor":28,"key":"Strength Potion"},{"floor":33,"key":"Poison Potion"},{"floor":35,"key":"LiquidBronze"},{"floor":41,"key":"Regen Potion"}],"is_trial":false,"path_per_floor":["M","M","?","?","?","R","$","R","T","M","M","M","R","?","R","B",null,"M","$","T","?","?","R","$","$","T","R","M","R","?","M","R","B",null,"M","?","M","$","M","R","E","R","T","M","R","M"],"character_chosen":"THE_SILENT","items_purchased":["Chemical X","Footwork","Terror","Centennial Puzzle"],"campfire_rested":2,"item_purchase_floors":[7,19,19,38],"current_hp_per_floor":[63,63,63,63,63,63,63,63,77,77,77,77,77,77,77,44,77,60,60,60,54,54,54,54,54,54,54,54,54,54,54,54,10,77,59,59,45,45,13,36,26,26,26,3,26,1,0],"gold":147,"neow_bonus":"ONE_RARE_RELIC","is_prod":false,"is_daily":false,"chose_seed":false,"campfire_upgraded":9,"win_rate":0,"timestamp":1538366091,"path_taken":["M","M","?","?","?","R","$","R","T","?","M","M","R","?","R","BOSS","M","$","?","?","?","R","?","$","T","R","M","R","?","?","R","BOSS","M","?","?","$","M","R","E","R","T","?","R","?","M"],"build_version":"2018-09-27","purchased_purges":2,"victory":false,"max_hp_per_floor":[63,63,63,63,63,63,63,63,77,77,77,77,77,77,77,77,77,77,77,77,77,77,77,77,77,77,77,77,77,77,77,77,77,77,77,77,77,77,77,77,77,77,77,77,77,77,77],"card_choices":[{"not_picked":["Poisoned Stab","Deadly Poison"],"picked":"Skewer","floor":1},{"not_picked":["Eviscerate","Choke"],"picked":"Prepared","floor":2},{"not_picked":["Slice","Deflect","Masterful Stab"],"picked":"SKIP","floor":10},{"not_picked":["Dash","Storm of Steel"],"picked":"Crippling Poison","floor":11},{"not_picked":["Underhanded Strike","Dodge and Roll","Dagger Throw"],"picked":"SKIP","floor":12},{"not_picked":["Wraith Form v2","After Image"],"picked":"Adrenaline","floor":16},{"not_picked":["Choke","Accuracy"],"picked":"Infinite Blades+1","floor":18},{"not_picked":["Deflect","Sucker Punch"],"picked":"Backflip+1","floor":28},{"not_picked":["Outmaneuver+1","Blade Dance+1"],"picked":"Dagger Spray+1","floor":31},{"not_picked":["Unload","Grand Finale"],"picked":"Die Die Die","floor":33},{"not_picked":["Sucker Punch","Slice+1"],"picked":"Prepared","floor":34},{"not_picked":["Cloak And Dagger","PiercingWail"],"picked":"Caltrops","floor":34},{"not_picked":["Catalyst+1","Cloak And Dagger"],"picked":"PiercingWail","floor":34},{"not_picked":["Slice+1","Blur+1"],"picked":"Dash","floor":34},{"not_picked":["Deadly Poison","Masterful Stab"],"picked":"Acrobatics","floor":34},{"not_picked":["Backflip","Deflect"],"picked":"Crippling Poison","floor":35},{"not_picked":["Slice+1","Underhanded Strike"],"picked":"Accuracy","floor":37},{"not_picked":["Catalyst","Outmaneuver","Accuracy"],"picked":"SKIP","floor":39},{"not_picked":["Catalyst","Outmaneuver"],"picked":"Accuracy","floor":39},{"not_picked":["Outmaneuver","Calculated Gamble","Quick Slash"],"picked":"SKIP","floor":41},{"not_picked":["Sucker Punch+1","Prepared","Poisoned Stab"],"picked":"SKIP","floor":44},{"not_picked":["Quick Slash+1","Distraction","Setup"],"picked":"SKIP","floor":46}],"player_experience":257546,"relics_obtained":[{"floor":9,"key":"Mango"},{"floor":17,"key":"PreservedInsect"},{"floor":17,"key":"Mummified Hand"},{"floor":17,"key":"WingedGreaves"},{"floor":20,"key":"Letter Opener"},{"floor":26,"key":"Torii"},{"floor":41,"key":"Bronze Scales"},{"floor":43,"key":"Frozen Egg 2"}],"event_choices":[{"event_name":"The Cleric","player_choice":"Card Removal","floor":3,"damage_taken":0},{"event_name":"Liars Game","player_choice":"agreed","floor":4,"damage_taken":0},{"event_name":"Bonfire Elementals","player_choice":"CURSE","floor":5,"damage_taken":0},{"event_name":"Golden Idol","player_choice":"Take Wound","floor":14,"damage_taken":0},{"event_name":"Nest","player_choice":"Joined the Cult","floor":21,"damage_taken":0},{"event_name":"Accursed Blacksmith","player_choice":"Forge","floor":22,"damage_taken":0},{"event_name":"Back to Basics","player_choice":"Simplicity","floor":30,"damage_taken":0},{"event_name":"Falling","player_choice":"Removed Attack","floor":36,"damage_taken":0}],"is_beta":false,"boss_relics":[{"not_picked":["WristBlade","Astrolabe"],"picked":"Calling Bell"},{"not_picked":["Busted Crown","Runic Dome"],"picked":"Orrery"}],"items_purged_floors":[19,24],"is_endless":false,"potions_floor_spawned":[1,12,28,33,35,41],"killed_by":"3 Darklings","ascension_level":4}