{"gold_per_floor":[19,29,179,195,208,208,236,236,236,236],"floor_reached":10,"playtime":345,"items_purged":[],"score":126,"play_id":"8b9089b4-c019-4386-b7a4-be1acc67766c","local_time":"20190216075849","is_ascension_mode":true,"campfire_choices":[{"floor":6.0,"key":"REST"}],"neow_cost":"NO_GOLD","seed_source_timestamp":372471997067300,"circlet_count":0,"master_deck":["AscendersBane","Strike_B","Strike_B","Strike_B","Strike_B","Defend_B","Defend_B","Defend_B","Defend_B","Zap","Dualcast","Cold Snap","Doubt","Creative AI","Reinforced Body","Cold Snap"],"special_seed":0,"relics":["Cracked Core","Shovel","Bag of Marbles","Symbiotic Virus"],"potions_floor_usage":[7],"damage_taken":[{"damage":0.0,"enemies":"2 Louse","floor":1.0,"turns":3.0},{"damage":2.0,"enemies":"Jaw Worm","floor":2.0,"turns":4.0},{"damage":1.0,"enemies":"Cultist","floor":4.0,"turns":3.0},{"damage":60.0,"enemies":"Exordium Thugs","floor":5.0,"turns":7.0},{"damage":21,"enemies":"Lagavulin","floor":7,"turns":6},{"damage":5,"enemies":"Exordium Wildlife","floor":10,"turns":2}],"seed_played":"2140894784572220209","potions_obtained":[{"floor":5.0,"key":"GamblersBrew"}],"is_trial":false,"path_per_floor":["M","M","?","M","M","R","E","?","T","M"],"character_chosen":"DEFECT","items_purchased":[],"campfire_rested":1,"item_purchase_floors":[],"current_hp_per_floor":[64,62,62,61,1,22,1,1,1,0],"gold":236,"neow_bonus":"ONE_RARE_RELIC","is_prod":false,"is_daily":false,"chose_seed":false,"campfire_upgraded":0,"win_rate":0,"timestamp":1550332729,"path_taken":["M","M","?","M","M","R","E","?","T","M"],"build_version":"2019-01-23","purchased_purges":0,"victory":false,"max_hp_per_floor":[71,71,71,71,71,71,71,71,71,71],"card_choices":[{"not_picked":["Turbo","Hologram"],"picked":"Cold Snap","floor":1.0},{"not_picked":["Redo","Blizzard","Turbo"],"picked":"SKIP","floor":2.0},{"not_picked":["Cold Snap","Sweeping Beam"],"picked":"Creative AI","floor":4.0},{"not_picked":["Rebound","Turbo"],"picked":"Reinforced Body","floor":5.0},{"not_picked":["Sunder","Lockon"],"picked":"Cold Snap","floor":7}],"player_experience":982404,"relics_obtained":[{"floor":7,"key":"Bag of Marbles"},{"floor":9,"key":"Symbiotic Virus"}],"event_choices":[{"damage_healed":0.0,"max_hp_gain":0.0,"max_hp_loss":0.0,"gold_gain":150.0,"event_name":"Liars Game","player_choice":"AGREE","floor":3.0,"gold_loss":0.0,"damage_taken":0.0,"cards_obtained":["Doubt"]},{"damage_healed":0,"gold_gain":0,"player_choice":"Ignored","damage_taken":0,"max_hp_gain":0,"max_hp_loss":0,"event_name":"Shining Light","floor":8,"gold_loss":0}],"is_beta":false,"boss_relics":[],"items_purged_floors":[],"is_endless":false,"potions_floor_spawned":[5],"killed_by":"Exordium Wildlife","ascension_level":17}