{"gold_per_floor":[359,434,301,320,285,313,330,362,362,362,392,412,412,437,437,541,541,551,476,493,512,284,315,315,347,371,396,4,4,4,23,23,122,122,142,142,142,156,0,0,12,27,27,43,61,95,95,108,108,108],"floor_reached":51,"playtime":5442,"items_purged":["Defend_B","Defend_B"],"score":1191,"play_id":"362b12fb-7e14-449e-a1b2-8dfbe0fadf93","local_time":"20180926005944","is_ascension_mode":true,"campfire_choices":[{"floor":10.0,"key":"REST"},{"floor":13.0,"key":"REST"},{"data":"Go for the Eyes","floor":15.0,"key":"SMITH"},{"floor":24.0,"key":"REST"},{"floor":29.0,"key":"REST"},{"floor":32.0,"key":"REST"},{"data":"Echo Form","floor":40,"key":"SMITH"},{"data":"Zap","floor":47,"key":"SMITH"},{"data":"Go for the Eyes","floor":49,"key":"SMITH"}],"neow_cost":"TEN_PERCENT_HP_LOSS","seed_source_timestamp":0,"circlet_count":0,"master_deck":["Defend_B","Defend_B","Zap+1","Dualcast","Loop","Auto Shields","Go for the Eyes+1","Undo","Cold Snap","Rip and Tear","Go for the Eyes+1","Ball Lightning","Defragment","Echo Form+1","Auto Shields+1","Static Discharge+1","Chill+1","Ball Lightning+1","Steam","Conserve Battery","Hologram","Compile Driver","Streamline+1","Sunder","BootSequence","Conserve Battery+1","Self Repair","Leap+1","Electrodynamics","Cold Snap+1","Madness+1","Madness+1","Beam Cell+1","Reprogram+1","Darkness+1","Blizzard","Turbo+1","Redo+1","Stack+1"],"special_seed":0,"relics":["Cracked Core","Oddly Smooth Stone","The Courier","PreservedInsect","Smiling Mask","Vajra","Astrolabe","Strawberry","Potion Belt","DataDisk","Orichalcum","Question Card","Toxic Egg 2","Dream Catcher","Runic Pyramid","Ice Cream","Red Mask","Dodecahedron","Bag of Preparation"],"potions_floor_usage":[41,42,48,48,50],"damage_taken":[{"damage":4.0,"enemies":"Jaw Worm","floor":1.0,"turns":3.0},{"damage":3.0,"enemies":"2 Louse","floor":4.0,"turns":2.0},{"damage":19.0,"enemies":"3 Sentries","floor":6.0,"turns":7.0},{"damage":12.0,"enemies":"Small Slimes","floor":7.0,"turns":4.0},{"damage":35.0,"enemies":"Gremlin Nob","floor":8.0,"turns":6.0},{"damage":0.0,"enemies":"Lagavulin","floor":11.0,"turns":5.0},{"damage":6.0,"enemies":"3 Louse","floor":12.0,"turns":3.0},{"damage":15.0,"enemies":"3 Sentries","floor":14.0,"turns":5.0},{"damage":0.0,"enemies":"Hexaghost","floor":16.0,"turns":10.0},{"damage":3.0,"enemies":"Shell Parasite","floor":18.0,"turns":4.0},{"damage":12.0,"enemies":"3 Byrds","floor":20.0,"turns":7.0},{"damage":8.0,"enemies":"Centurion and Healer","floor":21.0,"turns":8.0},{"damage":33.0,"enemies":"Gremlin Leader","floor":23.0,"turns":7.0},{"damage":10.0,"enemies":"Book of Stabbing","floor":25.0,"turns":5.0},{"damage":0.0,"enemies":"Slavers","floor":27.0,"turns":5.0},{"damage":5.0,"enemies":"Chosen and Byrds","floor":31.0,"turns":6.0},{"damage":41,"enemies":"Champ","floor":33,"turns":11},{"damage":0,"enemies":"3 Shapes","floor":35,"turns":6},{"damage":7,"enemies":"Mind Bloom Boss Battle","floor":37,"turns":7},{"damage":4,"enemies":"3 Darklings","floor":38,"turns":6},{"damage":0,"enemies":"Spire Growth","floor":41,"turns":5},{"damage":14,"enemies":"Transient","floor":42,"turns":5},{"damage":10,"enemies":"Maw","floor":44,"turns":7},{"damage":3,"enemies":"4 Shapes","floor":45,"turns":4},{"damage":2,"enemies":"Nemesis","floor":46,"turns":3},{"damage":0,"enemies":"Transient","floor":48,"turns":5},{"damage":42,"enemies":"Awakened One","floor":50,"turns":15}],"seed_played":"-3146993980160477772","potions_obtained":[{"floor":4.0,"key":"Weak Potion"},{"floor":7.0,"key":"Dexterity Potion"},{"floor":8.0,"key":"SpeedPotion"},{"floor":11.0,"key":"Energy Potion"},{"floor":16.0,"key":"Weak Potion"},{"floor":20.0,"key":"Weak Potion"},{"floor":23.0,"key":"FairyPotion"},{"floor":25.0,"key":"Explosive Potion"},{"floor":27.0,"key":"Ancient Potion"},{"floor":38,"key":"SkillPotion"},{"floor":44,"key":"AttackPotion"},{"floor":45,"key":"Fire Potion"},{"floor":48,"key":"Swift Potion"}],"is_trial":false,"path_per_floor":["M","?","$","M","?","E","M","E","T","R","E","M","R","E","R","B",null,"M","?","M","M","$","E","R","E","T","E","$","R","$","M","R","B",null,"M","?","?","M","?","R","M","M","T","M","M","E","R","M","R","B"],"character_chosen":"DEFECT","items_purchased":["Auto Shields","PowerPotion","Strawberry","Hologram","Compile Driver","Toxic Egg 2","Dream Catcher"],"campfire_rested":5,"item_purchase_floors":[3,3,22,22,22,28,28],"current_hp_per_floor":[64,53,53,50,67,48,36,1,1,21,21,15,35,20,20,20,56,53,53,41,33,40,7,29,19,19,19,19,41,41,36,58,24,62,75,66,66,69,69,69,75,68,68,65,62,67,67,67,67,32],"gold":108,"neow_bonus":"TWO_FIFTY_GOLD","is_prod":false,"is_daily":false,"chose_seed":false,"campfire_upgraded":4,"win_rate":0,"timestamp":1537948784,"path_taken":["M","?","$","M","?","E","?","E","T","R","E","M","R","E","R","BOSS","M","?","M","M","$","E","R","E","T","E","?","R","$","M","R","BOSS","M","?","?","?","?","R","M","M","T","M","M","E","R","M","R","BOSS"],"build_version":"2018-09-20","purchased_purges":2,"victory":true,"max_hp_per_floor":[68,68,68,68,68,68,68,68,68,68,68,68,68,68,68,68,68,68,68,68,68,75,75,75,75,75,75,75,75,75,75,75,75,75,75,75,75,75,75,75,75,75,75,75,75,75,75,75,75,75],"card_choices":[{"not_picked":["Conserve Battery","Barrage"],"picked":"Loop","floor":1.0},{"not_picked":["Fusion","Sweeping Beam"],"picked":"Go for the Eyes","floor":4.0},{"not_picked":["Stack","Rebound"],"picked":"Undo","floor":6.0},{"not_picked":["Darkness","Doom and Gloom"],"picked":"Cold Snap","floor":7.0},{"not_picked":["Recycle","Scrape"],"picked":"Rip and Tear","floor":8.0},{"not_picked":["Multi-Cast","Hyperbeam"],"picked":"Go for the Eyes","floor":11.0},{"not_picked":["Redo","Rebound"],"picked":"Ball Lightning","floor":12.0},{"not_picked":["Meteor Strike","Cold Snap"],"picked":"Defragment","floor":14.0},{"not_picked":["Fission","Creative AI"],"picked":"Echo Form","floor":16.0},{"not_picked":["Compile Driver+1","Gash+1"],"picked":"Ball Lightning+1","floor":18.0},{"not_picked":["Barrage","Coolheaded"],"picked":"Steam","floor":20.0},{"not_picked":["Gash","Redo"],"picked":"Conserve Battery","floor":21.0},{"not_picked":["Storm","Compile Driver"],"picked":"Streamline+1","floor":23.0},{"not_picked":["Meteor Strike","Hologram"],"picked":"Sunder","floor":25.0},{"not_picked":["Genetic Algorithm","Steam"],"picked":"BootSequence","floor":27.0},{"not_picked":["Turbo+1","Coolheaded+1","Chill+1"],"picked":"Conserve Battery+1","floor":29.0},{"not_picked":["Gash+1","Conserve Battery+1","Beam Cell"],"picked":"Self Repair","floor":31.0},{"not_picked":["Ball Lightning","White Noise+1","Hello World"],"picked":"Leap+1","floor":32.0},{"not_picked":["Machine Learning","Multi-Cast+1","All For One"],"picked":"Electrodynamics","floor":33},{"not_picked":["White Noise+1","Hologram+1","Loop+1"],"picked":"Cold Snap+1","floor":35},{"not_picked":["Genetic Algorithm+1","Cold Snap+1","Steam+1"],"picked":"Beam Cell+1","floor":37},{"not_picked":["Barrage","Loop+1","Streamline+1"],"picked":"Reprogram+1","floor":38},{"not_picked":["Steam+1","Conserve Battery+1","Gash"],"picked":"Darkness+1","floor":41},{"not_picked":["Darkness+1","Coolheaded+1","Beam Cell"],"picked":"Blizzard","floor":42},{"not_picked":["Barrage+1","Thunder Strike","Sunder+1"],"picked":"Turbo+1","floor":44},{"not_picked":["Compile Driver+1","Ball Lightning","Barrage","Gash"],"picked":"SKIP","floor":45},{"not_picked":["Auto Shields+1","Cold Snap","Sweeping Beam+1"],"picked":"Redo+1","floor":46},{"not_picked":["Streamline","Steam+1","Hologram+1"],"picked":"Stack+1","floor":48}],"player_experience":453385,"relics_obtained":[{"floor":6.0,"key":"Oddly Smooth Stone"},{"floor":8.0,"key":"The Courier"},{"floor":9.0,"key":"PreservedInsect"},{"floor":11.0,"key":"Smiling Mask"},{"floor":14.0,"key":"Vajra"},{"floor":23.0,"key":"Potion Belt"},{"floor":25.0,"key":"DataDisk"},{"floor":26.0,"key":"Orichalcum"},{"floor":27.0,"key":"Question Card"},{"floor":37,"key":"Ice Cream"},{"floor":43,"key":"Dodecahedron"},{"floor":46,"key":"Bag of Preparation"}],"event_choices":[{"event_name":"World of Goop","player_choice":"Gather Gold","floor":2.0,"damage_taken":0.0},{"event_name":"The Cleric","player_choice":"Healed","floor":5.0,"damage_taken":0.0},{"event_name":"Beggar","player_choice":"Gave Gold","floor":19.0,"damage_taken":0.0},{"event_name":"Winding Halls","player_choice":"Embrace Madness","floor":36,"damage_taken":0},{"event_name":"MindBloom","player_choice":"Fight","floor":37,"damage_taken":0},{"event_name":"Tomb of Lord Red Mask","player_choice":"Paid","floor":39,"damage_taken":0}],"is_beta":false,"boss_relics":[{"not_picked":["White Beast Statue","Velvet Choker"],"picked":"Astrolabe"},{"not_picked":["Tiny House","Philosopher\u0027s Stone"],"picked":"Runic Pyramid"}],"items_purged_floors":[22,28],"is_endless":false,"potions_floor_spawned":[4,7,8,11,16,20,23,25,27,38,44,45,48],"ascension_level":8}