{"gold_per_floor":[116,116,129,146,146,146,171,171,247,8,8,8,24,52,52,126,126,136,61,73,73,93,93,41,41,64,9,9,25,25,50,50,123,123,139,139,153,164,8,8,22,22,22,53,53,53,66,96,96,96],"floor_reached":50,"playtime":1960,"items_purged":["Strike_R"],"score":1152,"play_id":"47ced9d4-36c3-42d1-96d6-233910a0b586","local_time":"20190506163007","is_ascension_mode":true,"campfire_choices":[{"data":"Fiend Fire","floor":6.0,"key":"SMITH"},{"data":"Spot Weakness","floor":8.0,"key":"SMITH"},{"data":"Feed","floor":12.0,"key":"SMITH"},{"data":"Limit Break","floor":15.0,"key":"SMITH"},{"data":"Uppercut","floor":23.0,"key":"SMITH"},{"data":"Heavy Blade","floor":25.0,"key":"SMITH"},{"floor":28.0,"key":"REST"},{"data":"Seeing Red","floor":30.0,"key":"SMITH"},{"data":"Limit Break","floor":32.0,"key":"SMITH"},{"data":"True Grit","floor":40.0,"key":"SMITH"},{"floor":42.0,"key":"REST"},{"floor":46,"key":"REST"},{"floor":49,"key":"REST"}],"neow_cost":"NONE","seed_source_timestamp":10351133736086,"circlet_count":0,"master_deck":["AscendersBane","Strike_R","Strike_R","Defend_R","Defend_R","Defend_R","Defend_R","Bash","Spot Weakness+1","Sword Boomerang","Fiend Fire+1","Limit Break+1","Feed+1","Limit Break+1","Cleave","Armaments+1","Uppercut+1","Heavy Blade+1","Seeing Red+1","Iron Wave","Finesse","True Grit+1","Exhume","Sentinel","Sword Boomerang+1","Shockwave","Metallicize+1","Armaments+1","Limit Break"],"special_seed":0,"relics":["Burning Blood","Anchor","Ornamental Fan","Bag of Preparation","Runic Pyramid","Dream Catcher","Ancient Tea Set","Philosopher\u0027s Stone","Centennial Puzzle","Strawberry"],"potions_floor_usage":[44,44,50],"damage_taken":[{"damage":2.0,"enemies":"2 Louse","floor":1.0,"turns":3.0},{"damage":24.0,"enemies":"Jaw Worm","floor":3.0,"turns":4.0},{"damage":6.0,"enemies":"Small Slimes","floor":4.0,"turns":4.0},{"damage":8.0,"enemies":"Gremlin Nob","floor":7.0,"turns":3.0},{"damage":8.0,"enemies":"Exordium Thugs","floor":13.0,"turns":3.0},{"damage":20.0,"enemies":"Lagavulin","floor":14.0,"turns":4.0},{"damage":32.0,"enemies":"Hexaghost","floor":16.0,"turns":8.0},{"damage":19.0,"enemies":"Chosen","floor":18.0,"turns":5.0},{"damage":14.0,"enemies":"Shell Parasite","floor":20.0,"turns":3.0},{"damage":5.0,"enemies":"Snecko","floor":22.0,"turns":3.0},{"damage":9.0,"enemies":"Snake Plant","floor":29.0,"turns":2.0},{"damage":6.0,"enemies":"Book of Stabbing","floor":31.0,"turns":3.0},{"damage":5.0,"enemies":"Champ","floor":33.0,"turns":9.0},{"damage":9.0,"enemies":"Orb Walker","floor":35.0,"turns":3.0},{"damage":9.0,"enemies":"3 Shapes","floor":37.0,"turns":4.0},{"damage":30.0,"enemies":"Jaw Worm Horde","floor":38.0,"turns":4.0},{"damage":9.0,"enemies":"4 Shapes","floor":41.0,"turns":7.0},{"damage":81,"enemies":"Reptomancer","floor":44,"turns":4},{"damage":10,"enemies":"Spire Growth","floor":47,"turns":3},{"damage":55,"enemies":"Giant Head","floor":48,"turns":6},{"damage":53,"enemies":"Donu and Deca","floor":50,"turns":5}],"seed_played":"-8487648370589201903","potions_obtained":[{"floor":13.0,"key":"Strength Potion"},{"floor":14.0,"key":"SkillPotion"},{"floor":16.0,"key":"Regen Potion"},{"floor":38.0,"key":"LiquidBronze"},{"floor":48,"key":"Poison Potion"}],"is_trial":false,"path_per_floor":["M","?","M","M","?","R","E","R","T","$","?","R","M","E","R","B",null,"M","?","M","?","M","R","$","R","T","$","R","M","R","E","R","B",null,"M","?","M","M","$","R","M","R","T","E","$","R","M","E","R","B"],"character_chosen":"IRONCLAD","items_purchased":["Feed","Heavy Blade","PowerPotion","Exhume"],"campfire_rested":4,"item_purchase_floors":[10,24,27,39],"current_hp_per_floor":[72,65,47,47,47,47,45,45,45,45,45,45,47,33,33,7,61,52,52,44,44,45,45,45,45,45,45,69,66,66,66,66,71,83,84,74,75,67,67,67,72,104,104,29,29,61,57,15,49,0],"gold":96,"neow_bonus":"THREE_CARDS","is_prod":false,"is_daily":false,"chose_seed":false,"campfire_upgraded":9,"win_rate":0,"timestamp":1557174607,"path_taken":["M","?","M","M","?","R","E","R","T","?","?","R","?","E","R","BOSS","M","?","M","?","M","R","$","R","T","?","R","M","R","E","R","BOSS","M","?","M","M","$","R","M","R","T","E","?","R","M","E","R","BOSS"],"build_version":"2019-01-23","purchased_purges":1,"victory":false,"max_hp_per_floor":[75,75,75,75,75,75,75,75,75,75,75,75,79,79,79,79,79,83,83,83,83,83,83,83,83,83,83,83,83,83,83,83,87,87,91,91,95,99,99,99,107,107,107,107,107,107,107,114,114,114],"card_choices":[{"not_picked":["Wild Strike","Corruption"],"picked":"Spot Weakness","floor":0.0},{"not_picked":["Havoc","Clash"],"picked":"Sword Boomerang","floor":1.0},{"not_picked":["Corruption","Bloodletting","Entrench"],"picked":"SKIP","floor":3.0},{"not_picked":["Warcry","Flex"],"picked":"Fiend Fire","floor":4.0},{"not_picked":["Cleave","Sentinel"],"picked":"Limit Break","floor":7.0},{"not_picked":["Thunderclap","Clash","Intimidate"],"picked":"SKIP","floor":13.0},{"not_picked":["Pommel Strike","Perfected Strike","Wild Strike"],"picked":"SKIP","floor":14.0},{"not_picked":["Double Tap","Dark Embrace"],"picked":"Limit Break","floor":16.0},{"not_picked":["Carnage","Thunderclap"],"picked":"Cleave","floor":18.0},{"not_picked":["Dropkick","Pummel"],"picked":"Armaments+1","floor":20.0},{"not_picked":["Armaments","Wild Strike"],"picked":"Uppercut","floor":22.0},{"not_picked":["Headbutt","Twin Strike"],"picked":"Seeing Red","floor":29.0},{"not_picked":["Seeing Red","Warcry"],"picked":"Iron Wave","floor":31.0},{"not_picked":["Pummel","Clothesline","Havoc"],"picked":"SKIP","floor":35.0},{"not_picked":["Good Instincts","Panache"],"picked":"Finesse","floor":36.0},{"not_picked":["Body Slam","Searing Blow+1","Hemokinesis"],"picked":"SKIP","floor":37.0},{"not_picked":["Blood for Blood","Sword Boomerang"],"picked":"True Grit","floor":38.0},{"not_picked":["Battle Trance","Flex"],"picked":"Sentinel","floor":41.0},{"not_picked":["Rampage+1","Pommel Strike"],"picked":"Sword Boomerang+1","floor":44},{"not_picked":["Flex","Thunderclap"],"picked":"Shockwave","floor":46},{"not_picked":["Cleave","Rupture"],"picked":"Metallicize+1","floor":47},{"not_picked":["Clash+1","Anger"],"picked":"Armaments+1","floor":48},{"not_picked":["Armaments","True Grit"],"picked":"Limit Break","floor":49}],"player_experience":610495,"relics_obtained":[{"floor":7.0,"key":"Anchor"},{"floor":9.0,"key":"Ornamental Fan"},{"floor":14.0,"key":"Bag of Preparation"},{"floor":26.0,"key":"Dream Catcher"},{"floor":31.0,"key":"Ancient Tea Set"},{"floor":44,"key":"Centennial Puzzle"},{"floor":48,"key":"Strawberry"}],"event_choices":[{"cards_removed":["Strike_R"],"damage_healed":0.0,"max_hp_gain":0.0,"max_hp_loss":0.0,"gold_gain":0.0,"event_name":"Golden Wing","player_choice":"Card Removal","floor":2.0,"gold_loss":0.0,"damage_taken":7.0},{"damage_healed":0.0,"max_hp_gain":0.0,"max_hp_loss":0.0,"gold_gain":0.0,"event_name":"Shining Light","player_choice":"Ignored","floor":5.0,"gold_loss":0.0,"damage_taken":0.0},{"damage_healed":0.0,"max_hp_gain":0.0,"max_hp_loss":0.0,"gold_gain":0.0,"event_name":"The Cleric","player_choice":"Leave","floor":11.0,"gold_loss":0.0,"damage_taken":0.0},{"cards_removed":["Strike_R"],"damage_healed":0.0,"max_hp_gain":0.0,"max_hp_loss":0.0,"gold_gain":0.0,"event_name":"Beggar","player_choice":"Gave Gold","floor":19.0,"gold_loss":75.0,"damage_taken":0.0},{"damage_healed":0.0,"max_hp_gain":0.0,"max_hp_loss":0.0,"gold_gain":0.0,"event_name":"SensoryStone","player_choice":"Memory 3","floor":36.0,"gold_loss":0.0,"damage_taken":10.0}],"is_beta":false,"boss_relics":[{"not_picked":["Velvet Choker","Runic Cube"],"picked":"Runic Pyramid"},{"not_picked":["Astrolabe","Tiny House"],"picked":"Philosopher\u0027s Stone"}],"items_purged_floors":[10],"is_endless":false,"potions_floor_spawned":[13,14,16,18,22,38,41,47,48],"killed_by":"Donu and Deca","ascension_level":20}