{"gold_per_floor":[109,30,30,41,41,68,68,84,84,84,84,98,118,148,160,172],"floor_reached":16,"playtime":451,"items_purged":[],"score":270,"play_id":"e8103c15-eb97-47f8-a84b-6f169496172b","local_time":"20190405191255","is_ascension_mode":true,"campfire_choices":[{"data":"Inflame","floor":7,"key":"SMITH"},{"data":"Uppercut","floor":10,"key":"SMITH"},{"data":"Heavy Blade","floor":15,"key":"SMITH"}],"neow_cost":"NONE","seed_source_timestamp":2223351580144,"circlet_count":0,"master_deck":["AscendersBane","Strike_R","Strike_R","Strike_R","Strike_R","Strike_R","Defend_R","Defend_R","Defend_R","Defend_R","Bash","Heavy Blade+1","Corruption","Headbutt","Inflame+1","Uppercut+1","Ghostly Armor","Rampage"],"relics":["Burning Blood","NeowsBlessing","Ornamental Fan","Gremlin Horn","Letter Opener","MawBank"],"potions_floor_usage":[14,16,16],"damage_taken":[{"damage":0,"enemies":"Cultist","floor":1,"turns":1},{"damage":0,"enemies":"Small Slimes","floor":4,"turns":1},{"damage":0,"enemies":"Gremlin Nob","floor":6,"turns":1},{"damage":7,"enemies":"Jaw Worm","floor":8,"turns":2},{"damage":23,"enemies":"Red Slaver","floor":12,"turns":4},{"damage":19,"enemies":"Exordium Wildlife","floor":13,"turns":5},{"damage":20,"enemies":"Lagavulin","floor":14,"turns":6},{"damage":45,"enemies":"Hexaghost","floor":16,"turns":9}],"seed_played":"-7364229758273391744","potions_obtained":[{"floor":8,"key":"Swift Potion"},{"floor":13,"key":"Regen Potion"},{"floor":14,"key":"EntropicBrew"}],"is_trial":false,"path_per_floor":["M","$","$","M","?","E","R","M","T","R","?","M","M","E","R","B"],"character_chosen":"IRONCLAD","items_purchased":["Corruption"],"campfire_rested":0,"item_purchase_floors":[2],"current_hp_per_floor":[74,74,74,75,75,75,75,74,74,74,74,57,44,45,45,0],"gold":172,"neow_bonus":"THREE_ENEMY_KILL","is_prod":false,"is_daily":false,"chose_seed":false,"campfire_upgraded":3,"win_rate":0,"timestamp":1554505975,"path_taken":["M","?","$","M","?","E","R","M","T","R","?","?","M","E","R","BOSS"],"build_version":"2019-01-23","purchased_purges":0,"victory":false,"max_hp_per_floor":[75,75,75,75,75,75,75,75,75,75,75,75,75,75,75,75],"card_choices":[{"not_picked":["Rupture","Perfected Strike"],"picked":"Heavy Blade","floor":1},{"not_picked":["Heavy Blade","Perfected Strike"],"picked":"Headbutt","floor":4},{"not_picked":["Armaments","Demon Form"],"picked":"Inflame","floor":6},{"not_picked":["Wild Strike","Iron Wave"],"picked":"Uppercut","floor":8},{"not_picked":["Perfected Strike","Pommel Strike"],"picked":"Ghostly Armor","floor":12},{"not_picked":["Dual Wield","Fire Breathing"],"picked":"Rampage","floor":13},{"not_picked":["Corruption","Heavy Blade","Berserk"],"picked":"SKIP","floor":14}],"player_experience":536250,"relics_obtained":[{"floor":6,"key":"Ornamental Fan"},{"floor":9,"key":"Gremlin Horn"},{"floor":14,"key":"MawBank"}],"event_choices":[{"damage_healed":0,"gold_gain":0,"player_choice":"Leave","damage_taken":0,"max_hp_gain":0,"max_hp_loss":0,"event_name":"The Cleric","floor":5,"gold_loss":0},{"damage_healed":0,"gold_gain":0,"player_choice":"Gave Potion","damage_taken":0,"relics_obtained":["Letter Opener"],"max_hp_gain":0,"max_hp_loss":0,"event_name":"WeMeetAgain","floor":11,"gold_loss":0}],"is_beta":false,"boss_relics":[],"items_purged_floors":[],"is_endless":false,"potions_floor_spawned":[8,13,14],"killed_by":"Hexaghost","ascension_level":20}