{"gold_per_floor":[110,128,128,128,128,128,163,177,247,247,149,149,168,168,168,168],"floor_reached":16,"playtime":276,"items_purged":["Defend_R"],"score":123,"play_id":"3a718890-4040-40d0-9097-5c905e065b6c","local_time":"20190518172533","is_ascension_mode":false,"campfire_choices":[{"data":"Bash","floor":6,"key":"SMITH"},{"data":"Rampage","floor":10,"key":"SMITH"},{"data":"Thunderclap","floor":12,"key":"SMITH"},{"data":"Iron Wave","floor":15,"key":"SMITH"}],"neow_cost":"NONE","seed_source_timestamp":233481744160897,"circlet_count":0,"master_deck":["Strike_R","Strike_R","Strike_R","Strike_R","Strike_R","Defend_R","Defend_R","Defend_R","Bash+1","Iron Wave","Thunderclap+1","Rampage+1","Iron Wave+1","Shrug It Off"],"relics":["Burning Blood","NeowsBlessing","The Courier","Darkstone Periapt","Matryoshka","Golden Idol"],"potions_floor_usage":[16],"damage_taken":[{"damage":0,"enemies":"Jaw Worm","floor":1,"turns":1},{"damage":0,"enemies":"Cultist","floor":2,"turns":1},{"damage":0,"enemies":"Lagavulin","floor":7,"turns":1},{"damage":0,"enemies":"2 Louse","floor":8,"turns":3},{"damage":0,"enemies":"2 Fungi Beasts","floor":13,"turns":2},{"damage":49,"enemies":"The Guardian","floor":16,"turns":7}],"seed_played":"-3941878212686404822","potions_obtained":[{"floor":13,"key":"FearPotion"}],"is_trial":false,"path_per_floor":["M","M","$","?","T","R","E","M","T","R","$","R","M","?","R","B"],"character_chosen":"IRONCLAD","items_purchased":["Shrug It Off"],"campfire_rested":0,"item_purchase_floors":[11],"current_hp_per_floor":[80,80,80,80,80,80,80,80,80,80,80,80,80,60,60,11],"gold":168,"neow_bonus":"THREE_ENEMY_KILL","is_prod":false,"is_daily":false,"chose_seed":false,"campfire_upgraded":4,"win_rate":0,"timestamp":1558167933,"path_taken":["M","M","$","?","?","R","E","?","T","R","$","R","M","?","R","BOSS"],"build_version":"2019-01-23","purchased_purges":1,"victory":false,"max_hp_per_floor":[80,80,80,80,80,80,80,80,80,80,80,80,80,80,80,80],"card_choices":[{"not_picked":["Havoc","Clothesline"],"picked":"Iron Wave","floor":1},{"not_picked":["Searing Blow","Power Through"],"picked":"Thunderclap","floor":2},{"not_picked":["Blood for Blood","Anger"],"picked":"Rampage","floor":7},{"not_picked":["Warcry","Perfected Strike"],"picked":"Iron Wave","floor":8},{"not_picked":["Armaments","Carnage","Fiend Fire"],"picked":"SKIP","floor":13}],"player_experience":379298,"relics_obtained":[{"floor":5,"key":"The Courier"},{"floor":7,"key":"Darkstone Periapt"},{"floor":9,"key":"Matryoshka"}],"event_choices":[{"damage_healed":0,"gold_gain":0,"player_choice":"Leave","damage_taken":0,"max_hp_gain":0,"max_hp_loss":0,"event_name":"The Cleric","floor":4,"gold_loss":0},{"damage_healed":0,"gold_gain":0,"player_choice":"Take Damage","damage_taken":20,"relics_obtained":["Golden Idol"],"max_hp_gain":0,"max_hp_loss":0,"event_name":"Golden Idol","floor":14,"gold_loss":0}],"is_beta":false,"boss_relics":[],"items_purged_floors":[11],"is_endless":false,"potions_floor_spawned":[13],"killed_by":"The Guardian","ascension_level":0}