{"gold_per_floor":[111,111,9,22,39,64,64,18,18,36,36,52,64,74,74,169,169,179,179],"floor_reached":19,"playtime":1539,"items_purged":["Strike_R"],"score":265,"play_id":"edff8e27-1d47-47a3-8be0-01572f0cce0d","local_time":"20190123213159","is_ascension_mode":true,"campfire_choices":[{"floor":7,"key":"REST"},{"floor":15,"key":"REST"}],"neow_cost":"NONE","seed_source_timestamp":1048292723522353,"circlet_count":0,"master_deck":["AscendersBane","Strike_R","Strike_R","Strike_R","Strike_R","Defend_R","Defend_R","Defend_R","Defend_R","Bash","Offering","Flex","Armaments","Flex","Rupture","Combust","Seeing Red","Power Through","Feed","Power Through"],"special_seed":0,"relics":["Burning Blood","Pantograph","Ornamental Fan","Smiling Mask","Busted Crown"],"potions_floor_usage":[12,14,19],"damage_taken":[{"damage":9.0,"enemies":"Jaw Worm","floor":1.0,"turns":4.0},{"damage":1,"enemies":"Cultist","floor":4,"turns":3},{"damage":1,"enemies":"2 Louse","floor":5,"turns":4},{"damage":47,"enemies":"3 Sentries","floor":6,"turns":15},{"damage":10,"enemies":"2 Fungi Beasts","floor":10,"turns":3},{"damage":15,"enemies":"Red Slaver","floor":12,"turns":5},{"damage":27,"enemies":"Lots of Slimes","floor":13,"turns":4},{"damage":22,"enemies":"Exordium Thugs","floor":14,"turns":5},{"damage":47,"enemies":"Slime Boss","floor":16,"turns":11},{"damage":27,"enemies":"2 Thieves","floor":18,"turns":4},{"damage":48,"enemies":"3 Byrds","floor":19,"turns":4}],"seed_played":"-6172866968223415577","potions_obtained":[{"floor":1.0,"key":"Strength Potion"},{"floor":10,"key":"GamblersBrew"},{"floor":12,"key":"Dexterity Potion"},{"floor":14,"key":"SpeedPotion"}],"is_trial":false,"path_per_floor":["?","M","?"],"character_chosen":"IRONCLAD","items_purchased":["Armaments"],"campfire_rested":2,"item_purchase_floors":[3],"current_hp_per_floor":[69,69,69,74,79,38,62,62,62,58,58,49,28,12,36,20,65,47,0],"gold":179,"neow_bonus":"ONE_RANDOM_RARE_CARD","is_prod":false,"is_daily":false,"chose_seed":false,"campfire_upgraded":0,"win_rate":0,"timestamp":1548271919,"path_taken":["M","?","$","?","M","E","R","?","T","M","$","M","M","M","R","BOSS","M","M"],"build_version":"2019-01-23","purchased_purges":1,"victory":false,"max_hp_per_floor":[80,80,80,80,80,80,80,80,80,80,80,80,80,80,80,80,80,83,83],"card_choices":[{"not_picked":["Wild Strike","Bloodletting"],"picked":"Flex","floor":1.0},{"not_picked":["Wild Strike","Perfected Strike"],"picked":"Flex","floor":4},{"not_picked":["Flex","Twin Strike"],"picked":"Rupture","floor":5},{"not_picked":["Iron Wave","Headbutt"],"picked":"Combust","floor":6},{"not_picked":["Pommel Strike","Cleave","Anger"],"picked":"SKIP","floor":10},{"not_picked":["Iron Wave","Flex"],"picked":"Seeing Red","floor":12},{"not_picked":["Warcry","Juggernaut","Sever Soul"],"picked":"SKIP","floor":13},{"not_picked":["Shrug It Off","Clash"],"picked":"Power Through","floor":14},{"not_picked":["Exhume","Offering"],"picked":"Feed","floor":16},{"not_picked":[],"picked":"Power Through","floor":18}],"player_experience":370703,"relics_obtained":[{"floor":6,"key":"Ornamental Fan"},{"floor":9,"key":"Smiling Mask"}],"event_choices":[{"damage_healed":0,"gold_gain":0,"player_choice":"Gave Potion","damage_taken":0,"relics_obtained":["Pantograph"],"max_hp_gain":0,"max_hp_loss":0,"event_name":"WeMeetAgain","floor":2,"gold_loss":0},{"damage_healed":0,"gold_gain":0,"player_choice":"Left Gold","damage_taken":0,"max_hp_gain":0,"max_hp_loss":0,"event_name":"World of Goop","floor":8,"gold_loss":46}],"is_beta":false,"boss_relics":[{"not_picked":["Runic Dome","Velvet Choker"],"picked":"Busted Crown"}],"items_purged_floors":[3],"is_endless":false,"potions_floor_spawned":[1,10,12,14],"killed_by":"3 Byrds","ascension_level":11}