{"gold_per_floor":[117,128,128,146,16,47,47,47,70,100,110,90],"floor_reached":12,"playtime":435,"items_purged":["Strike_R"],"score":176,"play_id":"aedc207d-16d2-456e-9c0e-e8fa1383ab1c","local_time":"20190504141433","is_ascension_mode":true,"campfire_choices":[{"floor":7,"key":"REST"}],"neow_cost":"NONE","seed_source_timestamp":662555173674344,"circlet_count":0,"master_deck":["AscendersBane","Strike_R","Strike_R","Strike_R","Strike_R+1","Defend_R+1","Defend_R","Defend_R","Defend_R","Bash+1","Battle Trance","Spot Weakness","Pommel Strike","Sword Boomerang","Shrug It Off","Metallicize"],"relics":["Burning Blood","Boot","Happy Flower","Bottled Lightning"],"potions_floor_usage":[11],"damage_taken":[{"damage":16,"enemies":"Jaw Worm","floor":1,"turns":6},{"damage":3,"enemies":"2 Louse","floor":2,"turns":4},{"damage":0,"enemies":"Cultist","floor":4,"turns":3},{"damage":37,"enemies":"3 Sentries","floor":6,"turns":7},{"damage":27,"enemies":"Lagavulin","floor":10,"turns":5},{"damage":19,"enemies":"Exordium Thugs","floor":11,"turns":6},{"damage":8,"enemies":"Looter","floor":12,"turns":1}],"seed_played":"-4528634225894423866","potions_obtained":[{"floor":1,"key":"Weak Potion"},{"floor":6,"key":"LiquidBronze"}],"is_trial":false,"path_per_floor":["M","M","?","M","$","E","R","?","T","E","M","M"],"character_chosen":"IRONCLAD","items_purchased":["Pommel Strike"],"campfire_rested":1,"item_purchase_floors":[5],"current_hp_per_floor":[65,68,43,49,49,18,42,42,42,21,8,0],"gold":90,"neow_bonus":"TEN_PERCENT_HP_BONUS","is_prod":false,"is_daily":false,"chose_seed":false,"campfire_upgraded":0,"win_rate":0,"timestamp":1556993673,"path_taken":["M","M","?","M","$","E","R","?","T","E","M","M"],"build_version":"2019-01-23","purchased_purges":1,"victory":false,"max_hp_per_floor":[82,82,82,82,82,82,82,82,82,82,82,82],"card_choices":[{"not_picked":["Seeing Red","Thunderclap"],"picked":"Battle Trance","floor":1},{"not_picked":["Iron Wave","Body Slam","Clash"],"picked":"SKIP","floor":2},{"not_picked":["Thunderclap","Searing Blow"],"picked":"Spot Weakness","floor":4},{"not_picked":["Warcry","Pommel Strike"],"picked":"Sword Boomerang","floor":6},{"not_picked":["Searing Blow","Flex"],"picked":"Shrug It Off","floor":10},{"not_picked":["Combust","Flex"],"picked":"Metallicize","floor":11}],"player_experience":603723,"relics_obtained":[{"floor":6,"key":"Boot"},{"floor":9,"key":"Happy Flower"},{"floor":10,"key":"Bottled Lightning"}],"event_choices":[{"damage_healed":0,"gold_gain":0,"player_choice":"Entered Light","damage_taken":25,"max_hp_gain":0,"max_hp_loss":0,"event_name":"Shining Light","floor":3,"gold_loss":0,"cards_upgraded":["Strike_R","Defend_R"]},{"damage_healed":0,"gold_gain":0,"player_choice":"Forge","damage_taken":0,"max_hp_gain":0,"max_hp_loss":0,"event_name":"Accursed Blacksmith","floor":8,"gold_loss":0,"cards_upgraded":["Bash"]}],"is_beta":false,"boss_relics":[],"items_purged_floors":[5],"is_endless":false,"potions_floor_spawned":[1,6,10],"killed_by":"Looter","ascension_level":20}