{"gold_per_floor":[113,126,143,160,172,172,172,18,41,53,63,97,117,128,128,232,232,245,245,258,258,268,268,293,293,318,328,37,37,37,57,57,162,162,178,190,16,16,27,27,27,38,38,38,57,73,73,73,73,73,73,73,73,102,102],"floor_reached":55,"playtime":18517,"items_purged":["Strike_G","Decay","Endless Agony"],"score":1023,"play_id":"5fbc09ce-4df4-4005-a7db-99754aae1fcb","local_time":"20190508142143","is_ascension_mode":true,"campfire_choices":[{"data":"Noxious Fumes","floor":6.0,"key":"SMITH"},{"floor":15.0,"key":"REST"},{"data":"Leg Sweep","floor":23.0,"key":"SMITH"},{"floor":25.0,"key":"REST"},{"floor":32.0,"key":"REST"},{"data":"Leg Sweep","floor":40.0,"key":"SMITH"},{"data":"Caltrops","floor":44.0,"key":"SMITH"},{"floor":47.0,"key":"REST"},{"floor":49.0,"key":"RECALL"},{"floor":52.0,"key":"REST"}],"neow_cost":"NONE","seed_source_timestamp":2376157582001779,"circlet_count":0,"master_deck":["Defend_G","Defend_G","Defend_G","Defend_G","Defend_G","Survivor","Blur","Leg Sweep+1","Calculated Gamble","Noxious Fumes+1","Caltrops","All Out Attack","Finisher","After Image","Corpse Explosion","Leg Sweep+1","Heel Hook","Bite","Bite","Bite","Bite","Bite","Caltrops+1","Skewer+1","Deadly Poison+1","Noxious Fumes+1","Crippling Poison+1","Adrenaline","Predator+1","Backflip","Deadly Poison+1","PiercingWail+1","After Image","Dark Shackles","Footwork"],"special_seed":0,"relics":["Lizard Tail","Bag of Preparation","Strawberry","Sozu","Blood Vial","Vajra","Oddly Smooth Stone","Cursed Key","Pear"],"potions_floor_usage":[],"damage_taken":[{"damage":7.0,"enemies":"Cultist","floor":1.0,"turns":5.0},{"damage":1.0,"enemies":"Jaw Worm","floor":2.0,"turns":6.0},{"damage":1.0,"enemies":"Small Slimes","floor":3.0,"turns":6.0},{"damage":1.0,"enemies":"Exordium Wildlife","floor":4.0,"turns":6.0},{"damage":8.0,"enemies":"3 Louse","floor":5.0,"turns":6.0},{"damage":12.0,"enemies":"Lots of Slimes","floor":10.0,"turns":3.0},{"damage":6.0,"enemies":"Large Slime","floor":11.0,"turns":8.0},{"damage":13.0,"enemies":"3 Sentries","floor":12.0,"turns":7.0},{"damage":0.0,"enemies":"Looter","floor":13.0,"turns":4.0},{"damage":1.0,"enemies":"Red Slaver","floor":14.0,"turns":4.0},{"damage":0.0,"enemies":"The Guardian","floor":16.0,"turns":12.0},{"damage":14.0,"enemies":"Shell Parasite","floor":18.0,"turns":7.0},{"damage":11.0,"enemies":"Spheric Guardian","floor":20.0,"turns":5.0},{"damage":22.0,"enemies":"Centurion and Healer","floor":22.0,"turns":7.0},{"damage":20.0,"enemies":"Book of Stabbing","floor":24.0,"turns":7.0},{"damage":17.0,"enemies":"3 Cultists","floor":27.0,"turns":3.0},{"damage":15.0,"enemies":"Sentry and Sphere","floor":31.0,"turns":4.0},{"damage":22.0,"enemies":"Collector","floor":33.0,"turns":9.0},{"damage":6.0,"enemies":"Orb Walker","floor":35.0,"turns":4.0},{"damage":0.0,"enemies":"3 Shapes","floor":36.0,"turns":5.0},{"damage":20.0,"enemies":"Transient","floor":39.0,"turns":5.0},{"damage":0.0,"enemies":"4 Shapes","floor":42.0,"turns":5.0},{"damage":22.0,"enemies":"3 Darklings","floor":45.0,"turns":3.0},{"damage":0.0,"enemies":"Jaw Worm Horde","floor":46.0,"turns":3.0},{"damage":66.0,"enemies":"Time Eater","floor":50.0,"turns":12.0},{"damage":47,"enemies":"Shield and Spear","floor":54,"turns":8},{"damage":78,"enemies":"The Heart","floor":55,"turns":5}],"seed_played":"3883806497962315056","potions_obtained":[{"floor":3.0,"key":"GamblersBrew"},{"floor":4.0,"key":"LiquidBronze"},{"floor":5.0,"key":"Fruit Juice"},{"floor":10.0,"key":"Poison Potion"},{"floor":14.0,"key":"Energy Potion"}],"is_trial":false,"path_per_floor":["M","M","M","M","M","R","?","$","T","M","M","E","M","M","R","B",null,"M","?","M","?","M","R","E","R","T","M","$","T","?","M","R","B",null,"M","M","$","?","M","R","$","M","T","R","M","M","R","?","R","B",null,"R","$","E","B"],"character_chosen":"THE_SILENT","items_purchased":["Caltrops","Noxious Fumes","Oddly Smooth Stone","Backflip"],"campfire_rested":5,"item_purchase_floors":[8,28,28,37],"current_hp_per_floor":[56,55,54,53,50,50,55,55,55,43,37,31,31,30,54,54,75,61,61,50,50,46,46,38,55,55,42,42,42,42,33,50,40,53,51,55,55,55,41,41,41,51,51,51,33,39,56,56,56,3,44,57,57,26,0],"gold":102,"neow_bonus":"BOSS_RELIC","is_prod":false,"is_daily":false,"chose_seed":false,"campfire_upgraded":4,"win_rate":0,"timestamp":1557314503,"path_taken":["M","M","?","M","M","R","?","$","T","M","M","E","?","M","R","BOSS","M","?","M","?","M","R","E","R","T","M","$","?","?","M","R","BOSS","M","?","?","?","M","R","$","M","T","R","M","M","R","?","R","BOSS","R","$","E","BOSS"],"build_version":"2019-01-23","purchased_purges":3,"victory":false,"max_hp_per_floor":[70,70,70,70,75,75,75,75,75,75,75,82,82,82,82,82,82,82,82,82,57,57,57,57,57,57,57,57,57,57,57,57,57,57,57,57,57,57,57,57,57,57,57,57,57,57,57,57,57,57,57,57,57,67,67],"card_choices":[{"not_picked":["Outmaneuver","Dodge and Roll"],"picked":"Blur","floor":1.0},{"not_picked":["Endless Agony","Blade Dance"],"picked":"Leg Sweep","floor":2.0},{"not_picked":["Tactician","Sucker Punch"],"picked":"Calculated Gamble","floor":3.0},{"not_picked":["Choke","Expertise"],"picked":"Prepared","floor":4.0},{"not_picked":["Poisoned Stab","Terror"],"picked":"Noxious Fumes","floor":5.0},{"not_picked":["Concentrate","Cloak And Dagger"],"picked":"Endless Agony","floor":10.0},{"not_picked":["Reflex","Poisoned Stab"],"picked":"All Out Attack","floor":11.0},{"not_picked":["Blade Dance","Concentrate"],"picked":"Finisher","floor":12.0},{"not_picked":["Caltrops","Deadly Poison"],"picked":"After Image","floor":13.0},{"not_picked":["Bane","Quick Slash","Choke"],"picked":"SKIP","floor":14.0},{"not_picked":["Night Terror","Venomology"],"picked":"Corpse Explosion","floor":16.0},{"not_picked":["Well Laid Plans","Bane"],"picked":"Leg Sweep","floor":18.0},{"not_picked":["Sucker Punch+1","Accuracy+1"],"picked":"Heel Hook","floor":20.0},{"not_picked":["Dodge and Roll","Flying Knee"],"picked":"Caltrops","floor":22.0},{"not_picked":["Distraction","Well Laid Plans"],"picked":"Skewer+1","floor":24.0},{"not_picked":["Finisher","Bane"],"picked":"Deadly Poison+1","floor":27.0},{"not_picked":["Backstab","Backflip+1"],"picked":"Crippling Poison+1","floor":31.0},{"not_picked":["Grand Finale","Glass Knife"],"picked":"Adrenaline","floor":33.0},{"not_picked":["Blade Dance+1","Bane","Accuracy"],"picked":"SKIP","floor":35.0},{"not_picked":["Dagger Spray+1","Outmaneuver+1"],"picked":"Predator+1","floor":36.0},{"not_picked":["Slice","Blade Dance"],"picked":"Deadly Poison+1","floor":39.0},{"not_picked":["Deadly Poison+1","Concentrate","Tactician"],"picked":"SKIP","floor":42.0},{"not_picked":["Heel Hook+1","Blade Dance"],"picked":"PiercingWail+1","floor":45.0},{"not_picked":["Deflect","Poisoned Stab+1"],"picked":"After Image","floor":46.0},{"not_picked":["Mind Blast","Discovery"],"picked":"Dark Shackles","floor":48.0},{"not_picked":["Backstab","Dash+1"],"picked":"Footwork","floor":54}],"player_experience":891177,"relics_obtained":[{"floor":9.0,"key":"Bag of Preparation"},{"floor":12.0,"key":"Strawberry"},{"floor":24.0,"key":"Blood Vial"},{"floor":26.0,"key":"Vajra"},{"floor":54,"key":"Pear"}],"event_choices":[{"cards_removed":["Prepared"],"damage_healed":5.0,"max_hp_gain":0.0,"max_hp_loss":0.0,"gold_gain":0.0,"event_name":"Bonfire Elementals","player_choice":"Offered Common","floor":7.0,"gold_loss":0.0,"damage_taken":0.0},{"cards_removed":["Prepared"],"damage_healed":5.0,"max_hp_gain":0.0,"max_hp_loss":0.0,"gold_gain":0.0,"event_name":"Bonfire Elementals","player_choice":"Offered Special","floor":7.0,"gold_loss":0.0,"damage_taken":0.0},{"damage_healed":0.0,"max_hp_gain":0.0,"max_hp_loss":0.0,"gold_gain":0.0,"event_name":"Forgotten Altar","player_choice":"Smashed Altar","floor":19.0,"gold_loss":0.0,"damage_taken":0.0,"cards_obtained":["Decay"]},{"damage_healed":0.0,"max_hp_gain":0.0,"max_hp_loss":25.0,"gold_gain":0.0,"event_name":"Vampires","player_choice":"Became a vampire","floor":21.0,"gold_loss":0.0,"damage_taken":0.0,"cards_obtained":["Bite","Bite","Bite","Bite","Bite"]},{"damage_healed":0.0,"max_hp_gain":0.0,"max_hp_loss":0.0,"gold_gain":0.0,"event_name":"Upgrade Shrine","player_choice":"Upgraded","floor":30.0,"gold_loss":0.0,"damage_taken":0.0,"cards_upgraded":["Noxious Fumes"]},{"cards_removed":["Neutralize"],"damage_healed":0.0,"max_hp_gain":0.0,"max_hp_loss":0.0,"gold_gain":0.0,"event_name":"Falling","player_choice":"Removed Attack","floor":38.0,"gold_loss":0.0,"damage_taken":0.0},{"damage_healed":0.0,"max_hp_gain":0.0,"max_hp_loss":0.0,"gold_gain":0.0,"event_name":"SensoryStone","player_choice":"Memory 1","floor":48.0,"gold_loss":0.0,"damage_taken":0.0}],"is_beta":false,"boss_relics":[{"not_picked":["White Beast Statue","HoveringKite"],"picked":"Sozu"},{"not_picked":["Calling Bell","WristBlade"],"picked":"Cursed Key"}],"items_purged_floors":[8,28,37],"is_endless":false,"potions_floor_spawned":[3,4,5,10,14,18,20,24,31,33,35,36,54],"killed_by":"The Heart","ascension_level":8}