{"gold_per_floor":[117,127,127,127,127,127,142,142,142,177,190,218,234,253,253,353,353,363,363,363,363,377,377,394,61,61,87,98,130,130,142,142,243,243,262,46,46,46,101,101,101,120,120,120,120,38,48,66,66,66,66,66,6,37,37],"floor_reached":55,"playtime":2413,"items_purged":["Decay"],"score":740,"play_id":"4d87f173-5ac5-4345-b798-90c2ffce5032","local_time":"20190420154658","is_ascension_mode":false,"campfire_choices":[{"data":"Zap","floor":6.0,"key":"SMITH"},{"data":"Buffer","floor":8.0,"key":"SMITH"},{"data":"White Noise","floor":15.0,"key":"SMITH"},{"data":"Force Field","floor":23.0,"key":"SMITH"},{"floor":32.0,"key":"REST"},{"data":"Seek","floor":40.0,"key":"SMITH"},{"floor":44.0,"key":"RECALL"},{"data":"White Noise","floor":49.0,"key":"SMITH"},{"floor":52,"key":"REST"}],"neow_cost":"NONE","seed_source_timestamp":317263822498058,"circlet_count":0,"master_deck":["Strike_B+1","Defend_B+1","Defend_B+1","Defend_B+1","Zap+1","Dualcast+1","Buffer+1","Leap+1","Hello World+1","Cold Snap+1","Core Surge+1","White Noise+1","Melter+1","Capacitor+1","Compile Driver+1","All For One+1","Streamline+1","Force Field+1","Static Discharge+1","Reinforced Body+1","Mayhem+1","Chill+1","Force Field+1","Turbo+1","Coolheaded+1","Seek+1","Discovery+1","Master of Strategy+1","Turbo+1","White Noise+1","Madness+1"],"special_seed":0,"relics":["Cracked Core","Molten Egg 2","Ginger","The Courier","Nuclear Battery","Membership Card","DataDisk","Ornamental Fan","Bottled Flame","Shuriken","Philosopher\u0027s Stone","Juzu Bracelet","Pantograph","Omamori","Nunchaku","Mark of the Bloom","Medical Kit","War Paint"],"potions_floor_usage":[54],"damage_taken":[{"damage":3.0,"enemies":"Jaw Worm","floor":1.0,"turns":3.0},{"damage":0.0,"enemies":"2 Louse","floor":2.0,"turns":1.0},{"damage":1.0,"enemies":"Small Slimes","floor":7.0,"turns":3.0},{"damage":9.0,"enemies":"Gremlin Nob","floor":10.0,"turns":5.0},{"damage":5.0,"enemies":"Gremlin Gang","floor":11.0,"turns":4.0},{"damage":13.0,"enemies":"3 Sentries","floor":12.0,"turns":6.0},{"damage":8.0,"enemies":"Lots of Slimes","floor":13.0,"turns":3.0},{"damage":8.0,"enemies":"3 Louse","floor":14.0,"turns":2.0},{"damage":14.0,"enemies":"Slime Boss","floor":16.0,"turns":7.0},{"damage":0.0,"enemies":"Chosen","floor":18.0,"turns":4.0},{"damage":10.0,"enemies":"2 Thieves","floor":22.0,"turns":4.0},{"damage":7.0,"enemies":"Shelled Parasite and Fungi","floor":24.0,"turns":4.0},{"damage":20.0,"enemies":"Book of Stabbing","floor":27.0,"turns":5.0},{"damage":2.0,"enemies":"Centurion and Healer","floor":28.0,"turns":6.0},{"damage":13.0,"enemies":"Gremlin Leader","floor":29.0,"turns":6.0},{"damage":0.0,"enemies":"Cultist and Chosen","floor":31.0,"turns":5.0},{"damage":0.0,"enemies":"Champ","floor":33.0,"turns":10.0},{"damage":0.0,"enemies":"3 Darklings","floor":35.0,"turns":6.0},{"damage":18.0,"enemies":"2 Orb Walkers","floor":39.0,"turns":5.0},{"damage":0.0,"enemies":"Orb Walker","floor":42.0,"turns":2.0},{"damage":0.0,"enemies":"4 Shapes","floor":47.0,"turns":5.0},{"damage":0.0,"enemies":"3 Darklings","floor":48.0,"turns":3.0},{"damage":7.0,"enemies":"Donu and Deca","floor":50.0,"turns":7.0},{"damage":18,"enemies":"Shield and Spear","floor":54,"turns":6},{"damage":29,"enemies":"The Heart","floor":55,"turns":2}],"seed_played":"3385046047122609737","potions_obtained":[{"floor":1.0,"key":"EntropicBrew"},{"floor":11.0,"key":"LiquidBronze"},{"floor":13.0,"key":"Regen Potion"},{"floor":14.0,"key":"GamblersBrew"},{"floor":18.0,"key":"LiquidBronze"},{"floor":22.0,"key":"EssenceOfSteel"},{"floor":31.0,"key":"Weak Potion"},{"floor":33.0,"key":"SteroidPotion"},{"floor":39.0,"key":"Explosive Potion"}],"is_trial":false,"path_per_floor":["M","M","?","?","?","R","M","R","T","E","M","E","M","M","R","B",null,"M","?","?","?","M","R","M","$","T","E","M","E","?","M","R","B",null,"M","$","?","?","?","R","?","M","T","R","?","$","M","M","R","B",null,"R","$","E","B"],"character_chosen":"DEFECT","items_purchased":["Membership Card","Mayhem","DataDisk","Juzu Bracelet","Pantograph","Omamori","Medical Kit","Madness","AttackPotion"],"campfire_rested":2,"item_purchase_floors":[25,25,25,36,36,36,46,53,53],"current_hp_per_floor":[72,72,65,65,65,65,64,64,64,55,50,37,29,21,21,22,75,75,75,75,75,65,65,58,58,58,38,36,23,9,9,33,33,80,80,80,70,70,52,52,52,52,52,52,52,52,52,52,52,45,45,45,45,27,0],"gold":37,"neow_bonus":"ONE_RANDOM_RARE_CARD","is_prod":false,"is_daily":false,"chose_seed":false,"campfire_upgraded":6,"win_rate":0,"timestamp":1555742818,"path_taken":["M","M","?","?","?","R","M","R","T","E","M","E","?","?","R","BOSS","M","?","?","?","M","R","M","$","T","E","?","E","?","M","R","BOSS","M","$","?","?","?","R","?","M","T","R","?","$","M","M","R","BOSS","R","$","E","BOSS"],"build_version":"2019-01-23","purchased_purges":1,"victory":false,"max_hp_per_floor":[75,75,75,75,75,75,75,75,75,75,75,75,75,75,75,75,75,75,75,75,75,75,75,75,75,75,75,75,75,80,80,80,80,80,80,80,80,80,80,80,80,80,80,80,80,80,80,80,80,80,80,80,80,80,80],"card_choices":[{"not_picked":["Undo","Barrage"],"picked":"Leap","floor":1.0},{"not_picked":["Redo","Stack"],"picked":"Hello World","floor":2.0},{"not_picked":["Compile Driver","Sweeping Beam"],"picked":"Cold Snap","floor":7.0},{"not_picked":["Beam Cell+1","Ball Lightning+1"],"picked":"Core Surge+1","floor":10.0},{"not_picked":["Auto Shields","Sweeping Beam+1"],"picked":"White Noise","floor":11.0},{"not_picked":["Skim","Echo Form"],"picked":"Melter+1","floor":12.0},{"not_picked":["Streamline+1","Hologram"],"picked":"Capacitor","floor":13.0},{"not_picked":["Auto Shields","Streamline+1"],"picked":"Compile Driver+1","floor":14.0},{"not_picked":["Hyperbeam+1","Meteor Strike+1"],"picked":"All For One+1","floor":16.0},{"not_picked":["Rip and Tear+1","Hologram","Beam Cell+1"],"picked":"SKIP","floor":18.0},{"not_picked":["Conserve Battery","Redo"],"picked":"Static Discharge","floor":22.0},{"not_picked":["Sweeping Beam+1","Cold Snap+1"],"picked":"Reinforced Body+1","floor":24.0},{"not_picked":["Self Repair","Tempest"],"picked":"Chill+1","floor":27.0},{"not_picked":["Heatsinks","Turbo"],"picked":"Force Field","floor":28.0},{"not_picked":["Ball Lightning+1","Stack+1"],"picked":"Turbo","floor":29.0},{"not_picked":["Gash+1","Skim+1"],"picked":"Coolheaded+1","floor":31.0},{"not_picked":["Meteor Strike+1","Hyperbeam+1"],"picked":"Seek","floor":33.0},{"not_picked":["Static Discharge+1","Hologram","Auto Shields"],"picked":"SKIP","floor":35.0},{"not_picked":["Enlightenment","Dramatic Entrance+1"],"picked":"Discovery","floor":37.0},{"not_picked":["The Bomb","PanicButton"],"picked":"Master of Strategy","floor":37.0},{"not_picked":["Redo","Storm"],"picked":"Turbo+1","floor":42.0},{"not_picked":["Recycle+1","Blizzard+1"],"picked":"White Noise","floor":47.0},{"not_picked":["Leap","Sweeping Beam+1","Doom and Gloom+1"],"picked":"SKIP","floor":48.0},{"not_picked":["Leap","Static Discharge","Stack+1"],"picked":"SKIP","floor":54}],"player_experience":315460,"relics_obtained":[{"floor":9.0,"key":"Molten Egg 2"},{"floor":10.0,"key":"Ginger"},{"floor":12.0,"key":"The Courier"},{"floor":26.0,"key":"Ornamental Fan"},{"floor":27.0,"key":"Bottled Flame"},{"floor":29.0,"key":"Shuriken"},{"floor":39.0,"key":"Nunchaku"},{"floor":54,"key":"War Paint"}],"event_choices":[{"cards_removed":["Defend_B"],"damage_healed":0.0,"max_hp_gain":0.0,"max_hp_loss":0.0,"gold_gain":0.0,"event_name":"Golden Wing","player_choice":"Card Removal","floor":3.0,"gold_loss":0.0,"damage_taken":7.0},{"damage_healed":0.0,"max_hp_gain":0.0,"max_hp_loss":0.0,"gold_gain":0.0,"event_name":"Living Wall","player_choice":"Grow","floor":4.0,"gold_loss":0.0,"damage_taken":0.0,"cards_upgraded":["Dualcast"]},{"cards_removed":["Strike_B"],"damage_healed":0.0,"max_hp_gain":0.0,"max_hp_loss":0.0,"gold_gain":0.0,"event_name":"Purifier","player_choice":"Purged","floor":5.0,"gold_loss":0.0,"damage_taken":0.0},{"damage_healed":0.0,"max_hp_gain":0.0,"max_hp_loss":0.0,"gold_gain":0.0,"cards_transformed":["Strike_B","Strike_B"],"event_name":"Drug Dealer","player_choice":"Became Test Subject","floor":19.0,"gold_loss":0.0,"damage_taken":0.0,"cards_obtained":["Streamline","Force Field"]},{"damage_healed":0.0,"max_hp_gain":0.0,"max_hp_loss":0.0,"gold_gain":0.0,"event_name":"Beggar","player_choice":"Ignored","floor":20.0,"gold_loss":0.0,"damage_taken":0.0},{"damage_healed":0.0,"max_hp_gain":0.0,"max_hp_loss":0.0,"gold_gain":0.0,"event_name":"Wheel of Change","player_choice":"Cursed","floor":21.0,"gold_loss":0.0,"damage_taken":0.0,"cards_obtained":["Decay"]},{"damage_healed":0.0,"max_hp_gain":5.0,"max_hp_loss":0.0,"gold_gain":0.0,"event_name":"Forgotten Altar","player_choice":"Shed Blood","floor":30.0,"gold_loss":0.0,"damage_taken":19.0},{"damage_healed":0.0,"max_hp_gain":0.0,"max_hp_loss":0.0,"gold_gain":0.0,"event_name":"SensoryStone","player_choice":"Memory 3","floor":37.0,"gold_loss":0.0,"damage_taken":10.0},{"damage_healed":0.0,"max_hp_gain":0.0,"max_hp_loss":0.0,"gold_gain":0.0,"event_name":"Upgrade Shrine","player_choice":"Upgraded","floor":38.0,"gold_loss":0.0,"damage_taken":0.0,"cards_upgraded":["Discovery"]},{"damage_healed":0.0,"max_hp_gain":0.0,"max_hp_loss":0.0,"gold_gain":0.0,"event_name":"Mysterious Sphere","player_choice":"Fight","floor":39.0,"gold_loss":0.0,"damage_taken":0.0},{"damage_healed":0.0,"max_hp_gain":0.0,"max_hp_loss":0.0,"gold_gain":0.0,"event_name":"MindBloom","player_choice":"Upgrade","floor":41.0,"gold_loss":0.0,"damage_taken":0.0,"cards_upgraded":["Strike_B","Defend_B","Defend_B","Defend_B","Leap","Hello World","Cold Snap","Capacitor","Static Discharge","Mayhem","Force Field","Turbo","Master of Strategy"],"relics_obtained":["Mark of the Bloom"]},{"damage_healed":0.0,"max_hp_gain":0.0,"max_hp_loss":0.0,"gold_gain":0.0,"event_name":"Match and Keep!","player_choice":"0 cards matched","floor":45.0,"gold_loss":0.0,"damage_taken":0.0,"cards_obtained":[]}],"is_beta":false,"boss_relics":[{"not_picked":["Astrolabe","Snecko Eye"],"picked":"Nuclear Battery"},{"not_picked":["White Beast Statue","FrozenCore"],"picked":"Philosopher\u0027s Stone"}],"items_purged_floors":[25],"is_endless":false,"potions_floor_spawned":[1,11,13,14,18,22,31,33,39],"killed_by":"The Heart","ascension_level":0}