{"gold_per_floor":[19,19,19,19,33,33,67,81,81,46,46,0,0,0,0,73,73,83,83,8,8,8,8,8,8,8,27,27,27],"floor_reached":29,"playtime":1504,"items_purged":["Hello World"],"score":383,"play_id":"a9748ca4-c6bc-4498-9174-4f9d66e99d8c","local_time":"20190227235218","is_ascension_mode":true,"campfire_choices":[{"floor":6.0,"key":"DIG"},{"floor":11.0,"key":"REST"},{"floor":15.0,"key":"DIG"},{"floor":23.0,"key":"DIG"},{"floor":28,"key":"DIG"}],"neow_cost":"NO_GOLD","seed_source_timestamp":204876569897361,"circlet_count":0,"master_deck":["AscendersBane","Defend_B","Defend_B","Leap","Reinforced Body","White Noise","Core Surge+1","Sunder+1","Chill+1","Capacitor+1","Defragment","Bite","Bite","Bite+1","Bite","Bite","Amplify","Fusion","Streamline","Conserve Battery"],"special_seed":0,"relics":["Cracked Core","Shovel","Ornamental Fan","Sundial","Anchor","Blue Candle","Astrolabe","Whetstone","Kunai","Turnip"],"potions_floor_usage":[25],"damage_taken":[{"damage":9.0,"enemies":"Jaw Worm","floor":1.0,"turns":4.0},{"damage":8.0,"enemies":"2 Louse","floor":5.0,"turns":3.0},{"damage":26.0,"enemies":"Lagavulin","floor":7.0,"turns":12.0},{"damage":7.0,"enemies":"Small Slimes","floor":8.0,"turns":4.0},{"damage":44.0,"enemies":"The Guardian","floor":16.0,"turns":11.0},{"damage":0.0,"enemies":"Chosen","floor":18.0,"turns":6.0},{"damage":0,"enemies":"3 Byrds","floor":25,"turns":2},{"damage":31,"enemies":"Sentry and Sphere","floor":27,"turns":6},{"damage":44,"enemies":"Book of Stabbing","floor":29,"turns":4}],"seed_played":"-8032468057527117188","potions_obtained":[{"floor":7.0,"key":"Swift Potion"},{"floor":16.0,"key":"SmokeBomb"}],"is_trial":false,"path_per_floor":["M","?","$","?","M","R","E","M","T","?","R","?","$","?","R","B",null,"M","?","$","?","?","R","$","M","T","M","R","E"],"character_chosen":"DEFECT","items_purchased":[],"campfire_rested":1,"item_purchase_floors":[],"current_hp_per_floor":[59,59,59,59,51,51,25,18,18,36,58,58,58,63,63,19,65,65,56,56,56,56,56,56,56,56,32,32,0],"gold":27,"neow_bonus":"ONE_RARE_RELIC","is_prod":false,"is_daily":false,"chose_seed":false,"campfire_upgraded":0,"win_rate":0,"timestamp":1551304338,"path_taken":["M","?","$","?","M","R","E","M","T","?","R","?","?","?","R","BOSS","M","?","$","?","?","R","?","M","T","M","R","E"],"build_version":"2019-01-23","purchased_purges":1,"victory":false,"max_hp_per_floor":[75,75,75,75,75,75,75,75,75,75,75,75,75,80,80,80,80,80,56,56,56,56,56,56,56,56,56,56,56],"card_choices":[{"not_picked":["Go for the Eyes","Rebound"],"picked":"Hello World","floor":1.0},{"not_picked":["Stack","Barrage","Recycle"],"picked":"SKIP","floor":5.0},{"not_picked":["Hologram","Hello World"],"picked":"Reinforced Body","floor":7.0},{"not_picked":["Compile Driver","Blizzard"],"picked":"White Noise","floor":8.0},{"not_picked":["Fission","Seek"],"picked":"Core Surge","floor":16.0},{"not_picked":["Hologram","Aggregate"],"picked":"Defragment","floor":18.0},{"not_picked":["Hello World","Static Discharge"],"picked":"Conserve Battery","floor":27}],"player_experience":698131,"relics_obtained":[{"floor":6.0,"key":"Ornamental Fan"},{"floor":7.0,"key":"Sundial"},{"floor":9.0,"key":"Anchor"},{"floor":15.0,"key":"Blue Candle"},{"floor":23.0,"key":"Whetstone"},{"floor":26,"key":"Kunai"},{"floor":28,"key":"Turnip"}],"event_choices":[{"damage_healed":0.0,"max_hp_gain":0.0,"max_hp_loss":0.0,"gold_gain":0.0,"event_name":"Golden Idol","player_choice":"Ignored","floor":2.0,"gold_loss":0.0,"damage_taken":0.0},{"damage_healed":0.0,"max_hp_gain":0.0,"max_hp_loss":0.0,"gold_gain":0.0,"cards_transformed":["Strike_B"],"event_name":"Living Wall","player_choice":"Change","floor":4.0,"gold_loss":0.0,"damage_taken":0.0,"cards_obtained":["Leap"]},{"damage_healed":18.0,"max_hp_gain":0.0,"max_hp_loss":0.0,"gold_gain":0.0,"event_name":"The Cleric","player_choice":"Healed","floor":10.0,"gold_loss":35.0,"damage_taken":0.0},{"damage_healed":0.0,"max_hp_gain":0.0,"max_hp_loss":0.0,"gold_gain":0.0,"event_name":"World of Goop","player_choice":"Left Gold","floor":12.0,"gold_loss":46.0,"damage_taken":0.0},{"damage_healed":0.0,"max_hp_gain":5.0,"max_hp_loss":0.0,"gold_gain":0.0,"event_name":"Big Fish","player_choice":"Donut","floor":14.0,"gold_loss":0.0,"damage_taken":0.0},{"damage_healed":0.0,"max_hp_gain":0.0,"max_hp_loss":24.0,"gold_gain":0.0,"event_name":"Vampires","player_choice":"Became a vampire","floor":19.0,"gold_loss":0.0,"damage_taken":0.0,"cards_obtained":["Bite","Bite","Bite","Bite","Bite"]},{"damage_healed":0.0,"max_hp_gain":0.0,"max_hp_loss":0.0,"gold_gain":0.0,"cards_transformed":["Dualcast","Zap"],"event_name":"Drug Dealer","player_choice":"Became Test Subject","floor":21.0,"gold_loss":0.0,"damage_taken":0.0,"cards_obtained":["Amplify","Fusion"]},{"damage_healed":0.0,"max_hp_gain":0.0,"max_hp_loss":0.0,"gold_gain":0.0,"event_name":"The Library","player_choice":"Read","floor":22.0,"gold_loss":0.0,"damage_taken":0.0,"cards_obtained":["Streamline"]}],"is_beta":false,"boss_relics":[{"not_picked":["Coffee Dripper","Busted Crown"],"picked":"Astrolabe"}],"items_purged_floors":[20],"is_endless":false,"potions_floor_spawned":[7,16,25],"killed_by":"Book of Stabbing","ascension_level":13}