{"gold_per_floor":[114,133,83,83,97,97,124,124,124,139,173,173,192,192,192,288,288,269,184,198,198],"floor_reached":21,"playtime":2130,"items_purged":[],"score":217,"play_id":"67337e38-0190-4f1b-9a54-9d1fe22eac67","local_time":"20190112220631","is_ascension_mode":true,"campfire_choices":[{"data":"Calculated Gamble","floor":6,"key":"SMITH"},{"floor":8,"key":"REST"},{"floor":15,"key":"REST"}],"neow_cost":"NONE","seed_source_timestamp":99423794783845,"circlet_count":0,"master_deck":["Defend_G","Defend_G","Defend_G","Defend_G","Strike_G","Strike_G","Strike_G","Strike_G","Strike_G","Survivor","Neutralize+1","Flying Knee","Poisoned Stab","Calculated Gamble+1","Quick Slash","Die Die Die+1","Prepared","Dagger Spray","A Thousand Cuts","Quick Slash","Accuracy"],"relics":["Runic Pyramid","Omamori","Mummified Hand","Bottled Flame","HoveringKite","Pantograph"],"potions_floor_usage":[11],"damage_taken":[{"damage":0,"enemies":"Cultist","floor":1,"turns":5},{"damage":0,"enemies":"2 Louse","floor":2,"turns":3},{"damage":7,"enemies":"Small Slimes","floor":5,"turns":3},{"damage":30,"enemies":"3 Sentries","floor":7,"turns":10},{"damage":6,"enemies":"Blue Slaver","floor":10,"turns":3},{"damage":7,"enemies":"Lagavulin","floor":11,"turns":9},{"damage":7,"enemies":"Exordium Wildlife","floor":13,"turns":4},{"damage":43,"enemies":"Slime Boss","floor":16,"turns":12},{"damage":25,"enemies":"2 Thieves","floor":18,"turns":4},{"damage":19,"enemies":"Chosen","floor":20,"turns":5},{"damage":35,"enemies":"Colosseum Slavers","floor":21,"turns":2}],"seed_played":"3116722494227634753","potions_obtained":[{"floor":10,"key":"Explosive Potion"},{"floor":13,"key":"Strength Potion"},{"floor":16,"key":"EssenceOfSteel"},{"floor":18,"key":"Energy Potion"}],"is_trial":false,"path_per_floor":["M","M","?","?","M","R","E","R","T","M","E","?","M","T","R","B",null,"M","?","M","?"],"character_chosen":"THE_SILENT","items_purchased":[],"campfire_rested":2,"item_purchase_floors":[],"current_hp_per_floor":[70,70,70,70,63,63,33,54,54,48,41,41,34,34,55,12,70,45,45,26,0],"gold":198,"neow_bonus":"BOSS_RELIC","is_prod":false,"is_daily":false,"chose_seed":false,"campfire_upgraded":1,"win_rate":0,"timestamp":1547323591,"path_taken":["M","M","?","?","?","R","E","R","T","M","E","?","M","?","R","BOSS","M","?","M","?"],"build_version":"2019-01-10","purchased_purges":0,"victory":false,"max_hp_per_floor":[70,70,70,70,70,70,70,70,70,70,70,70,70,70,70,70,70,70,70,70,70],"card_choices":[{"not_picked":["Cloak And Dagger","Blade Dance"],"picked":"Flying Knee","floor":1},{"not_picked":["Well Laid Plans","All Out Attack"],"picked":"Poisoned Stab","floor":2},{"not_picked":["Poisoned Stab","Deadly Poison"],"picked":"Calculated Gamble","floor":5},{"not_picked":["Prepared","Dagger Throw"],"picked":"Quick Slash","floor":7},{"not_picked":["Blade Dance","Dagger Throw"],"picked":"Die Die Die","floor":10},{"not_picked":["Wraith Form v2","Dagger Throw"],"picked":"Prepared","floor":11},{"not_picked":["Dagger Throw","Endless Agony"],"picked":"Dagger Spray","floor":13},{"not_picked":["Wraith Form v2","Adrenaline"],"picked":"A Thousand Cuts","floor":16},{"not_picked":["Outmaneuver","Sucker Punch"],"picked":"Quick Slash","floor":18},{"not_picked":["Escape Plan+1","Outmaneuver"],"picked":"Accuracy","floor":20}],"player_experience":191525,"relics_obtained":[{"floor":7,"key":"Omamori"},{"floor":9,"key":"Mummified Hand"},{"floor":11,"key":"Bottled Flame"}],"event_choices":[{"cards_removed":["Defend_G"],"damage_healed":0,"gold_gain":0,"player_choice":"Card Removal","damage_taken":0,"max_hp_gain":0,"max_hp_loss":0,"event_name":"The Cleric","floor":3,"gold_loss":50},{"damage_healed":0,"gold_gain":0,"player_choice":"Forge","damage_taken":0,"max_hp_gain":0,"max_hp_loss":0,"event_name":"Accursed Blacksmith","floor":4,"gold_loss":0,"cards_upgraded":["Neutralize"]},{"damage_healed":0,"gold_gain":0,"player_choice":"Grow","damage_taken":0,"max_hp_gain":0,"max_hp_loss":0,"event_name":"Living Wall","floor":12,"gold_loss":0,"cards_upgraded":["Die Die Die"]},{"damage_healed":0,"gold_gain":0,"player_choice":"Obtained Relic","damage_taken":0,"relics_obtained":["Pantograph"],"max_hp_gain":0,"max_hp_loss":0,"event_name":"Addict","floor":19,"gold_loss":85},{"damage_healed":0,"gold_gain":0,"player_choice":"Fight","damage_taken":0,"max_hp_gain":0,"max_hp_loss":0,"event_name":"Colosseum","floor":21,"gold_loss":0}],"is_beta":false,"boss_relics":[{"not_picked":["Tiny House","Black Star"],"picked":"HoveringKite"}],"items_purged_floors":[],"is_endless":false,"potions_floor_spawned":[10,13,16,18],"killed_by":"Colosseum Slavers","ascension_level":3}