{"gold_per_floor":[365,380,380,115,133,167,167,197,197,197],"floor_reached":10,"playtime":484,"items_purged":["Regret"],"score":84,"play_id":"a50d0fa9-90c4-4754-b366-edcf5f6842e9","local_time":"20181122113412","is_ascension_mode":true,"campfire_choices":[{"data":"Deadly Poison","floor":7,"key":"SMITH"}],"neow_cost":"CURSE","seed_source_timestamp":113068797983004,"circlet_count":0,"master_deck":["Defend_G","Defend_G","Defend_G","Defend_G","Defend_G","Strike_G","Strike_G","Strike_G","Strike_G","Strike_G","Survivor","Neutralize","Infinite Blades","Cloak And Dagger","Footwork","Riddle With Holes","Flying Knee","Deadly Poison+1","Cloak And Dagger","Burst"],"relics":["Ring of the Snake","Molten Egg 2","Bottled Tornado","Sundial"],"potions_floor_usage":[5,8],"damage_taken":[{"damage":1,"enemies":"Cultist","floor":1,"turns":4},{"damage":17,"enemies":"Jaw Worm","floor":2,"turns":5},{"damage":1,"enemies":"Small Slimes","floor":5,"turns":2},{"damage":30,"enemies":"Lagavulin","floor":6,"turns":7},{"damage":6,"enemies":"3 Sentries","floor":8,"turns":8},{"damage":15,"enemies":"Gremlin Nob","floor":10,"turns":3}],"seed_played":"7721101488868562900","potions_obtained":[{"floor":1,"key":"AttackPotion"},{"floor":5,"key":"SkillPotion"}],"is_trial":false,"path_per_floor":["M","M","?","$","M","E","R","E","T","E"],"character_chosen":"THE_SILENT","items_purchased":["Footwork","Riddle With Holes","Flying Knee"],"campfire_rested":0,"item_purchase_floors":[4,4,4],"current_hp_per_floor":[69,52,52,52,51,21,21,15,15,0],"gold":197,"neow_bonus":"TWO_FIFTY_GOLD","is_prod":false,"is_daily":false,"chose_seed":false,"campfire_upgraded":1,"win_rate":0,"timestamp":1542904452,"path_taken":["M","M","?","$","M","E","R","E","T","E"],"build_version":"2018-11-15","purchased_purges":1,"victory":false,"max_hp_per_floor":[70,70,70,70,70,70,70,70,70,70],"card_choices":[{"not_picked":["Sucker Punch","Prepared"],"picked":"Infinite Blades","floor":1},{"not_picked":["Flying Knee","PiercingWail"],"picked":"Cloak And Dagger","floor":2},{"not_picked":["PiercingWail","Deflect"],"picked":"Deadly Poison","floor":5},{"not_picked":["Underhanded Strike","Dodge and Roll"],"picked":"Cloak And Dagger","floor":6},{"not_picked":["Backflip","Underhanded Strike+1"],"picked":"Burst","floor":8}],"player_experience":205301,"relics_obtained":[{"floor":6,"key":"Molten Egg 2"},{"floor":8,"key":"Bottled Tornado"},{"floor":9,"key":"Sundial"}],"event_choices":[{"damage_healed":0,"gold_gain":0,"player_choice":"Bought 0 Potions","damage_taken":0,"max_hp_gain":0,"max_hp_loss":0,"event_name":"The Woman in Blue","floor":3,"gold_loss":0}],"is_beta":false,"boss_relics":[],"items_purged_floors":[4],"is_endless":false,"potions_floor_spawned":[1,5],"killed_by":"Gremlin Nob","ascension_level":2}