{"gold_per_floor":[119,139,154,168,45,45,70,85,85,96,171,204,204,220,220,321,321,335,153,153,252,96,125,125,141,141,141,171,171,171,197,197,301,301,311,311,311,107,124,124,124,124,124,143,155,115,125,141,141,141],"floor_reached":51,"playtime":1696,"items_purged":["Strike_R","Doubt"],"score":775,"play_id":"6587689d-2697-4fd7-ad6a-eedbee0f7241","local_time":"20181124203817","is_ascension_mode":true,"campfire_choices":[{"data":"Barricade","floor":6,"key":"SMITH"},{"data":"Demon Form","floor":13,"key":"SMITH"},{"data":"Bash","floor":15,"key":"SMITH"},{"data":"Body Slam","floor":27,"key":"SMITH"},{"data":"Body Slam","floor":29,"key":"SMITH"},{"data":"Inflame","floor":30,"key":"SMITH"},{"floor":32,"key":"REST"},{"data":"True Grit","floor":40,"key":"SMITH"},{"data":"Pummel","floor":42,"key":"SMITH"},{"data":"Juggernaut","floor":49,"key":"SMITH"}],"neow_cost":"NONE","seed_source_timestamp":164921820478862,"circlet_count":0,"master_deck":["Strike_R+1","Strike_R+1","Strike_R+1","Strike_R+1","Defend_R+1","Defend_R+1","Defend_R+1","Defend_R+1","Bash+1","Juggernaut+1","Inflame+1","Twin Strike","Heavy Blade","Ghostly Armor","Barricade+1","Shrug It Off+1","Clothesline","Thunderclap","Twin Strike+1","Demon Form+1","Body Slam+1","Fiend Fire","Whirlwind","Body Slam+1","Ghostly Armor+1","Pummel+1","True Grit+1","Body Slam+1","Shrug It Off+1","Writhe"],"relics":["Burning Blood","Bottled Tornado","Pear","Red Skull","Cursed Key","Anchor","Blue Candle","WingedGreaves","Ornamental Fan","Pocketwatch","Busted Crown","Toxic Egg 2"],"potions_floor_usage":[8,12,12,16,31,47,50,50,50,50,50],"damage_taken":[{"damage":15,"enemies":"Jaw Worm","floor":1,"turns":4},{"damage":0,"enemies":"Small Slimes","floor":2,"turns":2},{"damage":7,"enemies":"2 Louse","floor":3,"turns":2},{"damage":11,"enemies":"Large Slime","floor":4,"turns":3},{"damage":34,"enemies":"Gremlin Nob","floor":7,"turns":5},{"damage":9,"enemies":"Exordium Wildlife","floor":8,"turns":5},{"damage":9,"enemies":"3 Louse","floor":10,"turns":4},{"damage":22,"enemies":"3 Sentries","floor":12,"turns":7},{"damage":7,"enemies":"Exordium Thugs","floor":14,"turns":4},{"damage":20,"enemies":"Hexaghost","floor":16,"turns":8},{"damage":21,"enemies":"Chosen","floor":18,"turns":5},{"damage":30,"enemies":"Book of Stabbing","floor":23,"turns":6},{"damage":12,"enemies":"Shell Parasite","floor":25,"turns":5},{"damage":9,"enemies":"Gremlin Leader","floor":28,"turns":8},{"damage":11,"enemies":"Slavers","floor":31,"turns":4},{"damage":16,"enemies":"Automaton","floor":33,"turns":9},{"damage":0,"enemies":"Orb Walker","floor":35,"turns":3},{"damage":12,"enemies":"3 Darklings","floor":39,"turns":4},{"damage":1,"enemies":"4 Shapes","floor":44,"turns":5},{"damage":1,"enemies":"Maw","floor":45,"turns":8},{"damage":8,"enemies":"3 Darklings","floor":47,"turns":5},{"damage":11,"enemies":"Spire Growth","floor":48,"turns":4},{"damage":28,"enemies":"Awakened One","floor":50,"turns":12}],"seed_played":"1131825988835042503","potions_obtained":[{"floor":3,"key":"Fire Potion"},{"floor":4,"key":"LiquidBronze"},{"floor":7,"key":"BloodPotion"},{"floor":10,"key":"FearPotion"},{"floor":12,"key":"Strength Potion"},{"floor":14,"key":"Strength Potion"},{"floor":47,"key":"Weak Potion"},{"floor":48,"key":"Strength Potion"}],"is_trial":false,"path_per_floor":["M","M","M","M","$","R","E","M","T","M","?","E","R","M","R","B",null,"M","$","?","?","$","E","?","M","T","R","E","R","R","E","R","B",null,"M","?","?","$","M","R","?","R","T","M","M","?","M","M","R","B",null],"character_chosen":"IRONCLAD","items_purchased":["Barricade","Shrug It Off","Whirlwind","LiquidBronze","Anchor","EntropicBrew"],"campfire_rested":1,"item_purchase_floors":[5,5,19,19,22,38],"current_hp_per_floor":[71,77,76,71,71,71,43,48,58,55,44,28,28,27,27,13,90,75,75,75,75,75,51,51,45,45,45,42,42,42,37,64,54,90,90,90,85,85,79,79,79,79,79,84,85,85,83,78,78,56],"gold":141,"neow_bonus":"ONE_RANDOM_RARE_CARD","is_prod":false,"is_daily":false,"chose_seed":false,"campfire_upgraded":9,"win_rate":0,"timestamp":1543109897,"path_taken":["M","M","M","M","$","R","E","M","T","M","?","E","R","M","R","BOSS","M","$","?","?","$","E","?","M","T","R","E","R","R","E","R","BOSS","M","?","?","$","?","R","?","R","T","?","M","?","M","M","R","BOSS"],"build_version":"2018-11-15","purchased_purges":2,"victory":true,"max_hp_per_floor":[80,80,80,80,80,80,80,80,90,90,90,90,90,90,90,90,90,90,90,90,90,90,90,90,90,90,90,90,90,90,90,90,90,90,90,90,85,85,85,85,85,85,85,85,85,85,85,85,85,85],"card_choices":[{"not_picked":["Body Slam","Infernal Blade"],"picked":"Inflame","floor":1},{"not_picked":["Twin Strike","Headbutt","Heavy Blade"],"picked":"SKIP","floor":2},{"not_picked":["Headbutt","Heavy Blade"],"picked":"Twin Strike","floor":2},{"not_picked":["Seeing Red","Bloodletting"],"picked":"Heavy Blade","floor":3},{"not_picked":["Power Through","Thunderclap"],"picked":"Ghostly Armor","floor":4},{"not_picked":["Rupture","Cleave"],"picked":"Clothesline","floor":7},{"not_picked":["Headbutt","Metallicize"],"picked":"Thunderclap","floor":8},{"not_picked":["Clothesline","Disarm"],"picked":"Twin Strike","floor":10},{"not_picked":["Armaments","Reaper"],"picked":"Demon Form","floor":12},{"not_picked":["Armaments","Sever Soul"],"picked":"Body Slam","floor":14},{"not_picked":["Bludgeon","Reaper"],"picked":"Fiend Fire","floor":16},{"not_picked":["Havoc","Burning Pact+1","Perfected Strike+1"],"picked":"SKIP","floor":18},{"not_picked":["Clash","Perfected Strike"],"picked":"Body Slam","floor":23},{"not_picked":["Cleave","Carnage"],"picked":"Ghostly Armor+1","floor":25},{"not_picked":["Anger","Wild Strike"],"picked":"Pummel","floor":28},{"not_picked":["Juggernaut","Perfected Strike"],"picked":"True Grit","floor":31},{"not_picked":[],"picked":"Body Slam+1","floor":35},{"not_picked":[],"picked":"Shrug It Off+1","floor":39},{"not_picked":["Wild Strike"],"picked":"SKIP","floor":44},{"not_picked":["Anger"],"picked":"SKIP","floor":45},{"not_picked":["Anger"],"picked":"SKIP","floor":47},{"not_picked":["Body Slam"],"picked":"SKIP","floor":48}],"player_experience":219732,"relics_obtained":[{"floor":7,"key":"Bottled Tornado"},{"floor":9,"key":"Pear"},{"floor":12,"key":"Red Skull"},{"floor":23,"key":"Blue Candle"},{"floor":26,"key":"WingedGreaves"},{"floor":28,"key":"Ornamental Fan"},{"floor":31,"key":"Pocketwatch"},{"floor":43,"key":"Toxic Egg 2"}],"event_choices":[{"damage_healed":0,"gold_gain":75,"player_choice":"Gather Gold","damage_taken":11,"max_hp_gain":0,"max_hp_loss":0,"event_name":"World of Goop","floor":11,"gold_loss":0},{"damage_healed":0,"gold_gain":0,"player_choice":"Simplicity","damage_taken":0,"max_hp_gain":0,"max_hp_loss":0,"event_name":"Back to Basics","floor":20,"gold_loss":0,"cards_upgraded":["Strike_R","Strike_R","Strike_R","Strike_R","Defend_R","Defend_R","Defend_R","Defend_R"]},{"damage_healed":0,"gold_gain":99,"player_choice":"Stole From Cult","damage_taken":0,"max_hp_gain":0,"max_hp_loss":0,"event_name":"Nest","floor":21,"gold_loss":0},{"damage_healed":0,"gold_gain":0,"player_choice":"Smashed Altar","damage_taken":0,"max_hp_gain":0,"max_hp_loss":0,"event_name":"Forgotten Altar","floor":24,"gold_loss":0,"cards_obtained":["Decay"]},{"damage_healed":0,"gold_gain":0,"player_choice":"Ignored","damage_taken":0,"max_hp_gain":0,"max_hp_loss":0,"event_name":"Mysterious Sphere","floor":36,"gold_loss":0},{"damage_healed":0,"gold_gain":0,"player_choice":"Max HP","damage_taken":0,"max_hp_gain":0,"max_hp_loss":5,"event_name":"Winding Halls","floor":37,"gold_loss":0},{"cards_removed":["Decay"],"damage_healed":0,"gold_gain":0,"player_choice":"Removed Curses","damage_taken":0,"max_hp_gain":0,"max_hp_loss":0,"event_name":"Fountain of Cleansing","floor":41,"gold_loss":0},{"damage_healed":0,"gold_gain":0,"player_choice":"Upgraded Two","damage_taken":0,"max_hp_gain":0,"max_hp_loss":0,"event_name":"Designer","floor":46,"gold_loss":40,"cards_upgraded":["Twin Strike","Shrug It Off"]}],"is_beta":false,"boss_relics":[{"not_picked":["Fusion Hammer","Tiny House"],"picked":"Cursed Key"},{"not_picked":["Sozu","Pandora\u0027s Box"],"picked":"Busted Crown"}],"items_purged_floors":[19,38],"is_endless":false,"potions_floor_spawned":[3,4,7,10,12,14,23,28,45,47,48],"ascension_level":1}