{"gold_per_floor":[119,135,147,147,147,147,181,204,227,13,13,13,49,49,49,177,177,196,196,96,109,133,35,55,55,55,55,70,86,86,110,110,229,229,243,257,257],"floor_reached":37,"playtime":2026,"items_purged":["Strike_B","Defend_B"],"score":381,"play_id":"7a46dffc-9f54-4833-82b5-14b5d8b947a4","local_time":"20190515221124","is_ascension_mode":false,"campfire_choices":[{"data":"Chaos","floor":6,"key":"SMITH"},{"data":"Lockon","floor":11,"key":"SMITH"},{"floor":15,"key":"REST"},{"data":"Seek","floor":25,"key":"SMITH"},{"data":"Defragment","floor":27,"key":"SMITH"},{"floor":30,"key":"REST"},{"floor":32,"key":"REST"}],"neow_cost":"NONE","seed_source_timestamp":2705539209160905,"circlet_count":0,"master_deck":["Zap","Dualcast","Seek+1","Redo","Conserve Battery","Chaos+1","Defragment+1","Loop","Lockon+1","Loop","Biased Cognition","Cold Snap","Steam","Capacitor","Force Field+1","Redo","Static Discharge","Force Field","Barrage","Loop","Rainbow","Hologram","Fission","Capacitor","Reprogram","Consume","White Noise","Conserve Battery+1"],"relics":["Cracked Core","Golden Idol","Happy Flower","Bag of Preparation","CultistMask","Strawberry","Lizard Tail","Bottled Tornado","Pandora\u0027s Box"],"potions_floor_usage":[7,13,16,22,24,33,36],"damage_taken":[{"damage":1,"enemies":"Jaw Worm","floor":1,"turns":4},{"damage":0,"enemies":"Cultist","floor":2,"turns":3},{"damage":0,"enemies":"Small Slimes","floor":3,"turns":3},{"damage":19,"enemies":"3 Sentries","floor":7,"turns":5},{"damage":5,"enemies":"Exordium Thugs","floor":8,"turns":4},{"damage":20,"enemies":"Gremlin Nob","floor":13,"turns":3},{"damage":12,"enemies":"The Guardian","floor":16,"turns":7},{"damage":10,"enemies":"Spheric Guardian","floor":18,"turns":3},{"damage":0,"enemies":"Chosen","floor":21,"turns":3},{"damage":14,"enemies":"Sentry and Sphere","floor":22,"turns":6},{"damage":3,"enemies":"Centurion and Healer","floor":24,"turns":8},{"damage":17,"enemies":"Cultist and Chosen","floor":28,"turns":11},{"damage":18,"enemies":"Snake Plant","floor":29,"turns":4},{"damage":10,"enemies":"Chosen and Byrds","floor":31,"turns":8},{"damage":66,"enemies":"Collector","floor":33,"turns":8},{"damage":12,"enemies":"Orb Walker","floor":35,"turns":4},{"damage":51,"enemies":"3 Darklings","floor":36,"turns":5},{"damage":37,"enemies":"4 Shapes","floor":37,"turns":3}],"seed_played":"5869315953543470775","potions_obtained":[{"floor":2,"key":"LiquidBronze"},{"floor":3,"key":"AttackPotion"},{"floor":13,"key":"LiquidBronze"},{"floor":16,"key":"Explosive Potion"},{"floor":21,"key":"EssenceOfSteel"},{"floor":24,"key":"Poison Potion"},{"floor":33,"key":"LiquidBronze"}],"is_trial":false,"path_per_floor":["M","M","M","?","?","R","E","M","T","$","R","?","E","$","R","B",null,"M","?","$","M","M","$","M","R","T","R","M","M","R","M","R","B",null,"M","M","M"],"character_chosen":"DEFECT","items_purchased":["Loop","Lockon","Redo","Static Discharge"],"campfire_rested":3,"item_purchase_floors":[10,10,23,23],"current_hp_per_floor":[74,74,74,74,74,74,55,50,50,50,50,50,37,37,61,49,82,72,72,72,72,58,58,55,55,55,55,38,20,44,34,58,38,82,70,19,0],"gold":257,"neow_bonus":"ONE_RANDOM_RARE_CARD","is_prod":false,"is_daily":false,"chose_seed":false,"campfire_upgraded":4,"win_rate":0.0,"timestamp":1557972684,"path_taken":["M","M","M","?","?","R","E","M","T","$","R","?","E","$","R","BOSS","M","?","$","M","?","$","M","R","T","R","M","M","R","M","R","BOSS","M","M","M"],"build_version":"2019-01-23","purchased_purges":2,"victory":false,"max_hp_per_floor":[75,75,75,75,75,75,75,75,75,75,75,75,82,82,82,82,82,82,82,82,82,82,82,82,82,82,82,82,82,82,82,82,82,82,82,82,82],"card_choices":[{"not_picked":["Barrage","Rebound"],"picked":"Redo","floor":1},{"not_picked":["Blizzard","Streamline"],"picked":"Conserve Battery","floor":2},{"not_picked":["Sweeping Beam","Gash"],"picked":"Chaos","floor":3},{"not_picked":["Steam","Hologram","Aggregate"],"picked":"SKIP","floor":7},{"not_picked":["Streamline","Blizzard"],"picked":"Defragment","floor":8},{"not_picked":["Genetic Algorithm","Chaos"],"picked":"Loop","floor":13},{"not_picked":["Electrodynamics","Echo Form"],"picked":"Biased Cognition","floor":16},{"not_picked":["Gash","Double Energy+1"],"picked":"Cold Snap","floor":18},{"not_picked":["Hologram+1","Sunder"],"picked":"Capacitor","floor":21},{"not_picked":["Gash+1","Steam Power"],"picked":"Force Field+1","floor":22},{"not_picked":["Steam","Double Energy+1"],"picked":"Force Field","floor":24},{"not_picked":["Sweeping Beam+1","Beam Cell"],"picked":"Barrage","floor":28},{"not_picked":["Compile Driver","FTL+1"],"picked":"Loop","floor":29},{"not_picked":["Stack","Rebound","Beam Cell"],"picked":"SKIP","floor":31},{"not_picked":["Echo Form","Meteor Strike"],"picked":"Rainbow","floor":33},{"not_picked":["Stack+1","Reprogram"],"picked":"White Noise","floor":35},{"not_picked":["Redo","Turbo"],"picked":"Conserve Battery+1","floor":36}],"player_experience":216580,"relics_obtained":[{"floor":7,"key":"Happy Flower"},{"floor":9,"key":"Bag of Preparation"},{"floor":13,"key":"Strawberry"},{"floor":26,"key":"Bottled Tornado"}],"event_choices":[{"damage_healed":0,"gold_gain":0,"player_choice":"Take Wound","damage_taken":0,"relics_obtained":["Golden Idol"],"max_hp_gain":0,"max_hp_loss":0,"event_name":"Golden Idol","floor":4,"gold_loss":0,"cards_obtained":["Injury"]},{"cards_removed":["Injury"],"damage_healed":0,"gold_gain":0,"player_choice":"Forget","damage_taken":0,"max_hp_gain":0,"max_hp_loss":0,"event_name":"Living Wall","floor":5,"gold_loss":0},{"damage_healed":0,"gold_gain":0,"player_choice":"Trade","damage_taken":0,"relics_obtained":["CultistMask"],"max_hp_gain":0,"max_hp_loss":0,"event_name":"FaceTrader","floor":12,"gold_loss":0},{"damage_healed":0,"gold_gain":0,"cards_transformed":["Strike_B"],"player_choice":"Transformed","damage_taken":0,"max_hp_gain":0,"max_hp_loss":0,"event_name":"Transmorgrifier","floor":19,"gold_loss":0,"cards_obtained":["Steam"]}],"is_beta":false,"boss_relics":[{"not_picked":["Tiny House","White Beast Statue"],"picked":"Lizard Tail"},{"not_picked":["FrozenCore","Orrery"],"picked":"Pandora\u0027s Box"}],"items_purged_floors":[10,20],"is_endless":false,"potions_floor_spawned":[2,3,13,16,21,24,33],"killed_by":"4 Shapes","ascension_level":0}