{"gold_per_floor":[364,439,139,139,154,154,79,107,107,132,152,152,152,95,95,95],"floor_reached":16,"playtime":707,"items_purged":["Writhe"],"score":212,"play_id":"00139fc7-b072-42e5-8f85-0afbe57907f3","local_time":"20190516132155","is_ascension_mode":true,"campfire_choices":[{"data":"Shrug It Off","floor":6.0,"key":"SMITH"},{"data":"Sword Boomerang","floor":13,"key":"SMITH"},{"data":"Sword Boomerang","floor":15,"key":"SMITH"}],"neow_cost":"CURSE","seed_source_timestamp":2693250245760,"circlet_count":0,"master_deck":["AscendersBane","Strike_R","Strike_R","Strike_R","Strike_R","Defend_R","Defend_R","Defend_R","Defend_R","Bash+1","Shrug It Off+1","Sword Boomerang+1","Battle Trance","Shrug It Off","Parasite","Sword Boomerang+1"],"special_seed":0,"relics":["Burning Blood","Art of War","Strawberry","Pocketwatch","Question Card"],"potions_floor_usage":[8,16,16],"damage_taken":[{"damage":13.0,"enemies":"Cultist","floor":1.0,"turns":5.0},{"damage":1.0,"enemies":"2 Louse","floor":5.0,"turns":4.0},{"damage":32,"enemies":"Lagavulin","floor":8,"turns":9},{"damage":25,"enemies":"3 Sentries","floor":10,"turns":14},{"damage":0,"enemies":"Small Slimes","floor":11,"turns":3},{"damage":54,"enemies":"Slime Boss","floor":16,"turns":9}],"seed_played":"3882151194159398545","potions_obtained":[{"floor":10,"key":"Fire Potion"},{"floor":11,"key":"FearPotion"}],"is_trial":false,"path_per_floor":["M","?","$","?","M","R","?","E","T","E","M","?","R","$","R","B"],"character_chosen":"IRONCLAD","items_purchased":["Art of War","Strength Potion","Sword Boomerang"],"campfire_rested":0,"item_purchase_floors":[3,3,14],"current_hp_per_floor":[61,50,50,50,55,55,55,36,36,17,23,43,43,43,43,0],"gold":95,"neow_bonus":"TWO_FIFTY_GOLD","is_prod":false,"is_daily":false,"chose_seed":false,"campfire_upgraded":3,"win_rate":0,"timestamp":1558027315,"path_taken":["M","?","$","?","M","R","?","E","T","E","M","?","R","$","R","BOSS"],"build_version":"2019-01-23","purchased_purges":1,"victory":false,"max_hp_per_floor":[75,75,75,75,75,75,75,82,82,82,82,82,82,82,82,82],"card_choices":[{"not_picked":["Perfected Strike","True Grit","Dual Wield"],"picked":"SKIP","floor":1.0},{"not_picked":["Iron Wave","Dark Embrace"],"picked":"Shrug It Off","floor":5.0},{"not_picked":["Headbutt","Thunderclap"],"picked":"Sword Boomerang","floor":8},{"not_picked":["Offering","Limit Break"],"picked":"Battle Trance","floor":10},{"not_picked":["Corruption","Bloodletting","Flex"],"picked":"Shrug It Off","floor":11}],"player_experience":632051,"relics_obtained":[{"floor":8,"key":"Strawberry"},{"floor":9,"key":"Pocketwatch"},{"floor":10,"key":"Question Card"}],"event_choices":[{"damage_healed":0.0,"max_hp_gain":0.0,"max_hp_loss":0.0,"gold_gain":75.0,"event_name":"World of Goop","player_choice":"Gather Gold","floor":2.0,"gold_loss":0.0,"damage_taken":11.0},{"damage_healed":0.0,"max_hp_gain":0.0,"max_hp_loss":0.0,"gold_gain":0.0,"event_name":"Living Wall","player_choice":"Grow","floor":4.0,"gold_loss":0.0,"damage_taken":0.0,"cards_upgraded":["Bash"]},{"cards_removed":["Strike_R"],"damage_healed":0.0,"max_hp_gain":0.0,"max_hp_loss":0.0,"gold_gain":0.0,"event_name":"The Cleric","player_choice":"Card Removal","floor":7.0,"gold_loss":75.0,"damage_taken":0.0},{"damage_healed":20,"gold_gain":0,"player_choice":"Healed and dodged fight","damage_taken":0,"max_hp_gain":0,"max_hp_loss":0,"event_name":"Mushrooms","floor":12,"gold_loss":0,"cards_obtained":["Parasite"]}],"is_beta":false,"boss_relics":[],"items_purged_floors":[3],"is_endless":false,"potions_floor_spawned":[10,11],"killed_by":"Slime Boss","ascension_level":20}