{"gold_per_floor":[118,128,143,143,159,188,44,61,111,111,128,128,146,158,158,158],"floor_reached":16,"playtime":2226,"items_purged":["Defend_B"],"score":106,"play_id":"a9b49d1d-d012-463b-8c95-a4a3ed4ce844","local_time":"20180722213911","is_ascension_mode":false,"campfire_choices":[{"data":"Biased Cognition","floor":10,"key":"SMITH"},{"data":"Redo","floor":12,"key":"SMITH"},{"data":"Loop","floor":15,"key":"SMITH"}],"neow_cost":"","seed_source_timestamp":722457147113577,"circlet_count":0,"master_deck":["Strike_B","Strike_B","Strike_B","Defend_B","Defend_B","Defend_B","Zap","Dualcast","Cold Snap","Biased Cognition+1","Hello World","Hologram","Barrage","Loop+1","Reprogram","Redo+1","Cold Snap","Coolheaded"],"relics":["Cracked Core","Bottled Flame","Centennial Puzzle"],"potions_floor_usage":[5,8,16,16,16],"damage_taken":[{"damage":1,"enemies":"Jaw Worm","floor":1,"turns":3},{"damage":0,"enemies":"Cultist","floor":2,"turns":4},{"damage":4,"enemies":"2 Louse","floor":3,"turns":2},{"damage":1,"enemies":"Large Slime","floor":5,"turns":7},{"damage":8,"enemies":"Lagavulin","floor":6,"turns":7},{"damage":1,"enemies":"Blue Slaver","floor":8,"turns":4},{"damage":6,"enemies":"3 Louse","floor":11,"turns":3},{"damage":0,"enemies":"Large Slime","floor":13,"turns":5},{"damage":11,"enemies":"Exordium Wildlife","floor":14,"turns":5},{"damage":50,"enemies":"Hexaghost","floor":16,"turns":14}],"seed_played":"5972234487553524997","potions_obtained":[{"floor":1,"key":"EssenceOfSteel"},{"floor":2,"key":"Dexterity Potion"},{"floor":3,"key":"LiquidBronze"},{"floor":6,"key":"GamblersBrew"},{"floor":14,"key":"Poison Potion"}],"is_trial":false,"path_per_floor":["M","M","M","?","M","E","$","M","T","R","M","R","M","M","R"],"character_chosen":"DEFECT","items_purchased":["Loop"],"campfire_rested":0,"item_purchase_floors":[7],"current_hp_per_floor":[74,74,70,70,69,61,61,60,60,60,54,54,54,43,43,0],"gold":158,"neow_bonus":"","is_prod":false,"is_daily":false,"chose_seed":false,"campfire_upgraded":3,"win_rate":0.0,"timestamp":1532309951,"path_taken":["M","M","M","?","M","E","?","M","T","R","M","R","M","M","R","BOSS"],"build_version":"2018-07-19v2","purchased_purges":1,"victory":false,"max_hp_per_floor":[75,75,75,75,75,75,75,75,75,75,75,75,75,75,75,75],"card_choices":[{"not_picked":["Double Energy","Leap"],"picked":"Cold Snap","floor":1},{"not_picked":["Cold Snap","Gash"],"picked":"Biased Cognition","floor":2},{"not_picked":["BootSequence","Force Field"],"picked":"Hello World","floor":3},{"not_picked":["Gash","Consume"],"picked":"Hologram","floor":5},{"not_picked":["Reboot","Leap"],"picked":"Barrage","floor":6},{"not_picked":["Beam Cell","Compile Driver"],"picked":"Reprogram","floor":8},{"not_picked":["Sweeping Beam","Conserve Battery"],"picked":"Redo","floor":11},{"not_picked":["Barrage","Beam Cell"],"picked":"Cold Snap","floor":13},{"not_picked":["Leap","Stack"],"picked":"Coolheaded","floor":14}],"player_experience":96353,"relics_obtained":[{"floor":6,"key":"Bottled Flame"},{"floor":9,"key":"Centennial Puzzle"}],"event_choices":[{"event_name":"Wheel of Change","player_choice":"Card Removal","floor":4,"damage_taken":0}],"is_beta":false,"boss_relics":[],"items_purged_floors":[7],"is_endless":false,"potions_floor_spawned":[1,2,3,6,14],"killed_by":"Hexaghost","ascension_level":0}