{"gold_per_floor":[112,112,77,77,77,100,121,121,173,173,17,30,30,30,30,121,121,146,170,185,211,48,48,48,48,48,48,63,63,84,103,103,202,202,221,554,444,457,473,493,493,509,509,50,50,50,50,60,60,60],"floor_reached":51,"playtime":4901,"items_purged":["Injury"],"score":1211,"play_id":"c3f6cd80-ce29-447d-bb3a-c99098015345","local_time":"20190324204222","is_ascension_mode":true,"campfire_choices":[{"data":"Go for the Eyes","floor":8.0,"key":"SMITH"},{"data":"Conserve Battery","floor":15.0,"key":"SMITH"},{"data":"Buffer","floor":23.0,"key":"SMITH"},{"data":"Reinforced Body","floor":25.0,"key":"SMITH"},{"data":"Steam","floor":29.0,"key":"SMITH"},{"data":"Double Energy","floor":32.0,"key":"SMITH"},{"data":"Sunder","floor":46,"key":"SMITH"},{"data":"Static Discharge","floor":49,"key":"SMITH"}],"neow_cost":"NONE","seed_source_timestamp":287792755156455,"circlet_count":0,"master_deck":["AscendersBane","Strike_B+1","Strike_B+1","Defend_B+1","Defend_B+1","Defend_B+1","Zap+1","Dualcast","Conserve Battery+1","Sweeping Beam+1","Steam+1","Go for the Eyes+1","Electrodynamics","Buffer+1","Coolheaded","Storm+1","Reinforced Body+1","Static Discharge+1","Self Repair+1","Double Energy+1","Loop+1","Sunder+1"],"special_seed":0,"relics":["Coffee Dripper","DataDisk","Bird Faced Urn","Runic Pyramid","Whetstone","Frozen Egg 2","Ice Cream","Sozu","Mercury Hourglass","Blue Candle","Chemical X","Strawberry"],"potions_floor_usage":[],"damage_taken":[{"damage":1.0,"enemies":"Small Slimes","floor":1.0,"turns":4.0},{"damage":0.0,"enemies":"Jaw Worm","floor":6.0,"turns":4.0},{"damage":11.0,"enemies":"2 Louse","floor":7.0,"turns":3.0},{"damage":19.0,"enemies":"Exordium Thugs","floor":12.0,"turns":5.0},{"damage":20.0,"enemies":"Slime Boss","floor":16.0,"turns":8.0},{"damage":13.0,"enemies":"3 Byrds","floor":18.0,"turns":3.0},{"damage":0.0,"enemies":"Spheric Guardian","floor":19.0,"turns":6.0},{"damage":37.0,"enemies":"Snake Plant","floor":20.0,"turns":4.0},{"damage":19.0,"enemies":"Shelled Parasite and Fungi","floor":28.0,"turns":4.0},{"damage":0.0,"enemies":"Centurion and Healer","floor":30.0,"turns":5.0},{"damage":0.0,"enemies":"Snake Plant","floor":31.0,"turns":4.0},{"damage":1.0,"enemies":"Automaton","floor":33.0,"turns":13.0},{"damage":28.0,"enemies":"3 Darklings","floor":35.0,"turns":3.0},{"damage":2.0,"enemies":"3 Shapes","floor":38.0,"turns":3.0},{"damage":5,"enemies":"Transient","floor":39,"turns":6},{"damage":0,"enemies":"Maw","floor":40,"turns":11},{"damage":5,"enemies":"Sphere and 2 Shapes","floor":42,"turns":5},{"damage":2,"enemies":"Spire Growth","floor":48,"turns":5},{"damage":55,"enemies":"Awakened One","floor":50,"turns":16}],"seed_played":"-1846346756682309912","potions_obtained":[{"floor":12.0,"key":"Strength Potion"},{"floor":16.0,"key":"Ancient Potion"},{"floor":28.0,"key":"AttackPotion"},{"floor":30.0,"key":"Block Potion"},{"floor":31.0,"key":"Explosive Potion"}],"is_trial":false,"path_per_floor":["M","?","?","?","?","M","M","R","T","?","$","M","$","T","R","B",null,"M","M","M","T","$","R","?","R","T","T","M","R","M","M","R","B",null,"M","?","?","M","M","M","T","M","T","$","?","R","?","M","R","B",null],"character_chosen":"DEFECT","items_purchased":["Regen Potion","Reinforced Body","Static Discharge","Chemical X","Strawberry","Sunder"],"campfire_rested":0,"item_purchase_floors":[11,22,22,44,44,44],"current_hp_per_floor":[63,63,71,71,71,71,60,60,60,60,60,55,55,55,55,37,63,54,58,27,27,27,27,27,27,27,27,16,16,36,56,56,71,71,57,57,57,71,71,71,71,71,71,78,78,78,78,78,78,39],"gold":60,"neow_bonus":"BOSS_RELIC","is_prod":false,"is_daily":false,"chose_seed":false,"campfire_upgraded":8,"win_rate":0,"timestamp":1553452942,"path_taken":["M","?","?","?","?","?","M","R","T","?","?","M","$","?","R","BOSS","M","M","?","?","$","R","?","R","T","?","M","R","?","M","R","BOSS","M","?","?","?","M","M","?","M","T","$","?","R","?","M","R","BOSS"],"build_version":"2019-01-23","purchased_purges":1,"victory":true,"max_hp_per_floor":[71,71,71,71,71,71,71,71,71,71,71,71,71,71,71,71,71,71,71,71,71,71,71,71,71,71,71,71,71,71,71,71,71,71,71,71,71,71,71,71,71,71,71,78,78,78,78,78,78,78],"card_choices":[{"not_picked":["Coolheaded","Skim"],"picked":"Conserve Battery","floor":1.0},{"not_picked":["Rebound","Doom and Gloom"],"picked":"Steam","floor":6.0},{"not_picked":["Rebound","Gash"],"picked":"Go for the Eyes","floor":7.0},{"not_picked":["Streamline","Consume"],"picked":"Electrodynamics","floor":12.0},{"not_picked":["Machine Learning","Echo Form"],"picked":"Buffer","floor":16.0},{"not_picked":["Rebound","Go for the Eyes"],"picked":"Coolheaded","floor":18.0},{"not_picked":["Barrage","Chill+1"],"picked":"Storm+1","floor":19.0},{"not_picked":["Hologram","Turbo","Streamline"],"picked":"SKIP","floor":20.0},{"not_picked":["Coolheaded","Storm+1"],"picked":"Self Repair+1","floor":28.0},{"not_picked":["Hologram","Recycle+1","Turbo"],"picked":"SKIP","floor":30.0},{"not_picked":["Conserve Battery","Redo"],"picked":"Double Energy","floor":31.0},{"not_picked":["Meteor Strike","Thunder Strike"],"picked":"Seek","floor":33.0},{"not_picked":["Cold Snap","Gash","Scrape"],"picked":"SKIP","floor":35.0},{"not_picked":["Force Field","Turbo","Beam Cell"],"picked":"SKIP","floor":38.0},{"not_picked":["BootSequence","Gash"],"picked":"Loop+1","floor":39},{"not_picked":["Conserve Battery","Streamline","Beam Cell+1"],"picked":"SKIP","floor":40},{"not_picked":["Doom and Gloom","Lockon","Go for the Eyes"],"picked":"SKIP","floor":42},{"not_picked":["Steam Power","Turbo","Coolheaded"],"picked":"SKIP","floor":48}],"player_experience":771518,"relics_obtained":[{"floor":9.0,"key":"DataDisk"},{"floor":14.0,"key":"Bird Faced Urn"},{"floor":21.0,"key":"Whetstone"},{"floor":26.0,"key":"Frozen Egg 2"},{"floor":27.0,"key":"Ice Cream"},{"floor":41,"key":"Mercury Hourglass"},{"floor":43,"key":"Blue Candle"}],"event_choices":[{"damage_healed":0.0,"max_hp_gain":0.0,"max_hp_loss":0.0,"gold_gain":0.0,"event_name":"Scrap Ooze","player_choice":"Fled","floor":2.0,"gold_loss":0.0,"damage_taken":0.0},{"damage_healed":17.0,"max_hp_gain":0.0,"max_hp_loss":0.0,"gold_gain":0.0,"event_name":"The Cleric","player_choice":"Healed","floor":3.0,"gold_loss":35.0,"damage_taken":0.0},{"damage_healed":0.0,"max_hp_gain":0.0,"max_hp_loss":0.0,"gold_gain":0.0,"cards_transformed":["Strike_B"],"event_name":"Living Wall","player_choice":"Change","floor":4.0,"gold_loss":0.0,"damage_taken":0.0,"cards_obtained":["Sweeping Beam"]},{"damage_healed":0.0,"max_hp_gain":0.0,"max_hp_loss":0.0,"gold_gain":0.0,"event_name":"Golden Idol","player_choice":"Take Wound","floor":5.0,"gold_loss":0.0,"damage_taken":0.0,"relics_obtained":["Golden Idol"],"cards_obtained":["Injury"]},{"damage_healed":0.0,"max_hp_gain":0.0,"max_hp_loss":0.0,"gold_gain":0.0,"event_name":"Accursed Blacksmith","player_choice":"Forge","floor":10.0,"gold_loss":0.0,"damage_taken":0.0,"cards_upgraded":["Sweeping Beam"]},{"damage_healed":0.0,"max_hp_gain":0.0,"max_hp_loss":0.0,"gold_gain":0.0,"event_name":"Back to Basics","player_choice":"Simplicity","floor":24.0,"gold_loss":0.0,"damage_taken":0.0,"cards_upgraded":["Strike_B","Defend_B","Defend_B","Defend_B","Defend_B"]},{"damage_healed":0.0,"max_hp_gain":0.0,"max_hp_loss":0.0,"gold_gain":333.0,"event_name":"The Moai Head","player_choice":"Gave Idol","floor":36.0,"relics_lost":["Golden Idol"],"gold_loss":0.0,"damage_taken":0.0},{"cards_removed":["Strike_B"],"damage_healed":0.0,"max_hp_gain":0.0,"max_hp_loss":0.0,"gold_gain":0.0,"event_name":"Designer","player_choice":"Upgrade and Remove","floor":37.0,"gold_loss":110.0,"damage_taken":0.0,"cards_upgraded":["Zap"]},{"cards_removed":["Seek"],"damage_healed":0,"gold_gain":0,"player_choice":"Removed Skill","damage_taken":0,"max_hp_gain":0,"max_hp_loss":0,"event_name":"Falling","floor":45,"gold_loss":0},{"cards_removed":["Defend_B"],"damage_healed":0,"gold_gain":0,"player_choice":"Purged","damage_taken":0,"max_hp_gain":0,"max_hp_loss":0,"event_name":"Purifier","floor":47,"gold_loss":0}],"is_beta":false,"boss_relics":[{"not_picked":["Black Star","Inserter"],"picked":"Runic Pyramid"},{"not_picked":["Tiny House","White Beast Statue"],"picked":"Sozu"}],"items_purged_floors":[11],"is_endless":false,"potions_floor_spawned":[12,16,28,30,31,35,42,48],"ascension_level":17}