{"gold_per_floor":[111,111,124,49,59,59,59,92,118,129,143,318,48,66,66,143,143,157,32,32,42,61,61,77,176,222,222,222,222,254,49,49,126,126,142,161,261,276,290,290,302,302,302,36,36,51,66,81,81,81],"floor_reached":51,"playtime":5724,"items_purged":["Strike_G","Doubt","Strike_G","Defend_G"],"score":1025,"play_id":"26959962-3e03-44a5-ba8f-14b412f0b977","local_time":"20190516025329","is_ascension_mode":true,"campfire_choices":[{"data":"Neutralize","floor":6.0,"key":"SMITH"},{"floor":15.0,"key":"REST"},{"floor":23.0,"key":"REST"},{"floor":28.0,"key":"REST"},{"floor":32.0,"key":"REST"},{"floor":40,"key":"DIG"},{"floor":42,"key":"DIG"},{"floor":49,"key":"REST"}],"neow_cost":"NONE","seed_source_timestamp":26552699745954,"circlet_count":0,"master_deck":["AscendersBane","Defend_G","Defend_G+1","Defend_G+1","Defend_G","Survivor","Neutralize+1","Predator","Infinite Blades","Deadly Poison","Flying Knee","Blade Dance+1","Venomology+1","Backflip","Venomology","Envenom","Finisher","Infinite Blades","Leg Sweep","Blur","Deflect","Infinite Blades","Backflip+1","Panache","FTL+1","Finisher","Pommel Strike","Panache","Sucker Punch+1","Blade Dance+1","Seeing Red+1"],"special_seed":0,"relics":["Ring of the Snake","Potion Belt","Happy Flower","War Paint","Orrery","Lantern","Vajra","PrismaticShard","Fusion Hammer","Shovel","The Courier","Anchor","Kunai"],"potions_floor_usage":[37,37,38,38,38,39,39,41,41,41,46,46,47,50,50,50,50,50,50],"damage_taken":[{"damage":1.0,"enemies":"2 Louse","floor":1.0,"turns":3.0},{"damage":5.0,"enemies":"Cultist","floor":3.0,"turns":4.0},{"damage":0.0,"enemies":"Jaw Worm","floor":5.0,"turns":4.0},{"damage":18.0,"enemies":"3 Sentries","floor":8.0,"turns":9.0},{"damage":9.0,"enemies":"3 Louse","floor":10.0,"turns":4.0},{"damage":0.0,"enemies":"2 Fungi Beasts","floor":11.0,"turns":4.0},{"damage":1.0,"enemies":"Exordium Wildlife","floor":14.0,"turns":3.0},{"damage":15.0,"enemies":"The Guardian","floor":16.0,"turns":13.0},{"damage":24.0,"enemies":"Shell Parasite","floor":18.0,"turns":6.0},{"damage":7.0,"enemies":"Chosen","floor":21.0,"turns":6.0},{"damage":11.0,"enemies":"Snake Plant","floor":22.0,"turns":5.0},{"damage":15.0,"enemies":"Snecko","floor":24.0,"turns":9.0},{"damage":21.0,"enemies":"Slavers","floor":30.0,"turns":8.0},{"damage":34.0,"enemies":"Automaton","floor":33.0,"turns":11.0},{"damage":4.0,"enemies":"Orb Walker","floor":35.0,"turns":5.0},{"damage":1.0,"enemies":"3 Shapes","floor":36.0,"turns":7.0},{"damage":0,"enemies":"Mind Bloom Boss Battle","floor":37,"turns":5},{"damage":1,"enemies":"Jaw Worm Horde","floor":38,"turns":4},{"damage":1,"enemies":"4 Shapes","floor":39,"turns":8},{"damage":0,"enemies":"3 Darklings","floor":41,"turns":4},{"damage":12,"enemies":"Maw","floor":46,"turns":6},{"damage":0,"enemies":"Jaw Worm Horde","floor":47,"turns":2},{"damage":0,"enemies":"Sphere and 2 Shapes","floor":48,"turns":3},{"damage":22,"enemies":"Donu and Deca","floor":50,"turns":7}],"seed_played":"6913452512797113805","potions_obtained":[{"floor":3.0,"key":"Weak Potion"},{"floor":10.0,"key":"GhostInAJar"},{"floor":11.0,"key":"SkillPotion"},{"floor":21.0,"key":"EssenceOfSteel"},{"floor":24.0,"key":"Dexterity Potion"},{"floor":30.0,"key":"SpeedPotion"},{"floor":36.0,"key":"Block Potion"},{"floor":39,"key":"Energy Potion"},{"floor":46,"key":"AttackPotion"}],"is_trial":false,"path_per_floor":["M","?","M","$","M","R","?","E","T","M","M","?","$","M","R","B",null,"M","$","?","M","M","R","M","?","T","?","R","?","E","$","R","B",null,"M","M","?","M","M","R","M","R","T","$","?","M","M","M","R","B",null],"character_chosen":"THE_SILENT","items_purchased":["War Paint","Backflip","PrismaticShard","Panache"],"campfire_rested":5,"item_purchase_floors":[13,13,31,44],"current_hp_per_floor":[69,69,64,64,64,64,49,31,31,22,22,22,22,21,44,29,65,41,41,41,34,23,46,31,31,31,31,54,54,47,47,70,36,67,63,62,62,61,60,60,60,60,60,60,60,48,48,48,71,63],"gold":81,"neow_bonus":"TEN_PERCENT_HP_BONUS","is_prod":false,"is_daily":false,"chose_seed":false,"campfire_upgraded":1,"win_rate":0,"timestamp":1557964409,"path_taken":["M","?","M","?","?","R","?","E","T","M","M","?","$","?","R","BOSS","M","$","?","M","M","R","M","?","T","?","R","?","E","$","R","BOSS","M","?","?","M","M","R","M","R","T","$","?","M","M","M","R","BOSS"],"build_version":"2019-01-23","purchased_purges":4,"victory":true,"max_hp_per_floor":[77,77,77,77,77,77,77,77,77,77,77,77,77,77,77,77,77,77,77,77,77,77,77,77,77,77,77,77,77,77,77,77,77,77,77,77,77,77,77,77,77,77,77,77,77,77,77,77,77,77],"card_choices":[{"not_picked":["Dagger Spray","Setup"],"picked":"Predator","floor":1.0},{"not_picked":["Slice","Acrobatics"],"picked":"Deadly Poison","floor":3.0},{"not_picked":["Skewer","Backstab","Poisoned Stab"],"picked":"SKIP","floor":5.0},{"not_picked":["Dodge and Roll","Calculated Gamble"],"picked":"Flying Knee","floor":8.0},{"not_picked":["Outmaneuver","PiercingWail"],"picked":"Blade Dance","floor":10.0},{"not_picked":["Quick Slash","Choke"],"picked":"Venomology","floor":11.0},{"not_picked":["Deflect","Dagger Spray","Acrobatics"],"picked":"SKIP","floor":14.0},{"not_picked":["Malaise","Glass Knife"],"picked":"Venomology","floor":16.0},{"not_picked":["Underhanded Strike","Dash"],"picked":"Envenom","floor":17.0},{"not_picked":["Backflip","Poisoned Stab"],"picked":"Finisher","floor":17.0},{"not_picked":["Well Laid Plans","Flying Knee"],"picked":"Infinite Blades","floor":17.0},{"not_picked":["Outmaneuver","Poisoned Stab"],"picked":"Leg Sweep","floor":17.0},{"not_picked":["Blade Dance+1","Leg Sweep"],"picked":"Blur","floor":18.0},{"not_picked":["Poisoned Stab","Bane","Slice"],"picked":"SKIP","floor":21.0},{"not_picked":["Predator+1","Underhanded Strike","PiercingWail"],"picked":"SKIP","floor":22.0},{"not_picked":["Dagger Spray","Prepared","Deflect"],"picked":"SKIP","floor":24.0},{"not_picked":["Crippling Poison+1","Outmaneuver+1"],"picked":"Backflip+1","floor":30.0},{"not_picked":["Juggernaut","Violence"],"picked":"Panache","floor":33.0},{"not_picked":["Discovery","Redo"],"picked":"FTL+1","floor":35.0},{"not_picked":["Dagger Spray","Dash","Barrage+1"],"picked":"SKIP","floor":36.0},{"not_picked":["Backstab","Bane","Underhanded Strike"],"picked":"SKIP","floor":38},{"not_picked":["Backflip","Redo+1"],"picked":"Finisher","floor":39},{"not_picked":["Catalyst","Reflex"],"picked":"Pommel Strike","floor":41},{"not_picked":["Calculated Gamble","Flame Barrier"],"picked":"Sucker Punch+1","floor":46},{"not_picked":["Sucker Punch","Distraction"],"picked":"Blade Dance+1","floor":47},{"not_picked":["Doom and Gloom","Fiend Fire"],"picked":"Seeing Red+1","floor":48}],"player_experience":1008208,"relics_obtained":[{"floor":8.0,"key":"Potion Belt"},{"floor":9.0,"key":"Happy Flower"},{"floor":26.0,"key":"Lantern"},{"floor":30.0,"key":"Vajra"},{"floor":37,"key":"Shovel"},{"floor":40,"key":"The Courier"},{"floor":42,"key":"Anchor"},{"floor":43,"key":"Kunai"}],"event_choices":[{"damage_healed":0.0,"max_hp_gain":0.0,"max_hp_loss":0.0,"gold_gain":0.0,"cards_transformed":["Strike_G"],"event_name":"Transmorgrifier","player_choice":"Transformed","floor":2.0,"gold_loss":0.0,"damage_taken":0.0,"cards_obtained":["Infinite Blades"]},{"damage_healed":0.0,"max_hp_gain":0.0,"max_hp_loss":0.0,"gold_gain":0.0,"event_name":"Shining Light","player_choice":"Entered Light","floor":7.0,"gold_loss":0.0,"damage_taken":15.0,"cards_upgraded":["Defend_G","Defend_G"]},{"damage_healed":0.0,"max_hp_gain":0.0,"max_hp_loss":0.0,"gold_gain":175.0,"event_name":"Liars Game","player_choice":"AGREE","floor":12.0,"gold_loss":0.0,"damage_taken":0.0,"cards_obtained":["Doubt"]},{"damage_healed":0.0,"max_hp_gain":0.0,"max_hp_loss":0.0,"gold_gain":99.0,"event_name":"Nest","player_choice":"Stole From Cult","floor":25.0,"gold_loss":0.0,"damage_taken":0.0},{"damage_healed":0.0,"max_hp_gain":0.0,"max_hp_loss":0.0,"gold_gain":0.0,"cards_transformed":["Strike_G","Strike_G"],"event_name":"Drug Dealer","player_choice":"Became Test Subject","floor":27.0,"gold_loss":0.0,"damage_taken":0.0,"cards_obtained":["Deflect","Infinite Blades"]},{"damage_healed":0.0,"max_hp_gain":0.0,"max_hp_loss":0.0,"gold_gain":0.0,"event_name":"N\u0027loth","player_choice":"Ignored","floor":29.0,"gold_loss":0.0,"damage_taken":0.0},{"damage_healed":0,"gold_gain":0,"player_choice":"Fight","damage_taken":0,"max_hp_gain":0,"max_hp_loss":0,"event_name":"MindBloom","floor":37,"gold_loss":0},{"damage_healed":0,"gold_gain":0,"player_choice":"Memory 1","damage_taken":0,"max_hp_gain":0,"max_hp_loss":0,"event_name":"SensoryStone","floor":45,"gold_loss":0}],"is_beta":false,"boss_relics":[{"not_picked":["Runic Dome","Tiny House"],"picked":"Orrery"},{"not_picked":["Snecko Eye","Calling Bell"],"picked":"Fusion Hammer"}],"items_purged_floors":[4,13,19,44],"is_endless":false,"potions_floor_spawned":[3,10,11,21,24,30,36,37,39,46],"ascension_level":13}