{"gold_per_floor":[219,150,150,161,177,207,207,240,240,272,31,44,77,42,42,145,145,159,159,174,56,56],"floor_reached":22,"playtime":1103,"items_purged":[],"score":326,"play_id":"f21d9841-3648-48ff-abc3-b92e904b16fb","local_time":"20181220100223","is_ascension_mode":true,"campfire_choices":[{"data":"Inflame","floor":7,"key":"SMITH"},{"data":"Armaments","floor":15,"key":"SMITH"}],"neow_cost":"NONE","seed_source_timestamp":219101981611,"circlet_count":0,"master_deck":["AscendersBane","Strike_R","Strike_R","Strike_R","Strike_R","Strike_R","Defend_R","Defend_R","Defend_R","Defend_R","Bash","Hemokinesis","Inflame+1","Headbutt","Sword Boomerang","Clothesline","Ghostly Armor","Armaments+1","Whirlwind","Feed","True Grit","Disarm"],"relics":["Burning Blood","Dodecahedron","Vajra","Ice Cream","MawBank","Kunai","Dream Catcher","Eternal Feather"],"potions_floor_usage":[1,13,16,19,19,22],"damage_taken":[{"damage":1,"enemies":"Cultist","floor":1,"turns":4},{"damage":10,"enemies":"Jaw Worm","floor":4,"turns":2},{"damage":0,"enemies":"Small Slimes","floor":5,"turns":3},{"damage":34,"enemies":"3 Sentries","floor":6,"turns":8},{"damage":20,"enemies":"Lagavulin","floor":8,"turns":7},{"damage":5,"enemies":"Looter","floor":10,"turns":3},{"damage":13,"enemies":"Gremlin Gang","floor":12,"turns":5},{"damage":22,"enemies":"3 Sentries","floor":13,"turns":7},{"damage":25,"enemies":"Hexaghost","floor":16,"turns":11},{"damage":43,"enemies":"2 Thieves","floor":18,"turns":5},{"damage":17,"enemies":"Colosseum Slavers","floor":19,"turns":5},{"damage":15,"enemies":"3 Byrds","floor":20,"turns":5},{"damage":19,"enemies":"Cultist and Chosen","floor":22,"turns":4}],"seed_played":"9207667764152579","potions_obtained":[{"floor":1,"key":"Fruit Juice"},{"floor":10,"key":"Swift Potion"},{"floor":13,"key":"SteroidPotion"},{"floor":16,"key":"SkillPotion"},{"floor":18,"key":"Block Potion"},{"floor":20,"key":"Strength Potion"}],"is_trial":false,"path_per_floor":["M","$","T","M","M","E","R","E","T","M","$","M","E","?","R","B",null,"M","?","M","$","M"],"character_chosen":"IRONCLAD","items_purchased":["Hemokinesis","Kunai","True Grit","Disarm"],"campfire_rested":0,"item_purchase_floors":[2,11,21,21],"current_hp_per_floor":[82,82,82,78,84,56,56,42,42,43,43,36,20,41,41,22,69,36,28,19,19,0],"gold":56,"neow_bonus":"HUNDRED_GOLD","is_prod":false,"is_daily":false,"chose_seed":false,"campfire_upgraded":2,"win_rate":0,"timestamp":1545318143,"path_taken":["M","$","?","M","M","E","R","E","T","M","$","M","E","?","R","BOSS","M","?","M","$","M"],"build_version":"2018-12-13","purchased_purges":0,"victory":false,"max_hp_per_floor":[85,85,85,85,85,85,85,85,85,85,85,85,85,85,85,85,85,89,92,92,92,92],"card_choices":[{"not_picked":["Sever Soul","Flex","Infernal Blade"],"picked":"SKIP","floor":1},{"not_picked":["Entrench","Body Slam"],"picked":"Inflame","floor":4},{"not_picked":["Wild Strike","Flex"],"picked":"Headbutt","floor":5},{"not_picked":["Thunderclap","Entrench"],"picked":"Sword Boomerang","floor":6},{"not_picked":["Clash","Thunderclap"],"picked":"Clothesline","floor":8},{"not_picked":["Sword Boomerang","Dark Embrace"],"picked":"Ghostly Armor","floor":10},{"not_picked":["Carnage","Perfected Strike"],"picked":"Armaments","floor":12},{"not_picked":["Carnage","Armaments"],"picked":"Whirlwind","floor":13},{"not_picked":["Juggernaut","Double Tap"],"picked":"Feed","floor":16},{"not_picked":["Body Slam","Perfected Strike","Headbutt"],"picked":"SKIP","floor":18},{"not_picked":["Havoc","Body Slam","Hemokinesis"],"picked":"SKIP","floor":20}],"player_experience":346066,"relics_obtained":[{"floor":3,"key":"Dodecahedron"},{"floor":6,"key":"Vajra"},{"floor":8,"key":"Ice Cream"},{"floor":9,"key":"MawBank"},{"floor":13,"key":"Dream Catcher"}],"event_choices":[{"damage_healed":21,"gold_gain":0,"player_choice":"Healed","damage_taken":0,"max_hp_gain":0,"max_hp_loss":0,"event_name":"The Cleric","floor":14,"gold_loss":35},{"damage_healed":0,"gold_gain":0,"player_choice":"Fight","damage_taken":0,"max_hp_gain":0,"max_hp_loss":0,"event_name":"Colosseum","floor":19,"gold_loss":0},{"damage_healed":0,"gold_gain":0,"player_choice":"Fled From Nobs","damage_taken":0,"max_hp_gain":0,"max_hp_loss":0,"event_name":"Colosseum","floor":19,"gold_loss":0}],"is_beta":false,"boss_relics":[{"not_picked":["Runic Cube","Pandora\u0027s Box"],"picked":"Eternal Feather"}],"items_purged_floors":[],"is_endless":false,"potions_floor_spawned":[1,10,13,16,18,20],"killed_by":"Cultist and Chosen","ascension_level":12}