{"gold_per_floor":[113,21,41,41,51,85,96,96,96,21,47,61,94,114,114,211,211,228,240,47,47,63,63],"floor_reached":23,"playtime":3858,"items_purged":["Strike_B"],"score":238,"play_id":"0bbad538-0bc1-473c-997b-43a5891af7bc","local_time":"20190103013639","is_ascension_mode":false,"campfire_choices":[{"floor":8,"key":"REST"},{"floor":15,"key":"REST"}],"neow_cost":"NONE","seed_source_timestamp":25951071256273,"circlet_count":0,"master_deck":["Strike_B","Strike_B","Strike_B","Defend_B","Defend_B","Defend_B","Defend_B","Zap","Dualcast","Ball Lightning","Doom and Gloom","Sweeping Beam","Conserve Battery+1","Double Energy","Doom and Gloom","Cold Snap","Streamline","Gash","Redo","Redo","Rainbow","Gash","Conserve Battery+1","Apotheosis","Discovery","Compile Driver+1"],"relics":["Cracked Core","Lantern","Ornamental Fan","Gambling Chip","Blood Vial","Black Star"],"potions_floor_usage":[6,13,16],"damage_taken":[{"damage":1,"enemies":"Jaw Worm","floor":1,"turns":4},{"damage":1,"enemies":"Cultist","floor":3,"turns":3},{"damage":0,"enemies":"2 Louse","floor":5,"turns":2},{"damage":22,"enemies":"Lagavulin","floor":6,"turns":7},{"damage":10,"enemies":"Large Slime","floor":7,"turns":5},{"damage":0,"enemies":"Gremlin Nob","floor":11,"turns":3},{"damage":0,"enemies":"Lots of Slimes","floor":12,"turns":1},{"damage":18,"enemies":"3 Sentries","floor":13,"turns":4},{"damage":0,"enemies":"3 Louse","floor":14,"turns":2},{"damage":17,"enemies":"Slime Boss","floor":16,"turns":8},{"damage":12,"enemies":"Shell Parasite","floor":18,"turns":5},{"damage":28,"enemies":"3 Byrds","floor":19,"turns":4},{"damage":25,"enemies":"Shelled Parasite and Fungi","floor":22,"turns":5},{"damage":27,"enemies":"Gremlin Leader","floor":23,"turns":5}],"seed_played":"-1341451698351003203","potions_obtained":[{"floor":3,"key":"SteroidPotion"},{"floor":5,"key":"Block Potion"},{"floor":11,"key":"GamblersBrew"},{"floor":12,"key":"Ancient Potion"},{"floor":14,"key":"PowerPotion"},{"floor":18,"key":"Weak Potion"}],"is_trial":false,"path_per_floor":["M","$","M","?","M","E","M","R","T","$","E","M","E","M","R","B",null,"M","M","$","?","M","E"],"character_chosen":"DEFECT","items_purchased":["Doom and Gloom","Sweeping Beam","Apotheosis"],"campfire_rested":2,"item_purchase_floors":[2,2,20],"current_hp_per_floor":[81,81,80,80,80,58,48,72,72,72,72,72,54,56,80,65,82,70,44,44,44,21,0],"gold":63,"neow_bonus":"TEN_PERCENT_HP_BONUS","is_prod":false,"is_daily":false,"chose_seed":false,"campfire_upgraded":0,"win_rate":0.0,"timestamp":1546472199,"path_taken":["M","$","M","?","M","E","?","R","T","$","E","M","E","M","R","BOSS","M","M","$","?","M","E"],"build_version":"2018-12-20","purchased_purges":1,"victory":false,"max_hp_per_floor":[82,82,82,82,82,82,82,82,82,82,82,82,82,82,82,82,82,82,82,82,82,82,82],"card_choices":[{"not_picked":["Go for the Eyes","Redo"],"picked":"Ball Lightning","floor":1},{"not_picked":["Beam Cell","Skim"],"picked":"Conserve Battery","floor":3},{"not_picked":["Conserve Battery","Buffer"],"picked":"Double Energy","floor":5},{"not_picked":["Sweeping Beam","Go for the Eyes"],"picked":"Doom and Gloom","floor":6},{"not_picked":["Barrage","Sweeping Beam"],"picked":"Cold Snap","floor":7},{"not_picked":["Scrape","Thunder Strike"],"picked":"Streamline","floor":11},{"not_picked":["Barrage","Stack"],"picked":"Gash","floor":12},{"not_picked":["Melter","Streamline"],"picked":"Redo","floor":13},{"not_picked":["Darkness","Steam Power"],"picked":"Redo","floor":14},{"not_picked":["Creative AI","Thunder Strike"],"picked":"Rainbow","floor":16},{"not_picked":["Beam Cell","Coolheaded"],"picked":"Gash","floor":18},{"not_picked":["Go for the Eyes","Redo"],"picked":"Conserve Battery+1","floor":19},{"not_picked":["Beam Cell","Force Field"],"picked":"Compile Driver+1","floor":22}],"player_experience":26468,"relics_obtained":[{"floor":6,"key":"Lantern"},{"floor":9,"key":"Ornamental Fan"},{"floor":11,"key":"Gambling Chip"},{"floor":13,"key":"Blood Vial"}],"event_choices":[{"damage_healed":0,"gold_gain":0,"player_choice":"Forge","damage_taken":0,"max_hp_gain":0,"max_hp_loss":0,"event_name":"Accursed Blacksmith","floor":4,"gold_loss":0,"cards_upgraded":["Conserve Battery"]},{"damage_healed":0,"gold_gain":0,"player_choice":"1 cards matched","damage_taken":0,"max_hp_gain":0,"max_hp_loss":0,"event_name":"Match and Keep!","floor":21,"gold_loss":0,"cards_obtained":["Discovery"]}],"is_beta":false,"boss_relics":[{"not_picked":["Busted Crown","Inserter"],"picked":"Black Star"}],"items_purged_floors":[10],"is_endless":false,"potions_floor_spawned":[3,5,11,12,14,18],"killed_by":"Gremlin Leader","ascension_level":0}