{"gold_per_floor":[115,6,20,36,53,81,81,106,131,144,156,156,173,191,191,294,294,306,306,306,325,335,335,27,37,37,37,68,68,83,103,103,206,206,222,222,222,322,333,361,407,419,419,419,449,469,469,87,87,87,87,87,87,120,120],"floor_reached":55,"playtime":7265,"items_purged":["Strike_R","Strike_R","Strike_R"],"score":761,"play_id":"07646146-3d67-41b5-a76f-2f065fe7ed79","local_time":"20190125000826","is_ascension_mode":false,"campfire_choices":[{"floor":7.0,"key":"REST"},{"data":"Flame Barrier","floor":12.0,"key":"SMITH"},{"data":"Bash","floor":15.0,"key":"SMITH"},{"floor":23.0,"key":"REST"},{"floor":27.0,"key":"REST"},{"floor":32.0,"key":"REST"},{"floor":47.0,"key":"RECALL"},{"floor":49.0,"key":"REST"},{"data":"Limit Break","floor":52.0,"key":"SMITH"}],"neow_cost":"NONE","seed_source_timestamp":1138269146218967,"circlet_count":0,"master_deck":["Strike_R","Strike_R","Defend_R","Defend_R","Defend_R","Defend_R","Bash+1","Cleave","Sever Soul","Flame Barrier+1","Spot Weakness","J.A.X.","Power Through+1","Heavy Blade","Bludgeon","Power Through","Spot Weakness+1","Evolve+1","Heavy Blade+1","Limit Break+1","Spot Weakness"],"special_seed":0,"relics":["Snecko Eye","Mercury Hourglass","Pen Nib","Bronze Scales","Sozu","Sling","Prayer Wheel","Lantern","Lizard Tail","Incense Burner","Bottled Flame","Girya","Anchor","Self Forming Clay","Blue Candle"],"potions_floor_usage":[],"damage_taken":[{"damage":0.0,"enemies":"Cultist","floor":1.0,"turns":3.0},{"damage":0.0,"enemies":"Jaw Worm","floor":3.0,"turns":1.0},{"damage":0.0,"enemies":"2 Louse","floor":4.0,"turns":1.0},{"damage":1.0,"enemies":"2 Fungi Beasts","floor":5.0,"turns":2.0},{"damage":19.0,"enemies":"Gremlin Nob","floor":6.0,"turns":4.0},{"damage":0.0,"enemies":"3 Sentries","floor":8.0,"turns":3.0},{"damage":10.0,"enemies":"Looter","floor":10.0,"turns":2.0},{"damage":0.0,"enemies":"3 Louse","floor":11.0,"turns":1.0},{"damage":0.0,"enemies":"Large Slime","floor":13.0,"turns":2.0},{"damage":0.0,"enemies":"Blue Slaver","floor":14.0,"turns":2.0},{"damage":6.0,"enemies":"Hexaghost","floor":16.0,"turns":4.0},{"damage":0.0,"enemies":"Spheric Guardian","floor":18.0,"turns":3.0},{"damage":14.0,"enemies":"2 Thieves","floor":21.0,"turns":3.0},{"damage":9.0,"enemies":"Centurion and Healer","floor":22.0,"turns":4.0},{"damage":0.0,"enemies":"Snecko","floor":25.0,"turns":3.0},{"damage":39.0,"enemies":"Slavers","floor":28.0,"turns":5.0},{"damage":11.0,"enemies":"Sentry and Sphere","floor":30.0,"turns":4.0},{"damage":0.0,"enemies":"Cultist and Chosen","floor":31.0,"turns":3.0},{"damage":61.0,"enemies":"Champ","floor":33.0,"turns":9.0},{"damage":0.0,"enemies":"3 Shapes","floor":35.0,"turns":3.0},{"damage":3.0,"enemies":"Mind Bloom Boss Battle","floor":38.0,"turns":5.0},{"damage":1.0,"enemies":"3 Darklings","floor":39.0,"turns":4.0},{"damage":11.0,"enemies":"Giant Head","floor":40.0,"turns":6.0},{"damage":0.0,"enemies":"2 Orb Walkers","floor":41.0,"turns":4.0},{"damage":0.0,"enemies":"Transient","floor":42.0,"turns":5.0},{"damage":16.0,"enemies":"Reptomancer","floor":45.0,"turns":5.0},{"damage":5.0,"enemies":"Jaw Worm Horde","floor":46.0,"turns":3.0},{"damage":41.0,"enemies":"Awakened One","floor":50.0,"turns":10.0},{"damage":47.0,"enemies":"Shield and Spear","floor":54.0,"turns":6.0},{"damage":0,"enemies":"The Heart","floor":55,"turns":2}],"seed_played":"-9111792413523773732","potions_obtained":[{"floor":1.0,"key":"Ancient Potion"},{"floor":4.0,"key":"SkillPotion"},{"floor":5.0,"key":"EssenceOfSteel"},{"floor":11.0,"key":"Poison Potion"},{"floor":16.0,"key":"Regen Potion"}],"is_trial":false,"path_per_floor":["M","$","M","M","M","E","R","E","T","M","M","R","M","M","R","B",null,"M","?","?","M","M","R","$","M","T","R","E","?","M","M","R","B",null,"M","?","?","?","M","E","?","M","T","?","E","M","R","$","R","B",null,"R","$","E","B"],"character_chosen":"IRONCLAD","items_purchased":["Sever Soul","Sling","Self Forming Clay"],"campfire_rested":5,"item_purchase_floors":[2,24,48],"current_hp_per_floor":[80,80,80,80,79,60,80,80,80,70,70,70,70,70,70,64,80,80,65,65,51,42,67,67,67,67,85,55,55,44,44,69,8,85,85,85,81,78,77,66,66,66,66,66,50,45,45,45,69,28,81,81,81,34,34],"gold":120,"neow_bonus":"BOSS_RELIC","is_prod":false,"is_daily":false,"chose_seed":false,"campfire_upgraded":3,"win_rate":0,"timestamp":1548367706,"path_taken":["M","?","M","M","M","E","R","E","T","?","M","R","M","M","R","BOSS","M","?","?","M","?","R","$","M","T","R","E","?","M","M","R","BOSS","M","?","?","?","M","E","?","M","T","?","E","M","R","$","R","BOSS","R","$","E","BOSS"],"build_version":"2019-01-23","purchased_purges":3,"victory":false,"max_hp_per_floor":[80,80,80,80,80,80,80,80,80,80,80,80,80,80,80,80,80,80,85,85,85,85,85,85,85,85,85,85,85,85,85,85,85,85,85,85,81,81,81,81,81,81,81,81,81,81,81,81,81,81,81,81,81,81,81],"card_choices":[{"not_picked":["Bloodletting","Havoc"],"picked":"Cleave","floor":1.0},{"not_picked":["Anger","True Grit","Armaments"],"picked":"SKIP","floor":3.0},{"not_picked":["Anger","Reckless Charge","Perfected Strike"],"picked":"SKIP","floor":4.0},{"not_picked":["Body Slam","Thunderclap"],"picked":"Flame Barrier","floor":5.0},{"not_picked":["Inflame","Fire Breathing","Burning Pact"],"picked":"SKIP","floor":6.0},{"not_picked":["Intimidate","Second Wind","Double Tap"],"picked":"SKIP","floor":8.0},{"not_picked":["Hemokinesis","Wild Strike","Sword Boomerang"],"picked":"SKIP","floor":10.0},{"not_picked":["Battle Trance","Shrug It Off","Searing Blow"],"picked":"SKIP","floor":11.0},{"not_picked":["Evolve","Iron Wave","Sword Boomerang"],"picked":"SKIP","floor":13.0},{"not_picked":["Ghostly Armor","Shrug It Off","Heavy Blade"],"picked":"SKIP","floor":14.0},{"not_picked":["Ghostly Armor","Shrug It Off","Heavy Blade"],"picked":"SKIP","floor":14.0},{"not_picked":["True Grit","Combust","Metallicize"],"picked":"SKIP","floor":18.0},{"not_picked":["Feel No Pain","Havoc+1","Combust"],"picked":"SKIP","floor":21.0},{"not_picked":["Body Slam","Corruption","Warcry"],"picked":"SKIP","floor":22.0},{"not_picked":["Armaments","Battle Trance","Brutality"],"picked":"SKIP","floor":25.0},{"not_picked":["Pummel","Warcry"],"picked":"Spot Weakness","floor":28.0},{"not_picked":["Warcry+1","Wild Strike"],"picked":"Power Through+1","floor":30.0},{"not_picked":["Burning Pact","Bludgeon"],"picked":"Heavy Blade","floor":30.0},{"not_picked":["Clash","Infernal Blade+1","Bloodletting"],"picked":"SKIP","floor":31.0},{"not_picked":["Blood for Blood+1","Feel No Pain","Uppercut"],"picked":"SKIP","floor":31.0},{"not_picked":["Feed","Brutality"],"picked":"Bludgeon","floor":33.0},{"not_picked":["Iron Wave","Sword Boomerang+1"],"picked":"Headbutt","floor":35.0},{"not_picked":["Uppercut","Corruption+1"],"picked":"Power Through","floor":35.0},{"not_picked":["Dropkick","Sword Boomerang"],"picked":"Spot Weakness+1","floor":39.0},{"not_picked":["Pommel Strike","Armaments","Clash"],"picked":"SKIP","floor":39.0},{"not_picked":["Seeing Red+1","Sentinel","Warcry"],"picked":"SKIP","floor":40.0},{"not_picked":["Cleave+1","Twin Strike+1"],"picked":"Evolve+1","floor":41.0},{"not_picked":["Perfected Strike","Seeing Red+1"],"picked":"Heavy Blade+1","floor":42.0},{"not_picked":["Thunderclap+1","Warcry","Immolate"],"picked":"SKIP","floor":42.0},{"not_picked":["Sever Soul+1","Wild Strike+1"],"picked":"Limit Break","floor":45.0},{"not_picked":["Iron Wave","Perfected Strike+1"],"picked":"Spot Weakness","floor":46.0},{"not_picked":["Flame Barrier","Thunderclap+1","Wild Strike"],"picked":"SKIP","floor":46.0},{"not_picked":["Armaments","Anger","Twin Strike+1"],"picked":"SKIP","floor":54.0}],"player_experience":374932,"relics_obtained":[{"floor":6.0,"key":"Mercury Hourglass"},{"floor":8.0,"key":"Pen Nib"},{"floor":9.0,"key":"Bronze Scales"},{"floor":26.0,"key":"Prayer Wheel"},{"floor":28.0,"key":"Lantern"},{"floor":38.0,"key":"Incense Burner"},{"floor":40.0,"key":"Bottled Flame"},{"floor":41.0,"key":"Girya"},{"floor":45.0,"key":"Anchor"},{"floor":54.0,"key":"Blue Candle"}],"event_choices":[{"damage_healed":0.0,"max_hp_gain":5.0,"max_hp_loss":0.0,"gold_gain":0.0,"event_name":"Forgotten Altar","player_choice":"Shed Blood","floor":19.0,"gold_loss":0.0,"damage_taken":20.0},{"damage_healed":0.0,"max_hp_gain":0.0,"max_hp_loss":0.0,"gold_gain":0.0,"event_name":"The Woman in Blue","player_choice":"Bought 0 Potions","floor":20.0,"gold_loss":0.0,"damage_taken":0.0},{"damage_healed":0.0,"max_hp_gain":0.0,"max_hp_loss":0.0,"gold_gain":0.0,"event_name":"Drug Dealer","player_choice":"Obtain J.A.X.","floor":29.0,"gold_loss":0.0,"damage_taken":0.0,"cards_obtained":["J.A.X."]},{"cards_removed":["Headbutt"],"damage_healed":0.0,"max_hp_gain":0.0,"max_hp_loss":0.0,"gold_gain":0.0,"event_name":"Falling","player_choice":"Removed Attack","floor":36.0,"gold_loss":0.0,"damage_taken":0.0},{"damage_healed":0.0,"max_hp_gain":0.0,"max_hp_loss":4.0,"gold_gain":0.0,"event_name":"Winding Halls","player_choice":"Max HP","floor":37.0,"gold_loss":0.0,"damage_taken":0.0},{"damage_healed":0.0,"max_hp_gain":0.0,"max_hp_loss":0.0,"gold_gain":0.0,"event_name":"MindBloom","player_choice":"Fight","floor":38.0,"gold_loss":0.0,"damage_taken":0.0},{"damage_healed":0.0,"max_hp_gain":0.0,"max_hp_loss":0.0,"gold_gain":0.0,"event_name":"Mysterious Sphere","player_choice":"Fight","floor":41.0,"gold_loss":0.0,"damage_taken":0.0},{"damage_healed":0.0,"max_hp_gain":0.0,"max_hp_loss":0.0,"gold_gain":0.0,"event_name":"Tomb of Lord Red Mask","player_choice":"Ignored","floor":44.0,"gold_loss":0.0,"damage_taken":0.0}],"is_beta":false,"boss_relics":[{"not_picked":["Coffee Dripper","Orrery"],"picked":"Sozu"},{"not_picked":["Runic Cube","Runic Pyramid"],"picked":"Lizard Tail"}],"items_purged_floors":[2,24,48],"is_endless":false,"potions_floor_spawned":[1,4,5,11,14,16,18,28,30,31,33,35,42],"killed_by":"The Heart","ascension_level":0}