{"gold_per_floor":[109,126,76,1,15,15,15,33,56,83,52,69,95,110,110,181,181,198,98,112,112,123,123,137,168,168,168,182,215,215,226,226,226],"floor_reached":33,"playtime":13750,"items_purged":["Defend_R","Strike_R"],"score":491,"play_id":"e7de06d6-3e9b-464d-96d5-bba606c1f08a","local_time":"20190205190209","is_ascension_mode":true,"campfire_choices":[{"data":"Uppercut","floor":6.0,"key":"SMITH"},{"floor":15,"key":"REST"},{"floor":23,"key":"REST"},{"floor":27,"key":"REST"},{"floor":32,"key":"REST"}],"neow_cost":"PERCENT_DAMAGE","seed_source_timestamp":2150317236395359,"circlet_count":0,"master_deck":["AscendersBane","Strike_R","Strike_R","Strike_R+1","Defend_R","Defend_R+1","Bash","Reaper","True Grit","Shrug It Off","Uppercut+1","Cleave","Flex","Limit Break","Headbutt","Pommel Strike+1","Power Through","Battle Trance+1"],"special_seed":0,"relics":["Burning Blood","Regal Pillow","Orichalcum","Oddly Smooth Stone","Velvet Choker","Letter Opener","Toxic Egg 2","Blood Vial"],"potions_floor_usage":[14,22,24,28],"damage_taken":[{"damage":4.0,"enemies":"Jaw Worm","floor":1.0,"turns":5.0},{"damage":0.0,"enemies":"Small Slimes","floor":2.0,"turns":3.0},{"damage":0.0,"enemies":"2 Louse","floor":5.0,"turns":3.0},{"damage":18.0,"enemies":"2 Fungi Beasts","floor":8.0,"turns":5.0},{"damage":21.0,"enemies":"Lagavulin","floor":10.0,"turns":6.0},{"damage":7.0,"enemies":"Gremlin Gang","floor":12.0,"turns":4.0},{"damage":0,"enemies":"Lots of Slimes","floor":14,"turns":1},{"damage":35,"enemies":"Slime Boss","floor":16,"turns":15},{"damage":9,"enemies":"3 Byrds","floor":18,"turns":5},{"damage":0,"enemies":"Chosen","floor":20,"turns":4},{"damage":37,"enemies":"Shelled Parasite and Fungi","floor":22,"turns":7},{"damage":12,"enemies":"Snake Plant","floor":24,"turns":3},{"damage":46,"enemies":"Book of Stabbing","floor":25,"turns":6},{"damage":6,"enemies":"Snecko","floor":28,"turns":5},{"damage":22,"enemies":"Slavers","floor":29,"turns":5},{"damage":13,"enemies":"Colosseum Slavers","floor":30,"turns":5},{"damage":10,"enemies":"Shelled Parasite and Fungi","floor":31,"turns":4},{"damage":99,"enemies":"Automaton","floor":33,"turns":10}],"seed_played":"6141771907652455506","potions_obtained":[{"floor":8.0,"key":"Fire Potion"},{"floor":10.0,"key":"Strength Potion"},{"floor":14,"key":"Poison Potion"},{"floor":18,"key":"PowerPotion"},{"floor":22,"key":"PowerPotion"}],"is_trial":false,"path_per_floor":["M","M","?","$","M","R","?","M","T","E","?","M","T","M","R","B",null,"M","$","M","?","M","R","M","E","T","R","M","E","?","M","R","B"],"character_chosen":"IRONCLAD","items_purchased":[],"campfire_rested":4,"item_purchase_floors":[],"current_hp_per_floor":[52,58,58,58,72,72,57,46,46,35,35,38,38,44,75,55,70,73,73,75,75,44,75,69,29,29,66,72,56,63,61,75,0],"gold":226,"neow_bonus":"THREE_RARE_CARDS","is_prod":false,"is_daily":false,"chose_seed":false,"campfire_upgraded":1,"win_rate":0,"timestamp":1549386129,"path_taken":["M","M","?","$","M","R","?","M","T","E","?","M","?","M","R","BOSS","M","$","M","?","?","R","?","E","T","R","M","E","?","M","R","BOSS"],"build_version":"2019-01-23","purchased_purges":2,"victory":false,"max_hp_per_floor":[75,75,75,75,75,75,75,75,75,75,75,75,75,75,75,75,75,75,75,75,75,75,75,75,75,75,75,75,75,75,75,75,75],"card_choices":[{"not_picked":["Limit Break","Berserk"],"picked":"Reaper","floor":0.0},{"not_picked":["Sword Boomerang","Entrench"],"picked":"True Grit","floor":1.0},{"not_picked":["Sword Boomerang","Second Wind"],"picked":"Shrug It Off","floor":2.0},{"not_picked":["Clothesline","Heavy Blade"],"picked":"Uppercut","floor":5.0},{"not_picked":["Rupture","Battle Trance"],"picked":"Cleave","floor":8.0},{"not_picked":["Disarm","Combust","Armaments"],"picked":"SKIP","floor":10.0},{"not_picked":["Iron Wave","Blood for Blood"],"picked":"Flex","floor":12.0},{"not_picked":["Offering","Perfected Strike","Hemokinesis"],"picked":"SKIP","floor":14},{"not_picked":["Reaper","Fiend Fire"],"picked":"Limit Break","floor":16},{"not_picked":["Dropkick","True Grit"],"picked":"Headbutt","floor":18},{"not_picked":["Wild Strike","Second Wind","Double Tap"],"picked":"SKIP","floor":20},{"not_picked":["Heavy Blade","Fire Breathing"],"picked":"Pommel Strike+1","floor":22},{"not_picked":["Perfected Strike","Searing Blow"],"picked":"Power Through","floor":24},{"not_picked":["Seeing Red","Pommel Strike"],"picked":"Battle Trance+1","floor":25},{"not_picked":["Cleave","Thunderclap","Iron Wave"],"picked":"SKIP","floor":28},{"not_picked":["Searing Blow","Clash","Hemokinesis"],"picked":"SKIP","floor":29},{"not_picked":["Dropkick","Offering+1","Clothesline"],"picked":"SKIP","floor":31}],"player_experience":507345,"relics_obtained":[{"floor":9.0,"key":"Regal Pillow"},{"floor":10.0,"key":"Orichalcum"},{"floor":13.0,"key":"Oddly Smooth Stone"},{"floor":25,"key":"Letter Opener"},{"floor":26,"key":"Toxic Egg 2"},{"floor":29,"key":"Blood Vial"}],"event_choices":[{"cards_removed":["Strike_R"],"damage_healed":0.0,"max_hp_gain":0.0,"max_hp_loss":0.0,"gold_gain":0.0,"event_name":"The Cleric","player_choice":"Card Removal","floor":3.0,"gold_loss":50.0,"damage_taken":0.0},{"damage_healed":0.0,"max_hp_gain":0.0,"max_hp_loss":0.0,"gold_gain":0.0,"event_name":"Shining Light","player_choice":"Entered Light","floor":7.0,"gold_loss":0.0,"damage_taken":15.0,"cards_upgraded":["Defend_R","Strike_R"]},{"damage_healed":0.0,"max_hp_gain":0.0,"max_hp_loss":0.0,"gold_gain":0.0,"event_name":"World of Goop","player_choice":"Left Gold","floor":11.0,"gold_loss":31.0,"damage_taken":0.0},{"cards_removed":["Defend_R"],"damage_healed":0,"gold_gain":0,"player_choice":"Purged","damage_taken":0,"max_hp_gain":0,"max_hp_loss":0,"event_name":"Purifier","floor":21,"gold_loss":0},{"damage_healed":0,"gold_gain":0,"player_choice":"Fight","damage_taken":0,"max_hp_gain":0,"max_hp_loss":0,"event_name":"Colosseum","floor":30,"gold_loss":0},{"damage_healed":0,"gold_gain":0,"player_choice":"Fled From Nobs","damage_taken":0,"max_hp_gain":0,"max_hp_loss":0,"event_name":"Colosseum","floor":30,"gold_loss":0}],"is_beta":false,"boss_relics":[{"not_picked":["Pandora\u0027s Box","Runic Dome"],"picked":"Velvet Choker"}],"items_purged_floors":[4,19],"is_endless":false,"potions_floor_spawned":[8,10,14,18,22,30],"killed_by":"Automaton","ascension_level":14}