{"gold_per_floor":[110,110,125,137,212,239,239,259,285,305,319,60,10,10,10,141,141,159,192,291,291,306,306,350,350,374,412,61,75,90,123,123,247,247,272,272,287,287,139,178,178,219,219,219,124,148,148,172,172,172,172,172,24,65,65],"floor_reached":55,"playtime":1454,"items_purged":[],"score":833,"play_id":"8604783d-7f48-49ef-9b5e-9dbce614df38","local_time":"20190502011819","is_ascension_mode":false,"campfire_choices":[{"data":"Whirlwind","floor":7,"key":"SMITH"},{"data":"Flex","floor":15,"key":"SMITH"},{"data":"Spot Weakness","floor":23,"key":"SMITH"},{"data":"Pommel Strike","floor":32,"key":"SMITH"},{"data":"Dramatic Entrance","floor":41,"key":"SMITH"},{"floor":44,"key":"RECALL"},{"data":"Jack Of All Trades","floor":49,"key":"SMITH"},{"data":"Bludgeon","floor":52,"key":"SMITH"}],"neow_cost":"NONE","seed_source_timestamp":2406916766000,"circlet_count":0,"master_deck":["Strike_R","Strike_R+1","Strike_R","Strike_R","Strike_R","Defend_R","Defend_R","Defend_R","Defend_R+1","Bash","Impatience","Fire Breathing","Whirlwind+1","Shockwave","Flex+1","Pommel Strike+1","Thunderclap","Spot Weakness+1","Injury","Offering","Cleave+1","Carnage+1","Purity","Rage+1","Bludgeon+1","Dramatic Entrance+1","Ghostly Armor+1","Twin Strike+1","Flex","Jack Of All Trades+1","Clothesline+1"],"relics":["Burning Blood","Bronze Scales","Centennial Puzzle","Bottled Flame","Golden Idol","Busted Crown","Red Mask","Omamori","Red Skull","Oddly Smooth Stone","Bag of Marbles","Sling","Vajra","Cursed Key","Juzu Bracelet","Kunai","PreservedInsect","Anchor","Paper Frog"],"potions_floor_usage":[6,10,16,16,24,24,27,33,33,40,42,50,55],"damage_taken":[{"damage":8,"enemies":"2 Louse","floor":1,"turns":3},{"damage":2,"enemies":"Jaw Worm","floor":3,"turns":4},{"damage":7,"enemies":"Small Slimes","floor":4,"turns":2},{"damage":36,"enemies":"3 Sentries","floor":6,"turns":6},{"damage":7,"enemies":"3 Louse","floor":8,"turns":3},{"damage":2,"enemies":"Blue Slaver","floor":10,"turns":3},{"damage":2,"enemies":"Looter","floor":11,"turns":2},{"damage":12,"enemies":"Hexaghost","floor":16,"turns":6},{"damage":13,"enemies":"Shell Parasite","floor":18,"turns":3},{"damage":0,"enemies":"Masked Bandits","floor":19,"turns":2},{"damage":0,"enemies":"Chosen","floor":22,"turns":3},{"damage":18,"enemies":"Book of Stabbing","floor":24,"turns":3},{"damage":5,"enemies":"Slavers","floor":27,"turns":2},{"damage":12,"enemies":"Shelled Parasite and Fungi","floor":29,"turns":2},{"damage":6,"enemies":"Centurion and Healer","floor":30,"turns":2},{"damage":11,"enemies":"Book of Stabbing","floor":31,"turns":3},{"damage":30,"enemies":"Champ","floor":33,"turns":5},{"damage":0,"enemies":"3 Darklings","floor":35,"turns":1},{"damage":12,"enemies":"3 Shapes","floor":37,"turns":1},{"damage":6,"enemies":"Reptomancer","floor":40,"turns":2},{"damage":6,"enemies":"Nemesis","floor":42,"turns":3},{"damage":22,"enemies":"Transient","floor":46,"turns":5},{"damage":3,"enemies":"Sphere and 2 Shapes","floor":48,"turns":2},{"damage":70,"enemies":"Donu and Deca","floor":50,"turns":7},{"damage":6,"enemies":"Shield and Spear","floor":54,"turns":2},{"damage":70,"enemies":"The Heart","floor":55,"turns":4}],"seed_played":"-4946443901297392131","potions_obtained":[{"floor":3,"key":"LiquidBronze"},{"floor":6,"key":"PowerPotion"},{"floor":8,"key":"Block Potion"},{"floor":11,"key":"Weak Potion"},{"floor":18,"key":"PowerPotion"},{"floor":22,"key":"SkillPotion"},{"floor":29,"key":"Energy Potion"},{"floor":30,"key":"Swift Potion"},{"floor":33,"key":"AttackPotion"},{"floor":37,"key":"Fire Potion"},{"floor":42,"key":"BloodPotion"},{"floor":54,"key":"SpeedPotion"}],"is_trial":false,"path_per_floor":["M","?","M","M","?","E","R","M","T","M","M","$","$","?","R","B",null,"M","?","?","?","M","R","E","?","T","E","$","M","M","E","R","B",null,"M","?","M","?","$","E","R","E","T","R","$","M","?","M","R","B",null,"R","$","E","B"],"character_chosen":"IRONCLAD","items_purchased":["Bottled Flame","SteroidPotion","Bag of Marbles","Sling","Juzu Bracelet","Jack Of All Trades","Anchor"],"campfire_rested":0,"item_purchase_floors":[12,13,28,28,39,45,53],"current_hp_per_floor":[78,62,66,65,54,24,24,23,23,27,31,31,31,31,31,25,80,73,79,79,79,80,80,68,52,52,53,53,47,47,42,42,18,80,80,80,74,80,80,80,80,80,80,80,80,64,70,70,70,13,70,70,70,70,0],"gold":65,"neow_bonus":"RANDOM_COLORLESS","is_prod":false,"is_daily":false,"chose_seed":false,"campfire_upgraded":7,"win_rate":0,"timestamp":1556749099,"path_taken":["M","?","M","M","?","E","R","M","T","M","M","?","$","?","R","BOSS","M","?","?","?","M","R","E","?","T","E","$","M","?","E","R","BOSS","M","?","M","?","$","E","R","E","T","R","?","M","?","M","R","BOSS","R","$","E","BOSS"],"build_version":"2019-01-23","purchased_purges":0,"victory":false,"max_hp_per_floor":[80,80,80,80,80,80,80,80,80,80,80,80,80,80,80,80,80,80,80,80,80,80,80,80,80,80,80,80,80,80,80,80,80,80,80,80,80,80,80,80,80,80,80,80,80,80,70,70,70,70,70,70,70,70,70],"card_choices":[{"not_picked":["Combust","Dropkick"],"picked":"Fire Breathing","floor":1},{"not_picked":["Cleave","Blood for Blood"],"picked":"Whirlwind","floor":3},{"not_picked":["Havoc","Sword Boomerang"],"picked":"Shockwave","floor":4},{"not_picked":["Combust","Wild Strike"],"picked":"Flex","floor":6},{"not_picked":["Fiend Fire","Anger"],"picked":"Pommel Strike","floor":8},{"not_picked":["Body Slam","Shrug It Off"],"picked":"Thunderclap","floor":10},{"not_picked":["Sword Boomerang","Battle Trance"],"picked":"Spot Weakness","floor":11},{"not_picked":["Reaper","Barricade"],"picked":"Offering","floor":16},{"not_picked":[],"picked":"Cleave+1","floor":18},{"not_picked":["Sever Soul"],"picked":"SKIP","floor":22},{"not_picked":[],"picked":"Carnage+1","floor":24},{"not_picked":["Corruption"],"picked":"SKIP","floor":27},{"not_picked":["True Grit"],"picked":"SKIP","floor":29},{"not_picked":[],"picked":"Rage+1","floor":30},{"not_picked":["Body Slam"],"picked":"SKIP","floor":31},{"not_picked":[],"picked":"Bludgeon","floor":33},{"not_picked":["Shrug It Off"],"picked":"SKIP","floor":35},{"not_picked":[],"picked":"Dramatic Entrance","floor":36},{"not_picked":[],"picked":"Ghostly Armor+1","floor":37},{"not_picked":[],"picked":"Twin Strike+1","floor":40},{"not_picked":[],"picked":"Flex","floor":42},{"not_picked":["Sever Soul"],"picked":"SKIP","floor":46},{"not_picked":["Rage+1"],"picked":"SKIP","floor":48},{"not_picked":[],"picked":"Clothesline+1","floor":54}],"player_experience":278259,"relics_obtained":[{"floor":6,"key":"Bronze Scales"},{"floor":9,"key":"Centennial Puzzle"},{"floor":19,"key":"Red Mask"},{"floor":24,"key":"Omamori"},{"floor":26,"key":"Red Skull"},{"floor":27,"key":"Oddly Smooth Stone"},{"floor":31,"key":"Vajra"},{"floor":40,"key":"Kunai"},{"floor":42,"key":"PreservedInsect"},{"floor":54,"key":"Paper Frog"}],"event_choices":[{"damage_healed":0,"gold_gain":0,"player_choice":"Entered Light","damage_taken":16,"max_hp_gain":0,"max_hp_loss":0,"event_name":"Shining Light","floor":2,"gold_loss":0,"cards_upgraded":["Defend_R","Strike_R"]},{"damage_healed":0,"gold_gain":75,"player_choice":"Gather Gold","damage_taken":11,"max_hp_gain":0,"max_hp_loss":0,"event_name":"World of Goop","floor":5,"gold_loss":0},{"damage_healed":0,"gold_gain":0,"player_choice":"Take Wound","damage_taken":0,"relics_obtained":["Golden Idol"],"max_hp_gain":0,"max_hp_loss":0,"event_name":"Golden Idol","floor":14,"gold_loss":0,"cards_obtained":["Injury"]},{"damage_healed":0,"gold_gain":0,"player_choice":"Fought Bandits","damage_taken":0,"max_hp_gain":0,"max_hp_loss":0,"event_name":"Masked Bandits","floor":19,"gold_loss":0},{"damage_healed":0,"gold_gain":99,"player_choice":"Stole From Cult","damage_taken":0,"max_hp_gain":0,"max_hp_loss":0,"event_name":"Nest","floor":20,"gold_loss":0},{"damage_healed":0,"gold_gain":0,"player_choice":"Ignored","damage_taken":0,"max_hp_gain":0,"max_hp_loss":0,"event_name":"Vampires","floor":21,"gold_loss":0},{"damage_healed":0,"gold_gain":0,"player_choice":"CARD ","damage_taken":16,"max_hp_gain":0,"max_hp_loss":0,"event_name":"Knowing Skull","floor":25,"potions_obtained":[],"gold_loss":0,"cards_obtained":["Purity"]},{"damage_healed":0,"gold_gain":0,"player_choice":"Memory 1","damage_taken":0,"max_hp_gain":0,"max_hp_loss":0,"event_name":"SensoryStone","floor":36,"gold_loss":0},{"damage_healed":20,"gold_gain":0,"player_choice":"Writhe","damage_taken":0,"max_hp_gain":0,"max_hp_loss":0,"event_name":"Winding Halls","floor":38,"gold_loss":0,"cards_obtained":["Writhe"]},{"damage_healed":70,"gold_gain":0,"player_choice":"Heal","damage_taken":0,"max_hp_gain":0,"max_hp_loss":10,"event_name":"The Moai Head","floor":47,"gold_loss":0}],"is_beta":false,"boss_relics":[{"not_picked":["Fusion Hammer","Tiny House"],"picked":"Busted Crown"},{"not_picked":["Velvet Choker","Runic Pyramid"],"picked":"Cursed Key"}],"items_purged_floors":[],"is_endless":false,"potions_floor_spawned":[3,6,8,11,18,22,29,30,33,37,42,54],"killed_by":"The Heart","ascension_level":0}