{"gold_per_floor":[110,19,19,19,29,64,64,80,80,99,128,147,147,160,160,256,256,256,256,256,181,181,181,181,181,181,181,181,181,181,181,181,181,181,181,181,181,181,31,31,31],"floor_reached":41,"playtime":2802,"items_purged":["Regret"],"score":691,"play_id":"0008d98e-cf5a-4c9f-ac64-69e53f1517b8","local_time":"20190225090804","is_ascension_mode":true,"campfire_choices":[{"data":"Neutralize","floor":7,"key":"SMITH"},{"floor":15,"key":"REST"},{"data":"Wraith Form v2","floor":23,"key":"SMITH"},{"floor":25,"key":"REST"},{"data":"Well Laid Plans","floor":30,"key":"SMITH"},{"data":"Cloak And Dagger","floor":32,"key":"SMITH"},{"floor":40,"key":"REST"}],"neow_cost":"NONE","seed_source_timestamp":669768765319160,"circlet_count":0,"master_deck":["AscendersBane","Defend_G","Defend_G","Defend_G","Defend_G","Defend_G","Strike_G+1","Strike_G+1","Strike_G","Strike_G","Strike_G+1","Survivor","Neutralize+1","Well Laid Plans+1","Riddle With Holes+1","Dagger Spray","PiercingWail","Deadly Poison","Poisoned Stab+1","PiercingWail","Deflect","Wraith Form v2+1","Cloak And Dagger+1","Cloak And Dagger","Acrobatics","Backstab+1","A Thousand Cuts","Footwork","Acrobatics+1","Footwork","Dodge and Roll","PiercingWail+1","Catalyst","Deflect"],"relics":["Ring of the Snake","NeowsBlessing","Du-Vu Doll","Question Card","Molten Egg 2","Whetstone","Ectoplasm","Kunai","Orrery","Centennial Puzzle"],"potions_floor_usage":[14,33,38],"damage_taken":[{"damage":0,"enemies":"Small Slimes","floor":1,"turns":1},{"damage":0,"enemies":"2 Louse","floor":5,"turns":2},{"damage":0,"enemies":"Gremlin Nob","floor":6,"turns":1},{"damage":0,"enemies":"Jaw Worm","floor":8,"turns":2},{"damage":1,"enemies":"3 Louse","floor":10,"turns":3},{"damage":32,"enemies":"Lagavulin","floor":11,"turns":6},{"damage":4,"enemies":"Red Slaver","floor":12,"turns":3},{"damage":0,"enemies":"Large Slime","floor":14,"turns":5},{"damage":14,"enemies":"Hexaghost","floor":16,"turns":11},{"damage":4,"enemies":"Chosen","floor":18,"turns":6},{"damage":19,"enemies":"Colosseum Slavers","floor":19,"turns":6},{"damage":13,"enemies":"Spheric Guardian","floor":22,"turns":4},{"damage":10,"enemies":"Centurion and Healer","floor":24,"turns":7},{"damage":2,"enemies":"Shelled Parasite and Fungi","floor":27,"turns":6},{"damage":2,"enemies":"Snecko","floor":28,"turns":6},{"damage":2,"enemies":"3 Cultists","floor":31,"turns":6},{"damage":59,"enemies":"Champ","floor":33,"turns":28},{"damage":0,"enemies":"3 Shapes","floor":35,"turns":8},{"damage":29,"enemies":"3 Darklings","floor":36,"turns":8},{"damage":4,"enemies":"Maw","floor":37,"turns":13},{"damage":0,"enemies":"4 Shapes","floor":38,"turns":6},{"damage":62,"enemies":"Transient","floor":41,"turns":4}],"seed_played":"-4532235204908414033","potions_obtained":[{"floor":5,"key":"Block Potion"},{"floor":6,"key":"GhostInAJar"},{"floor":16,"key":"SpeedPotion"},{"floor":22,"key":"LiquidBronze"},{"floor":33,"key":"Fire Potion"},{"floor":38,"key":"GamblersBrew"}],"is_trial":false,"path_per_floor":["M","$","?","?","M","E","R","M","T","M","E","M","?","M","R","B",null,"M","?","?","$","M","R","M","R","T","M","M","?","R","M","R","B",null,"M","M","M","M","$","R","M"],"character_chosen":"THE_SILENT","items_purchased":["Riddle With Holes","Dagger Spray","Centennial Puzzle"],"campfire_rested":3,"item_purchase_floors":[2,2,39],"current_hp_per_floor":[63,63,56,42,42,42,42,42,42,41,9,5,5,5,26,12,56,52,33,33,33,20,20,10,31,31,29,27,70,70,68,68,9,55,55,26,22,22,22,43,0],"gold":31,"neow_bonus":"THREE_ENEMY_KILL","is_prod":false,"is_daily":false,"chose_seed":false,"campfire_upgraded":4,"win_rate":0,"timestamp":1551103684,"path_taken":["M","$","?","?","M","E","R","M","T","M","E","M","?","M","R","BOSS","M","?","?","$","M","R","?","R","T","M","M","?","R","M","R","BOSS","M","M","M","?","$","R","M"],"build_version":"2019-01-23","purchased_purges":1,"victory":false,"max_hp_per_floor":[70,70,70,70,70,70,70,70,70,70,70,70,70,70,70,70,70,70,70,70,70,70,70,70,70,70,70,70,70,70,70,70,70,70,70,70,70,70,70,70,70],"card_choices":[{"not_picked":["Underhanded Strike","Blade Dance"],"picked":"Well Laid Plans","floor":1},{"not_picked":["Sucker Punch","Flying Knee","Reflex"],"picked":"SKIP","floor":5},{"not_picked":["Predator","Concentrate"],"picked":"PiercingWail","floor":6},{"not_picked":["Sucker Punch","Outmaneuver","Blade Dance"],"picked":"Deadly Poison","floor":8},{"not_picked":["Slice+1","Unload+1","Underhanded Strike+1"],"picked":"Poisoned Stab+1","floor":10},{"not_picked":["Tactician","Slice+1","Choke+1","Concentrate"],"picked":"SKIP","floor":11},{"not_picked":["Bane+1","Caltrops","Choke+1"],"picked":"PiercingWail","floor":12},{"not_picked":["Sucker Punch+1","Blade Dance","Dagger Throw+1"],"picked":"Deflect","floor":14},{"not_picked":["A Thousand Cuts","Phantasmal Killer","Envenom"],"picked":"Wraith Form v2","floor":16},{"not_picked":["Quick Slash+1","Calculated Gamble","Blade Dance+1"],"picked":"Cloak And Dagger","floor":18},{"not_picked":["Infinite Blades+1","Poisoned Stab+1","Setup","Prepared"],"picked":"SKIP","floor":22},{"not_picked":["Bane+1","Blur","Accuracy"],"picked":"Cloak And Dagger","floor":24},{"not_picked":["Dagger Spray+1","Endless Agony+1","PiercingWail"],"picked":"Blur","floor":27},{"not_picked":["Predator+1","Underhanded Strike+1","Bane+1"],"picked":"Acrobatics","floor":28},{"not_picked":["Deflect","Cloak And Dagger","Blur"],"picked":"Backstab+1","floor":31},{"not_picked":["After Image","Burst","Glass Knife+1"],"picked":"A Thousand Cuts","floor":33},{"not_picked":["Blade Dance","Escape Plan","Backflip"],"picked":"Footwork","floor":34},{"not_picked":["Deflect","Finisher+1","Tactician"],"picked":"Acrobatics+1","floor":34},{"not_picked":["PiercingWail","Backflip","Backstab+1"],"picked":"Footwork","floor":34},{"not_picked":["Dagger Spray+1","All Out Attack+1","Sucker Punch+1"],"picked":"Dodge and Roll","floor":34},{"not_picked":["Masterful Stab+1","Dash+1","Bouncing Flask+1","Sucker Punch+1"],"picked":"SKIP","floor":35},{"not_picked":["Dash+1","Accuracy","Blur"],"picked":"PiercingWail+1","floor":36},{"not_picked":["Blade Dance","Deflect","Endless Agony+1"],"picked":"Catalyst","floor":37},{"not_picked":["Tactician","Backflip","Endless Agony+1"],"picked":"Deflect","floor":38}],"player_experience":434059,"relics_obtained":[{"floor":6,"key":"Question Card"},{"floor":9,"key":"Molten Egg 2"},{"floor":11,"key":"Whetstone"},{"floor":26,"key":"Kunai"}],"event_choices":[{"damage_healed":0,"gold_gain":0,"player_choice":"Success","damage_taken":7,"relics_obtained":["Du-Vu Doll"],"max_hp_gain":0,"max_hp_loss":0,"event_name":"Scrap Ooze","floor":3,"gold_loss":0},{"damage_healed":0,"gold_gain":0,"player_choice":"Entered Light","damage_taken":14,"max_hp_gain":0,"max_hp_loss":0,"event_name":"Shining Light","floor":4,"gold_loss":0,"cards_upgraded":["Strike_G","Riddle With Holes"]},{"damage_healed":0,"gold_gain":0,"player_choice":"Ignored","damage_taken":0,"max_hp_gain":0,"max_hp_loss":0,"event_name":"Golden Idol","floor":13,"gold_loss":0},{"damage_healed":0,"gold_gain":0,"player_choice":"Fight","damage_taken":0,"max_hp_gain":0,"max_hp_loss":0,"event_name":"Colosseum","floor":19,"gold_loss":0},{"damage_healed":0,"gold_gain":0,"player_choice":"Fled From Nobs","damage_taken":0,"max_hp_gain":0,"max_hp_loss":0,"event_name":"Colosseum","floor":19,"gold_loss":0},{"damage_healed":0,"gold_gain":275,"player_choice":"Desecrate","damage_taken":0,"max_hp_gain":0,"max_hp_loss":0,"event_name":"Golden Shrine","floor":20,"gold_loss":0,"cards_obtained":["Regret"]},{"cards_removed":["Blur"],"damage_healed":43,"gold_gain":0,"player_choice":"Offered Uncommon","damage_taken":0,"max_hp_gain":0,"max_hp_loss":0,"event_name":"Bonfire Elementals","floor":29,"gold_loss":0}],"is_beta":false,"boss_relics":[{"not_picked":["Busted Crown","Eternal Feather"],"picked":"Ectoplasm"},{"not_picked":["White Beast Statue","Empty Cage"],"picked":"Orrery"}],"items_purged_floors":[21],"is_endless":false,"potions_floor_spawned":[5,6,10,12,16,19,22,24,33,35,38],"killed_by":"Transient","ascension_level":12}