{"gold_per_floor":[165,64,83,83,98,130,130,157,211,231,231,247,247,258,258,329,329,329,329,25,25,25,25,25,25,25,25,25,25,25,25,25,25],"floor_reached":33,"playtime":2795,"items_purged":["Strike_R","Strike_R"],"score":447,"play_id":"0d377371-43ff-4636-97fe-812811b1c0e1","local_time":"20190130095943","is_ascension_mode":true,"campfire_choices":[{"floor":7.0,"key":"REST"},{"floor":11.0,"key":"REST"},{"data":"Shockwave","floor":13.0,"key":"SMITH"},{"data":"Shrug It Off","floor":15.0,"key":"SMITH"},{"floor":23.0,"key":"REST"},{"data":"Shrug It Off","floor":25.0,"key":"SMITH"},{"data":"Power Through","floor":27.0,"key":"SMITH"},{"floor":32.0,"key":"REST"}],"neow_cost":"NONE","seed_source_timestamp":1610063133170429,"circlet_count":0,"master_deck":["AscendersBane","Strike_R+1","Strike_R","Strike_R","Defend_R","Defend_R","Defend_R","Bash+1","Shrug It Off+1","Dropkick+1","Headbutt","Cleave","Reaper","Shrug It Off+1","Shockwave+1","Power Through+1","Impervious","Twin Strike","Flex","Exhume","Anger+1","Warcry+1"],"special_seed":0,"relics":["Tiny House","Meat on the Bone","Whetstone","Pen Nib","Anchor","Ectoplasm","Vajra","Letter Opener"],"potions_floor_usage":[33,33],"damage_taken":[{"damage":2.0,"enemies":"Small Slimes","floor":1.0,"turns":3.0},{"damage":0.0,"enemies":"Cultist","floor":3.0,"turns":3.0},{"damage":2.0,"enemies":"Jaw Worm","floor":5.0,"turns":3.0},{"damage":16.0,"enemies":"Gremlin Nob","floor":6.0,"turns":4.0},{"damage":36.0,"enemies":"Lagavulin","floor":8.0,"turns":8.0},{"damage":0.0,"enemies":"3 Louse","floor":10.0,"turns":3.0},{"damage":0.0,"enemies":"Looter","floor":12.0,"turns":3.0},{"damage":1.0,"enemies":"2 Fungi Beasts","floor":14.0,"turns":3.0},{"damage":45.0,"enemies":"The Guardian","floor":16.0,"turns":13.0},{"damage":24.0,"enemies":"Spheric Guardian","floor":18.0,"turns":6.0},{"damage":7.0,"enemies":"3 Byrds","floor":19.0,"turns":6.0},{"damage":14.0,"enemies":"Snake Plant","floor":21.0,"turns":2.0},{"damage":5.0,"enemies":"3 Cultists","floor":24.0,"turns":5.0},{"damage":0.0,"enemies":"Chosen and Byrds","floor":28.0,"turns":5.0},{"damage":18.0,"enemies":"Snake Plant","floor":29.0,"turns":5.0},{"damage":22.0,"enemies":"Sentry and Sphere","floor":30.0,"turns":7.0},{"damage":11.0,"enemies":"Shelled Parasite and Fungi","floor":31.0,"turns":6.0},{"damage":115,"enemies":"Collector","floor":33,"turns":10}],"seed_played":"5328864802599873739","potions_obtained":[{"floor":0.0,"key":"Strength Potion"},{"floor":5.0,"key":"Block Potion"},{"floor":6.0,"key":"SpeedPotion"},{"floor":8.0,"key":"Fruit Juice"},{"floor":14.0,"key":"Energy Potion"},{"floor":16.0,"key":"FearPotion"},{"floor":24.0,"key":"Ancient Potion"},{"floor":28.0,"key":"Fire Potion"},{"floor":31.0,"key":"Regen Potion"}],"is_trial":false,"path_per_floor":["M","$","M","?","M","E","R","E","T","M","R","M","R","M","R","B",null,"M","M","$","M","?","R","M","R","T","R","M","M","M","M","R","B"],"character_chosen":"IRONCLAD","items_purchased":["Headbutt","Vajra","Flex"],"campfire_rested":4,"item_purchase_floors":[2,20,20],"current_hp_per_floor":[71,71,71,71,69,53,77,45,45,58,83,83,83,82,82,49,76,52,51,51,49,49,74,80,80,80,80,85,74,52,54,79,0],"gold":25,"neow_bonus":"BOSS_RELIC","is_prod":false,"is_daily":false,"chose_seed":false,"campfire_upgraded":4,"win_rate":0,"timestamp":1548835183,"path_taken":["M","$","M","?","M","E","R","E","T","M","R","?","R","M","R","BOSS","M","M","$","M","?","R","M","R","T","R","?","M","M","M","R","BOSS"],"build_version":"2019-01-23","purchased_purges":2,"victory":false,"max_hp_per_floor":[80,80,80,80,80,80,80,80,80,85,85,85,85,85,85,85,85,85,85,85,85,85,85,85,85,85,85,85,85,85,85,85,85],"card_choices":[{"not_picked":["Clothesline","Warcry"],"picked":"Shrug It Off","floor":0.0},{"not_picked":["Blood for Blood","Clash"],"picked":"Dropkick","floor":1.0},{"not_picked":["Twin Strike","Body Slam"],"picked":"Cleave","floor":3.0},{"not_picked":["Twin Strike","Pommel Strike"],"picked":"Reaper","floor":5.0},{"not_picked":["Iron Wave","Evolve"],"picked":"Shrug It Off","floor":6.0},{"not_picked":["Carnage","Bludgeon","Shrug It Off"],"picked":"SKIP","floor":8.0},{"not_picked":["Sword Boomerang","Shrug It Off","Heavy Blade"],"picked":"SKIP","floor":10.0},{"not_picked":["Flex","Heavy Blade"],"picked":"Shockwave","floor":12.0},{"not_picked":["Headbutt","Thunderclap"],"picked":"Power Through","floor":14.0},{"not_picked":["Fiend Fire","Juggernaut"],"picked":"Impervious","floor":16.0},{"not_picked":["Havoc","Iron Wave"],"picked":"Twin Strike","floor":18.0},{"not_picked":["Warcry","Shrug It Off","Clothesline"],"picked":"SKIP","floor":19.0},{"not_picked":["Clash","Combust","Anger"],"picked":"SKIP","floor":21.0},{"not_picked":["Carnage","Twin Strike","Perfected Strike"],"picked":"SKIP","floor":24.0},{"not_picked":["Shrug It Off","Reckless Charge+1","Corruption+1"],"picked":"SKIP","floor":28.0},{"not_picked":["Body Slam","Bloodletting"],"picked":"Exhume","floor":29.0},{"not_picked":["Clothesline","True Grit"],"picked":"Anger+1","floor":30.0},{"not_picked":["True Grit","Evolve+1"],"picked":"Warcry+1","floor":31.0}],"player_experience":460048,"relics_obtained":[{"floor":6.0,"key":"Whetstone"},{"floor":8.0,"key":"Pen Nib"},{"floor":9.0,"key":"Anchor"},{"floor":26.0,"key":"Letter Opener"}],"event_choices":[{"damage_healed":0.0,"max_hp_gain":0.0,"max_hp_loss":0.0,"gold_gain":0.0,"event_name":"WeMeetAgain","player_choice":"Gave Potion","floor":4.0,"gold_loss":0.0,"damage_taken":0.0,"relics_obtained":["Meat on the Bone"]},{"cards_removed":["Defend_R"],"damage_healed":0.0,"max_hp_gain":0.0,"max_hp_loss":0.0,"gold_gain":0.0,"event_name":"Wheel of Change","player_choice":"Card Removal","floor":22.0,"gold_loss":0.0,"damage_taken":0.0}],"is_beta":false,"boss_relics":[{"not_picked":["Calling Bell","Orrery"],"picked":"Ectoplasm"}],"items_purged_floors":[2,20],"is_endless":false,"potions_floor_spawned":[5,6,8,14,16,24,28,30,31],"killed_by":"Collector","ascension_level":14}