{"gold_per_floor":[113,113,113,288,288,288,313,325,351,363,386,8,8,8,8,109,109,97,17,37,54,6,6],"floor_reached":23,"playtime":1218,"items_purged":[],"score":276,"play_id":"722283dd-1f4a-4918-8c96-c10d91119934","local_time":"20181219192116","is_ascension_mode":true,"campfire_choices":[{"data":"Neutralize","floor":6,"key":"SMITH"},{"data":"Riddle With Holes","floor":10,"key":"SMITH"},{"data":"Leg Sweep","floor":13,"key":"SMITH"},{"data":"Dash","floor":15,"key":"SMITH"}],"neow_cost":"NONE","seed_source_timestamp":550715621998687,"circlet_count":0,"master_deck":["Defend_G","Defend_G","Defend_G","Defend_G","Defend_G","Strike_G","Strike_G","Strike_G","Strike_G","Strike_G","Survivor","Neutralize+1","PiercingWail","Doubt","Riddle With Holes+1","Dash+1","Predator","Leg Sweep+1","Night Terror","Dodge and Roll+1","Backstab","Bouncing Flask+1","Well Laid Plans","Dagger Spray"],"relics":["Ring of the Snake","NeowsBlessing","Bottled Flame","MawBank","Pocketwatch","Letter Opener","Coffee Dripper"],"potions_floor_usage":[21,23,23,23],"damage_taken":[{"damage":0,"enemies":"2 Louse","floor":1,"turns":1},{"damage":0,"enemies":"Gremlin Nob","floor":7,"turns":1},{"damage":0,"enemies":"Small Slimes","floor":8,"turns":1},{"damage":0,"enemies":"Cultist","floor":11,"turns":3},{"damage":23,"enemies":"The Guardian","floor":16,"turns":18},{"damage":14,"enemies":"2 Thieves","floor":18,"turns":4},{"damage":0,"enemies":"Chosen","floor":20,"turns":4},{"damage":41,"enemies":"3 Cultists","floor":21,"turns":9},{"damage":19,"enemies":"Gremlin Leader","floor":23,"turns":12}],"seed_played":"-2954933973005755397","potions_obtained":[{"floor":8,"key":"Weak Potion"},{"floor":16,"key":"Energy Potion"},{"floor":18,"key":"GamblersBrew"},{"floor":21,"key":"Poison Potion"}],"is_trial":false,"path_per_floor":["M","?","?","?","?","R","E","M","T","R","M","$","R","T","R","B",null,"M","$","M","M","$","E"],"character_chosen":"THE_SILENT","items_purchased":["Pocketwatch","Leg Sweep","Backstab","Dagger Spray"],"campfire_rested":0,"item_purchase_floors":[12,12,19,22],"current_hp_per_floor":[63,68,68,68,68,68,68,68,68,68,68,68,68,68,68,45,68,54,54,54,13,13,0],"gold":6,"neow_bonus":"THREE_ENEMY_KILL","is_prod":false,"is_daily":false,"chose_seed":false,"campfire_upgraded":4,"win_rate":0,"timestamp":1545265276,"path_taken":["M","?","?","?","?","R","E","M","T","R","M","$","R","?","R","BOSS","M","$","M","M","$","E"],"build_version":"2018-12-13","purchased_purges":0,"victory":false,"max_hp_per_floor":[70,75,75,75,75,75,75,75,75,75,75,75,75,75,75,75,75,75,75,75,75,75,75],"card_choices":[{"not_picked":["Masterful Stab","Poisoned Stab"],"picked":"PiercingWail","floor":1},{"not_picked":["Deflect","Grand Finale"],"picked":"Riddle With Holes","floor":7},{"not_picked":["Prepared","Riddle With Holes"],"picked":"Dash","floor":8},{"not_picked":["Bane","Expertise"],"picked":"Predator","floor":11},{"not_picked":["Envenom","Burst"],"picked":"Night Terror","floor":16},{"not_picked":["Slice","Acrobatics"],"picked":"Dodge and Roll+1","floor":18},{"not_picked":["Unload","PiercingWail"],"picked":"Bouncing Flask+1","floor":20},{"not_picked":["Deadly Poison+1","Distraction"],"picked":"Well Laid Plans","floor":21}],"player_experience":344848,"relics_obtained":[{"floor":7,"key":"Bottled Flame"},{"floor":9,"key":"MawBank"},{"floor":14,"key":"Letter Opener"}],"event_choices":[{"damage_healed":0,"gold_gain":0,"player_choice":"Donut","damage_taken":0,"max_hp_gain":5,"max_hp_loss":0,"event_name":"Big Fish","floor":2,"gold_loss":0},{"damage_healed":0,"gold_gain":0,"player_choice":"Leave","damage_taken":0,"max_hp_gain":0,"max_hp_loss":0,"event_name":"The Cleric","floor":3,"gold_loss":0},{"damage_healed":0,"gold_gain":175,"player_choice":"AGREE","damage_taken":0,"max_hp_gain":0,"max_hp_loss":0,"event_name":"Liars Game","floor":4,"gold_loss":0,"cards_obtained":["Doubt"]},{"damage_healed":0,"gold_gain":0,"player_choice":"Ignored","damage_taken":0,"max_hp_gain":0,"max_hp_loss":0,"event_name":"Golden Wing","floor":5,"gold_loss":0}],"is_beta":false,"boss_relics":[{"not_picked":["Ring of the Serpent","Calling Bell"],"picked":"Coffee Dripper"}],"items_purged_floors":[],"is_endless":false,"potions_floor_spawned":[8,16,18,21],"killed_by":"Gremlin Leader","ascension_level":6}