{"gold_per_floor":[114,39,39,59,59,59,59,59,59,110,144,161,236,251,251,355,355,367,19,19,19,84,104,104,104],"floor_reached":25,"playtime":709,"items_purged":["Regret"],"score":299,"play_id":"46d3d9ac-50f6-4207-85b5-df11e4bd47e7","local_time":"20190424153101","daily_mods":["Time Dilation","Flight"],"is_ascension_mode":false,"campfire_choices":[{"data":"Armaments","floor":6,"key":"SMITH"},{"data":"Bash","floor":15,"key":"SMITH"},{"floor":24,"key":"REST"}],"neow_cost":"","seed_source_timestamp":0,"circlet_count":0,"master_deck":["Strike_R","Strike_R","Strike_R","Strike_R","Strike_R","Defend_R","Defend_R","Defend_R+1","Defend_R+1","Bash+1","Iron Wave","Flame Barrier+1","Armaments+1","Iron Wave","Feel No Pain","Dark Embrace","Intimidate","Body Slam","Warcry","Jack Of All Trades","Shame","Pain","Body Slam+1","Iron Wave+1"],"relics":["Burning Blood","Pen Nib","Anchor","Red Skull","War Paint","Orichalcum","Orrery","Medical Kit","Molten Egg 2","WarpedTongs"],"potions_floor_usage":[22,23,23],"damage_taken":[{"damage":5,"enemies":"Cultist","floor":1,"turns":4},{"damage":0,"enemies":"Small Slimes","floor":4,"turns":3},{"damage":33,"enemies":"Lagavulin","floor":11,"turns":7},{"damage":0,"enemies":"Jaw Worm","floor":12,"turns":2},{"damage":2,"enemies":"Looter","floor":14,"turns":2},{"damage":8,"enemies":"Slime Boss","floor":16,"turns":9},{"damage":32,"enemies":"Shell Parasite","floor":18,"turns":10},{"damage":31,"enemies":"3 Byrds","floor":22,"turns":6},{"damage":27,"enemies":"Snecko","floor":23,"turns":7},{"damage":24,"enemies":"Masked Bandits","floor":25,"turns":3}],"seed_played":"8850156835459400573","potions_obtained":[{"floor":11,"key":"Poison Potion"},{"floor":12,"key":"SteroidPotion"},{"floor":16,"key":"Block Potion"},{"floor":22,"key":"LiquidBronze"}],"is_trial":true,"path_per_floor":["M","$","?","M","?","R","$","?","T","T","E","M","?","M","R","B",null,"M","$","?","?","M","M","R","?"],"character_chosen":"IRONCLAD","items_purchased":["Flame Barrier","Medical Kit","Jack Of All Trades"],"campfire_rested":1,"item_purchase_floors":[2,19,19],"current_hp_per_floor":[80,80,80,80,80,80,80,62,62,62,35,41,30,34,34,32,80,54,54,54,54,29,8,32,8],"gold":104,"neow_bonus":"","is_prod":false,"is_daily":false,"chose_seed":false,"campfire_upgraded":2,"win_rate":0,"timestamp":1556087461,"path_taken":["M","?","?","?","?","R","?","?","T","?","E","?","?","M","R","BOSS","M","$","?","?","?","M","R","?"],"build_version":"2019-01-23","purchased_purges":1,"victory":false,"max_hp_per_floor":[80,80,80,80,80,80,80,80,80,80,80,80,80,80,80,80,80,80,80,80,80,80,80,80,80],"card_choices":[{"not_picked":["Headbutt","Ghostly Armor"],"picked":"Iron Wave","floor":1},{"not_picked":["Thunderclap","Carnage"],"picked":"Armaments","floor":4},{"not_picked":["Headbutt","Rage"],"picked":"Iron Wave","floor":11},{"not_picked":["Twin Strike","Brutality","Flex"],"picked":"SKIP","floor":12},{"not_picked":["Combust","Warcry"],"picked":"Feel No Pain","floor":14},{"not_picked":["Double Tap","Bludgeon"],"picked":"Dark Embrace","floor":16},{"not_picked":["Perfected Strike","Sever Soul"],"picked":"Intimidate","floor":17},{"not_picked":["Anger","Flame Barrier"],"picked":"Body Slam","floor":17},{"not_picked":["Twin Strike","Pummel"],"picked":"Warcry","floor":17},{"not_picked":["Rage+1","Armaments","Anger"],"picked":"SKIP","floor":18},{"not_picked":["Thunderclap+1","Pommel Strike+1"],"picked":"Body Slam+1","floor":22},{"not_picked":["Thunderclap+1","Limit Break"],"picked":"Iron Wave+1","floor":23}],"player_experience":356749,"relics_obtained":[{"floor":9,"key":"Red Skull"},{"floor":10,"key":"War Paint"},{"floor":11,"key":"Orichalcum"}],"event_choices":[{"damage_healed":0,"gold_gain":0,"player_choice":"Grow","damage_taken":0,"max_hp_gain":0,"max_hp_loss":0,"event_name":"Living Wall","floor":3,"gold_loss":0,"cards_upgraded":["Flame Barrier"]},{"damage_healed":0,"gold_gain":0,"player_choice":"Box","damage_taken":0,"relics_obtained":["Pen Nib"],"max_hp_gain":0,"max_hp_loss":0,"event_name":"Big Fish","floor":5,"gold_loss":0,"cards_obtained":["Regret"]},{"damage_healed":0,"gold_gain":0,"player_choice":"Success","damage_taken":18,"relics_obtained":["Anchor"],"max_hp_gain":0,"max_hp_loss":0,"event_name":"Scrap Ooze","floor":8,"gold_loss":0},{"damage_healed":0,"gold_gain":75,"player_choice":"Gather Gold","damage_taken":11,"max_hp_gain":0,"max_hp_loss":0,"event_name":"World of Goop","floor":13,"gold_loss":0},{"damage_healed":0,"gold_gain":0,"player_choice":"Stole Relic","damage_taken":0,"relics_obtained":["Molten Egg 2"],"max_hp_gain":0,"max_hp_loss":0,"event_name":"Addict","floor":20,"gold_loss":0,"cards_obtained":["Shame"]},{"damage_healed":0,"gold_gain":0,"player_choice":"Rummage","damage_taken":0,"relics_obtained":["WarpedTongs"],"max_hp_gain":0,"max_hp_loss":0,"event_name":"Accursed Blacksmith","floor":21,"gold_loss":0,"cards_obtained":["Pain"]},{"damage_healed":0,"gold_gain":0,"player_choice":"Fought Bandits","damage_taken":0,"max_hp_gain":0,"max_hp_loss":0,"event_name":"Masked Bandits","floor":25,"gold_loss":0}],"is_beta":false,"boss_relics":[{"not_picked":["Philosopher\u0027s Stone","Ectoplasm"],"picked":"Orrery"}],"items_purged_floors":[19],"is_endless":true,"potions_floor_spawned":[11,12,16,22],"killed_by":"Masked Bandits","ascension_level":0}