{"gold_per_floor":[114,114,129,148,166,197,197,229,229,229,101,121,121,121,121,216,216,236,247,260,6,6,6,18,18,44,72,83,83,83,111,111,213,263,273,290,43,43,43,77,77,139,139,139,153,153,153,163,163,163],"floor_reached":51,"playtime":2994,"items_purged":["Decay"],"score":887,"play_id":"cee70b97-bb3e-4ffa-a74d-a9f5237488a3","local_time":"20181115195629","is_ascension_mode":true,"campfire_choices":[{"data":"Bash","floor":7,"key":"SMITH"},{"floor":10,"key":"REST"},{"floor":15,"key":"REST"},{"data":"Inflame","floor":23,"key":"SMITH"},{"data":"Inflame","floor":25,"key":"SMITH"},{"data":"Pommel Strike","floor":32,"key":"SMITH"},{"floor":46,"key":"REST"},{"floor":49,"key":"REST"}],"neow_cost":"NONE","seed_source_timestamp":6261937021137,"circlet_count":0,"master_deck":["Strike_R","Strike_R","Strike_R","Strike_R","Strike_R","Defend_R","Defend_R","Defend_R","Defend_R","Bash+1","Pommel Strike+1","Shrug It Off","Thunderclap","Reaper","Rampage","Pommel Strike+1","Shockwave+1","Sword Boomerang","Disarm+1","Offering+1","Warcry+1","Whirlwind+1","Warcry+1","Flame Barrier+1","Inflame+1","Inflame+1","Perfected Strike","J.A.X.+1","True Grit+1","Limit Break+1","Clothesline","Shrug It Off+1","Finesse+1","Perfected Strike+1","Sentinel+1","Headbutt"],"relics":["Burning Blood","NeowsBlessing","Dream Catcher","Centennial Puzzle","Toxic Egg 2","Matryoshka","Snecko Eye","PreservedInsect","Mercury Hourglass","Bronze Scales","Bag of Preparation","Lantern","Tiny House","Pen Nib","Question Card","Tiny Chest","Potion Belt","Bottled Lightning","Shuriken"],"potions_floor_usage":[8,16,20,33,33,33,35,50,50,50],"damage_taken":[{"damage":0,"enemies":"Cultist","floor":1,"turns":1},{"damage":0,"enemies":"2 Louse","floor":3,"turns":1},{"damage":0,"enemies":"Jaw Worm","floor":4,"turns":1},{"damage":24,"enemies":"Blue Slaver","floor":5,"turns":5},{"damage":32,"enemies":"Gremlin Nob","floor":6,"turns":4},{"damage":42,"enemies":"3 Sentries","floor":8,"turns":8},{"damage":13,"enemies":"Large Slime","floor":12,"turns":3},{"damage":2,"enemies":"Slime Boss","floor":16,"turns":9},{"damage":23,"enemies":"2 Thieves","floor":18,"turns":3},{"damage":28,"enemies":"3 Byrds","floor":19,"turns":5},{"damage":19,"enemies":"3 Cultists","floor":20,"turns":4},{"damage":9,"enemies":"Snake Plant","floor":24,"turns":2},{"damage":6,"enemies":"Book of Stabbing","floor":27,"turns":2},{"damage":14,"enemies":"Cultist and Chosen","floor":28,"turns":3},{"damage":18,"enemies":"Gremlin Leader","floor":31,"turns":4},{"damage":78,"enemies":"Automaton","floor":33,"turns":7},{"damage":6,"enemies":"3 Darklings","floor":35,"turns":3},{"damage":0,"enemies":"3 Shapes","floor":36,"turns":1},{"damage":39,"enemies":"Nemesis","floor":40,"turns":6},{"damage":40,"enemies":"Giant Head","floor":42,"turns":6},{"damage":18,"enemies":"3 Darklings","floor":45,"turns":4},{"damage":3,"enemies":"Jaw Worm Horde","floor":48,"turns":3},{"damage":31,"enemies":"Awakened One","floor":50,"turns":7}],"seed_played":"-4196432768622899679","potions_obtained":[{"floor":3,"key":"SteroidPotion"},{"floor":5,"key":"Swift Potion"},{"floor":6,"key":"Fire Potion"},{"floor":12,"key":"Energy Potion"},{"floor":20,"key":"Block Potion"},{"floor":24,"key":"Swift Potion"},{"floor":27,"key":"BloodPotion"},{"floor":33,"key":"Dexterity Potion"},{"floor":34,"key":"Energy Potion"},{"floor":36,"key":"Strength Potion"},{"floor":45,"key":"Weak Potion"}],"is_trial":false,"path_per_floor":["M","?","M","M","M","E","R","E","T","R","$","M","?","?","R","B",null,"M","M","M","$","?","R","M","R","T","E","M","?","?","E","R","B",null,"M","M","$","?","?","E","$","E","T","?","M","R","T","M","R","B",null],"character_chosen":"IRONCLAD","items_purchased":["Shockwave+1","Sword Boomerang","PreservedInsect","Flame Barrier+1","Inflame","Pen Nib","Shrug It Off+1"],"campfire_rested":4,"item_purchase_floors":[11,11,21,21,21,37,37],"current_hp_per_floor":[80,80,80,80,62,36,36,12,12,36,36,29,26,26,50,54,80,69,55,50,50,50,50,53,53,53,53,57,57,57,72,72,27,85,85,85,85,85,85,58,58,24,24,24,12,37,37,40,65,85],"gold":163,"neow_bonus":"THREE_ENEMY_KILL","is_prod":false,"is_daily":false,"chose_seed":false,"campfire_upgraded":4,"win_rate":0,"timestamp":1542329789,"path_taken":["M","?","M","M","M","E","R","E","T","R","$","M","?","?","R","BOSS","M","M","M","$","?","R","M","R","T","E","M","?","?","E","R","BOSS","M","M","$","?","?","E","$","E","T","?","M","R","?","M","R","BOSS"],"build_version":"2018-11-08","purchased_purges":1,"victory":true,"max_hp_per_floor":[80,80,80,80,80,80,80,80,80,80,80,80,80,80,80,80,80,80,80,80,80,80,80,80,80,80,80,80,80,80,80,80,80,85,85,85,85,85,85,85,85,85,85,85,85,85,85,85,85,85],"card_choices":[{"not_picked":["Feel No Pain","Havoc"],"picked":"Pommel Strike","floor":1},{"not_picked":["Feel No Pain","Cleave"],"picked":"Shrug It Off","floor":3},{"not_picked":["True Grit","Metallicize"],"picked":"Thunderclap","floor":4},{"not_picked":["Headbutt","Thunderclap"],"picked":"Perfected Strike","floor":5},{"not_picked":["Flex","Double Tap"],"picked":"Reaper","floor":6},{"not_picked":["Entrench","Metallicize"],"picked":"Rampage","floor":8},{"not_picked":["Dropkick","Wild Strike"],"picked":"Pommel Strike","floor":10},{"not_picked":["Thunderclap","Anger"],"picked":"Disarm+1","floor":12},{"not_picked":["Juggernaut","Berserk"],"picked":"Offering+1","floor":16},{"not_picked":["Anger","Armaments+1"],"picked":"Warcry+1","floor":18},{"not_picked":["Anger","Havoc+1"],"picked":"Whirlwind+1","floor":19},{"not_picked":["Body Slam","True Grit+1"],"picked":"Warcry+1","floor":20},{"not_picked":["Flex+1","Cleave","Clash+1"],"picked":"SKIP","floor":24},{"not_picked":["Flex+1","Carnage","Searing Blow"],"picked":"SKIP","floor":27},{"not_picked":["Dual Wield+1","Sentinel+1"],"picked":"Perfected Strike","floor":28},{"not_picked":["Rampage","Double Tap+1"],"picked":"True Grit+1","floor":31},{"not_picked":["Offering+1","Double Tap+1"],"picked":"Limit Break+1","floor":33},{"not_picked":["Dropkick+1","Rage+1"],"picked":"Clothesline","floor":35},{"not_picked":["Clash","Bludgeon","Blood for Blood+1"],"picked":"SKIP","floor":36},{"not_picked":["Panacea+1","Purity+1"],"picked":"Finesse+1","floor":38},{"not_picked":["Fire Breathing+1","Shrug It Off+1","Hemokinesis"],"picked":"SKIP","floor":40},{"not_picked":["Clothesline","Body Slam+1","Armaments+1","Heavy Blade+1"],"picked":"SKIP","floor":42},{"not_picked":["Armaments+1","True Grit+1","Sever Soul"],"picked":"Perfected Strike+1","floor":45},{"not_picked":["Intimidate+1","Immolate","Clothesline+1"],"picked":"Sentinel+1","floor":46},{"not_picked":["Sentinel+1","Intimidate+1","Sword Boomerang"],"picked":"Headbutt","floor":48}],"player_experience":143728,"relics_obtained":[{"floor":6,"key":"Dream Catcher"},{"floor":8,"key":"Centennial Puzzle"},{"floor":9,"key":"Toxic Egg 2"},{"floor":26,"key":"Mercury Hourglass"},{"floor":26,"key":"Bronze Scales"},{"floor":27,"key":"Bag of Preparation"},{"floor":31,"key":"Lantern"},{"floor":40,"key":"Question Card"},{"floor":42,"key":"Tiny Chest"},{"floor":43,"key":"Potion Belt"},{"floor":43,"key":"Bottled Lightning"},{"floor":47,"key":"Shuriken"}],"event_choices":[{"damage_healed":0,"gold_gain":0,"player_choice":"Leave","damage_taken":0,"max_hp_gain":0,"max_hp_loss":0,"event_name":"The Cleric","floor":2,"gold_loss":0},{"damage_healed":0,"gold_gain":0,"player_choice":"Success","damage_taken":3,"relics_obtained":["Matryoshka"],"max_hp_gain":0,"max_hp_loss":0,"event_name":"Scrap Ooze","floor":13,"gold_loss":0},{"damage_healed":0,"gold_gain":0,"player_choice":"Cursed","damage_taken":0,"max_hp_gain":0,"max_hp_loss":0,"event_name":"Wheel of Change","floor":14,"gold_loss":0,"cards_obtained":["Decay"]},{"damage_healed":0,"gold_gain":0,"player_choice":"Read","damage_taken":0,"max_hp_gain":0,"max_hp_loss":0,"event_name":"The Library","floor":22,"gold_loss":0,"cards_obtained":["Inflame"]},{"damage_healed":0,"gold_gain":0,"player_choice":"Obtain J.A.X.","damage_taken":0,"max_hp_gain":0,"max_hp_loss":0,"event_name":"Drug Dealer","floor":29,"gold_loss":0,"cards_obtained":["J.A.X."]},{"damage_healed":0,"gold_gain":0,"player_choice":"Ignored","damage_taken":0,"max_hp_gain":0,"max_hp_loss":0,"event_name":"The Mausoleum","floor":30,"gold_loss":0},{"damage_healed":0,"gold_gain":0,"player_choice":"Memory 1","damage_taken":0,"max_hp_gain":0,"max_hp_loss":0,"event_name":"SensoryStone","floor":38,"gold_loss":0},{"cards_removed":["Perfected Strike"],"damage_healed":0,"gold_gain":0,"player_choice":"Removed Attack","damage_taken":0,"max_hp_gain":0,"max_hp_loss":0,"event_name":"Falling","floor":39,"gold_loss":0},{"damage_healed":0,"gold_gain":0,"player_choice":"Ignored","damage_taken":0,"max_hp_gain":0,"max_hp_loss":0,"event_name":"Mysterious Sphere","floor":44,"gold_loss":0}],"is_beta":false,"boss_relics":[{"not_picked":["Empty Cage","Pandora\u0027s Box"],"picked":"Snecko Eye"},{"not_picked":["Mark of Pain","Coffee Dripper"],"picked":"Tiny House"}],"items_purged_floors":[37],"is_endless":false,"potions_floor_spawned":[3,5,6,12,20,24,27,33,36,45],"ascension_level":3}