{"gold_per_floor":[111,127,52,52,63,91,103,134,146,175,187,215,227,239,251,361,423,403,162,162,173,191,191,210,8,8,8,8,0,0,32,32,32],"floor_reached":33,"playtime":1332,"items_purged":["Defend_R","Strike_R","Strike_R"],"score":265,"play_id":"8571d094-bcfa-4d09-85e8-a5e563c447b3","local_time":"20190310223912","is_ascension_mode":false,"campfire_choices":[{"data":"True Grit","floor":7.0,"key":"SMITH"},{"data":"Bash","floor":11.0,"key":"SMITH"},{"data":"Dropkick","floor":15.0,"key":"SMITH"},{"floor":23.0,"key":"REST"},{"floor":28.0,"key":"REST"},{"floor":30.0,"key":"REST"},{"floor":32.0,"key":"REST"}],"neow_cost":"NONE","seed_source_timestamp":716111040724114,"circlet_count":0,"master_deck":["Strike_R","Strike_R","Strike_R+1","Defend_R","Defend_R","Defend_R","Bash+1","Shrug It Off","True Grit+1","Dropkick+1","Decay"],"special_seed":0,"relics":["Burning Blood","MawBank","Ginger","Tiny House","Anchor","Nloth\u0027s Gift","Ornamental Fan","Molten Egg 2"],"potions_floor_usage":[],"damage_taken":[{"damage":0.0,"enemies":"Small Slimes","floor":1.0,"turns":3.0},{"damage":5.0,"enemies":"Cultist","floor":2.0,"turns":4.0},{"damage":6.0,"enemies":"Jaw Worm","floor":5.0,"turns":4.0},{"damage":39.0,"enemies":"3 Sentries","floor":6.0,"turns":15.0},{"damage":6.0,"enemies":"3 Louse","floor":8.0,"turns":5.0},{"damage":2.0,"enemies":"Blue Slaver","floor":10.0,"turns":5.0},{"damage":16.0,"enemies":"Gremlin Gang","floor":12.0,"turns":5.0},{"damage":46.0,"enemies":"Slime Boss","floor":16.0,"turns":13.0},{"damage":39.0,"enemies":"2 Thieves","floor":18.0,"turns":5.0},{"damage":30.0,"enemies":"Shell Parasite","floor":21.0,"turns":10.0},{"damage":24.0,"enemies":"Snake Plant","floor":22.0,"turns":5.0},{"damage":31.0,"enemies":"Chosen and Byrds","floor":24.0,"turns":8.0},{"damage":42.0,"enemies":"Book of Stabbing","floor":31.0,"turns":6.0},{"damage":93,"enemies":"Champ","floor":33,"turns":15}],"seed_played":"4482474664576445838","potions_obtained":[{"floor":6.0,"key":"Energy Potion"},{"floor":8.0,"key":"Energy Potion"},{"floor":16.0,"key":"Swift Potion"},{"floor":17.0,"key":"LiquidBronze"}],"is_trial":false,"path_per_floor":["M","M","$","?","M","E","R","M","T","M","R","M","?","?","R","B",null,"M","$","?","M","M","R","M","$","T","?","R","?","R","E","R","B"],"character_chosen":"IRONCLAD","items_purchased":["Anchor","BloodPotion"],"campfire_rested":4,"item_purchase_floors":[19,25],"current_hp_per_floor":[88,88,88,88,88,55,55,55,55,59,59,49,42,71,71,31,93,60,60,60,36,18,45,20,20,20,20,47,47,74,47,74,0],"gold":32,"neow_bonus":"TEN_PERCENT_HP_BONUS","is_prod":false,"is_daily":false,"chose_seed":false,"campfire_upgraded":3,"win_rate":0,"timestamp":1552271952,"path_taken":["M","M","$","?","M","E","R","?","T","M","R","M","?","?","R","BOSS","M","$","?","M","?","R","M","$","T","?","R","?","R","E","R","BOSS"],"build_version":"2019-01-23","purchased_purges":3,"victory":false,"max_hp_per_floor":[88,88,88,88,88,88,88,88,88,88,88,88,88,88,88,88,93,93,93,93,93,93,93,93,93,93,93,93,93,93,93,93,93],"card_choices":[{"not_picked":["Havoc","Pommel Strike"],"picked":"Shrug It Off","floor":1.0},{"not_picked":["Corruption","True Grit","Dual Wield"],"picked":"SKIP","floor":2.0},{"not_picked":["Corruption","Dual Wield"],"picked":"True Grit","floor":2.0},{"not_picked":["Combust","Thunderclap"],"picked":"Dropkick","floor":5.0},{"not_picked":["Warcry","Sever Soul","Anger"],"picked":"SKIP","floor":6.0},{"not_picked":["Seeing Red","Anger","Sword Boomerang"],"picked":"SKIP","floor":8.0},{"not_picked":["Warcry","Battle Trance","Limit Break"],"picked":"SKIP","floor":10.0},{"not_picked":["Hemokinesis","Dual Wield","Perfected Strike"],"picked":"SKIP","floor":12.0},{"not_picked":["Warcry","Pummel","Flex"],"picked":"SKIP","floor":18.0},{"not_picked":["Heavy Blade","Power Through","Bloodletting"],"picked":"SKIP","floor":21.0},{"not_picked":["Ghostly Armor+1","Armaments","Barricade"],"picked":"SKIP","floor":22.0},{"not_picked":["Warcry+1","Fire Breathing","Havoc"],"picked":"SKIP","floor":24.0},{"not_picked":["Berserk","Pummel+1","Blood for Blood"],"picked":"SKIP","floor":31.0}],"player_experience":467957,"relics_obtained":[{"floor":6.0,"key":"MawBank"},{"floor":9.0,"key":"Frozen Egg 2"},{"floor":26.0,"key":"Ornamental Fan"},{"floor":31.0,"key":"Molten Egg 2"}],"event_choices":[{"damage_healed":0.0,"max_hp_gain":0.0,"max_hp_loss":0.0,"gold_gain":0.0,"event_name":"Match and Keep!","player_choice":"0 cards matched","floor":4.0,"gold_loss":0.0,"damage_taken":0.0,"cards_obtained":[]},{"damage_healed":0.0,"max_hp_gain":0.0,"max_hp_loss":0.0,"gold_gain":0.0,"event_name":"Scrap Ooze","player_choice":"Success","floor":13.0,"gold_loss":0.0,"damage_taken":7.0,"relics_obtained":["Ginger"]},{"damage_healed":29.0,"max_hp_gain":0.0,"max_hp_loss":0.0,"gold_gain":0.0,"event_name":"Big Fish","player_choice":"Banana","floor":14.0,"gold_loss":0.0,"damage_taken":0.0},{"damage_healed":0.0,"max_hp_gain":0.0,"max_hp_loss":0.0,"gold_gain":0.0,"event_name":"N\u0027loth","player_choice":"Traded Relic","floor":20.0,"relics_lost":["Frozen Egg 2"],"gold_loss":0.0,"damage_taken":0.0,"relics_obtained":["Nloth\u0027s Gift"]},{"damage_healed":0.0,"max_hp_gain":0.0,"max_hp_loss":0.0,"gold_gain":0.0,"event_name":"Forgotten Altar","player_choice":"Smashed Altar","floor":27.0,"gold_loss":0.0,"damage_taken":0.0,"cards_obtained":["Decay"]},{"damage_healed":0.0,"max_hp_gain":0.0,"max_hp_loss":0.0,"gold_gain":0.0,"event_name":"Masked Bandits","player_choice":"Paid Fearfully","floor":29.0,"gold_loss":8.0,"damage_taken":0.0}],"is_beta":false,"boss_relics":[{"not_picked":["Orrery","Ectoplasm"],"picked":"Tiny House"}],"items_purged_floors":[3,19,25],"is_endless":false,"potions_floor_spawned":[6,8,16,18,21],"killed_by":"Champ","ascension_level":0}