{"gold_per_floor":[115,190,21,33,44,44,54,54,54,54,109,119,119,137,137,233],"floor_reached":16,"playtime":682,"items_purged":["Pain"],"score":192,"play_id":"794b50ce-5a31-4ba9-b24e-66f64d990ae6","local_time":"20190306192856","is_ascension_mode":false,"campfire_choices":[{"data":"Deadly Poison","floor":6,"key":"SMITH"},{"data":"Poisoned Stab","floor":8,"key":"SMITH"},{"data":"Crippling Poison","floor":10,"key":"SMITH"},{"data":"Noxious Fumes","floor":15,"key":"SMITH"}],"neow_cost":"NONE","seed_source_timestamp":363495205146329,"circlet_count":0,"master_deck":["Defend_G","Defend_G","Defend_G+1","Defend_G","Defend_G","Strike_G","Strike_G","Strike_G","Strike_G","Survivor+1","Neutralize","Parasite","Regret","Backflip","Poisoned Stab+1","Dagger Spray","Deadly Poison+1","Crippling Poison+1","Predator","Noxious Fumes+1","Storm of Steel"],"relics":["Calling Bell","Happy Flower","Mummified Hand","Incense Burner","Shuriken","War Paint"],"potions_floor_usage":[],"damage_taken":[{"damage":7,"enemies":"Jaw Worm","floor":1,"turns":7},{"damage":1,"enemies":"Cultist","floor":4,"turns":3},{"damage":0,"enemies":"2 Louse","floor":5,"turns":3},{"damage":6,"enemies":"Red Slaver","floor":7,"turns":3},{"damage":19,"enemies":"Lagavulin Event","floor":11,"turns":6},{"damage":3,"enemies":"Blue Slaver","floor":12,"turns":4},{"damage":0,"enemies":"Large Slime","floor":14,"turns":6},{"damage":5,"enemies":"The Guardian","floor":16,"turns":8}],"seed_played":"-818298536399175863","potions_obtained":[{"floor":12,"key":"GhostInAJar"},{"floor":16,"key":"Strength Potion"}],"is_trial":false,"path_per_floor":["M","?","$","M","M","R","M","R","T","R","?","M","?","M","R","B"],"character_chosen":"THE_SILENT","items_purchased":["Poisoned Stab","Dagger Spray"],"campfire_rested":0,"item_purchase_floors":[3,3],"current_hp_per_floor":[63,56,56,55,55,55,49,49,49,49,30,27,27,27,27,22],"gold":233,"neow_bonus":"BOSS_RELIC","is_prod":false,"is_daily":false,"chose_seed":false,"campfire_upgraded":4,"win_rate":0,"timestamp":1551918536,"path_taken":["M","?","$","M","?","R","M","R","T","R","?","M","?","M","R","BOSS"],"build_version":"2019-01-23","purchased_purges":1,"victory":false,"max_hp_per_floor":[70,70,70,70,70,70,70,70,70,70,70,70,70,70,70,70],"card_choices":[{"not_picked":["Blade Dance","Cloak And Dagger"],"picked":"Backflip","floor":1},{"not_picked":["Backflip","Blade Dance","Tactician"],"picked":"SKIP","floor":4},{"not_picked":["Grand Finale","Flying Knee"],"picked":"Deadly Poison","floor":5},{"not_picked":["Quick Slash","Eviscerate"],"picked":"Crippling Poison","floor":7},{"not_picked":["Expertise","Bouncing Flask"],"picked":"Predator","floor":11},{"not_picked":["Slice","Acrobatics"],"picked":"Noxious Fumes","floor":12},{"not_picked":["Tactician","Outmaneuver","Dagger Throw"],"picked":"SKIP","floor":14}],"player_experience":459666,"relics_obtained":[{"floor":0,"key":"Happy Flower"},{"floor":0,"key":"Mummified Hand"},{"floor":0,"key":"Incense Burner"},{"floor":9,"key":"Shuriken"},{"floor":11,"key":"War Paint"}],"event_choices":[{"damage_healed":0,"gold_gain":75,"player_choice":"Touch","damage_taken":7,"max_hp_gain":0,"max_hp_loss":0,"event_name":"FaceTrader","floor":2,"gold_loss":0},{"damage_healed":0,"gold_gain":30,"player_choice":"Searched \u00272\u0027 times","damage_taken":0,"max_hp_gain":0,"max_hp_loss":0,"event_name":"Dead Adventurer","floor":11,"gold_loss":0},{"damage_healed":0,"gold_gain":0,"cards_transformed":["Strike_G"],"player_choice":"Transformed","damage_taken":0,"max_hp_gain":0,"max_hp_loss":0,"event_name":"Transmorgrifier","floor":13,"gold_loss":0,"cards_obtained":["Storm of Steel"]}],"is_beta":false,"boss_relics":[],"items_purged_floors":[3],"is_endless":false,"potions_floor_spawned":[12,16],"killed_by":"The Guardian","ascension_level":0}