{"gold_per_floor":[116,135,66,85,100,127,127,127,127,138,152,152,118,132,132,233,233,245,265,265,15,15,15],"floor_reached":23,"playtime":1289,"items_purged":[],"score":243,"play_id":"1ac1c83d-3a76-422c-9f99-fa91b2841c81","local_time":"20190517125529","is_ascension_mode":false,"campfire_choices":[{"floor":7,"key":"REST"},{"floor":15,"key":"REST"}],"neow_cost":"NONE","seed_source_timestamp":44491155328400,"circlet_count":0,"master_deck":["Strike_B","Strike_B","Strike_B","Strike_B","Defend_B","Defend_B","Defend_B","Defend_B","Zap","Dualcast","Rip and Tear","Auto Shields","Lockon","Sweeping Beam","Glacier","Buffer+1","Barrage+1","All For One+1","Rip and Tear+1","Barrage+1","Multi-Cast","White Noise","Barrage+1","RitualDagger+1","Doom and Gloom+1","Apotheosis"],"relics":["Cracked Core","Molten Egg 2","Mercury Hourglass","Busted Crown"],"potions_floor_usage":[],"damage_taken":[{"damage":1,"enemies":"Cultist","floor":1,"turns":3},{"damage":5,"enemies":"Small Slimes","floor":2,"turns":3},{"damage":2,"enemies":"2 Louse","floor":4,"turns":2},{"damage":28,"enemies":"Exordium Wildlife","floor":5,"turns":4},{"damage":16,"enemies":"3 Sentries","floor":6,"turns":9},{"damage":11,"enemies":"3 Louse","floor":10,"turns":3},{"damage":8,"enemies":"Blue Slaver","floor":11,"turns":3},{"damage":0,"enemies":"Exordium Wildlife","floor":14,"turns":2},{"damage":0,"enemies":"Slime Boss","floor":16,"turns":9},{"damage":0,"enemies":"Spheric Guardian","floor":18,"turns":3},{"damage":26,"enemies":"3 Byrds","floor":19,"turns":3},{"damage":39,"enemies":"Slavers","floor":23,"turns":3}],"seed_played":"-4921060232772758312","potions_obtained":[{"floor":1,"key":"Dexterity Potion"},{"floor":6,"key":"Explosive Potion"},{"floor":10,"key":"LiquidBronze"},{"floor":16,"key":"GamblersBrew"}],"is_trial":false,"path_per_floor":["M","M","$","M","M","E","R","$","T","M","M","?","$","M","R","B",null,"M","M","?","$","?","E"],"character_chosen":"DEFECT","items_purchased":["Lockon","Rip and Tear+1","Doom and Gloom+1","Apotheosis"],"campfire_rested":2,"item_purchase_floors":[3,13,21,21],"current_hp_per_floor":[81,76,76,74,46,30,54,54,54,43,35,35,35,35,59,59,82,82,56,50,50,34,0],"gold":15,"neow_bonus":"TEN_PERCENT_HP_BONUS","is_prod":false,"is_daily":false,"chose_seed":false,"campfire_upgraded":0,"win_rate":0.0,"timestamp":1558112129,"path_taken":["M","M","$","M","M","E","R","?","T","M","M","?","$","M","R","BOSS","M","?","?","$","?","E"],"build_version":"2019-01-23","purchased_purges":0,"victory":false,"max_hp_per_floor":[82,82,82,82,82,82,82,82,82,82,82,82,82,82,82,82,82,82,82,82,82,87,87],"card_choices":[{"not_picked":["Consume","Barrage"],"picked":"Rip and Tear","floor":1},{"not_picked":["Chill","Redo"],"picked":"Auto Shields","floor":2},{"not_picked":["Redo","Hologram"],"picked":"Sweeping Beam","floor":4},{"not_picked":["Heatsinks","Chaos"],"picked":"Glacier","floor":5},{"not_picked":["Cold Snap","Leap"],"picked":"Buffer","floor":6},{"not_picked":["FTL+1","Redo"],"picked":"Barrage+1","floor":10},{"not_picked":["Cold Snap+1","Hello World"],"picked":"All For One+1","floor":11},{"not_picked":["Aggregate","Steam Power"],"picked":"Barrage+1","floor":14},{"not_picked":["Seek","Amplify"],"picked":"Multi-Cast","floor":16},{"not_picked":[],"picked":"White Noise","floor":18},{"not_picked":[],"picked":"Barrage+1","floor":19}],"player_experience":4152,"relics_obtained":[{"floor":6,"key":"Molten Egg 2"},{"floor":9,"key":"Mercury Hourglass"}],"event_choices":[{"damage_healed":0,"gold_gain":0,"player_choice":"Forge","damage_taken":0,"max_hp_gain":0,"max_hp_loss":0,"event_name":"Accursed Blacksmith","floor":12,"gold_loss":0,"cards_upgraded":["Buffer"]},{"damage_healed":0,"gold_gain":0,"player_choice":"Joined the Cult","damage_taken":6,"max_hp_gain":0,"max_hp_loss":0,"event_name":"Nest","floor":20,"gold_loss":0,"cards_obtained":["RitualDagger"]},{"damage_healed":0,"gold_gain":0,"player_choice":"Shed Blood","damage_taken":21,"max_hp_gain":5,"max_hp_loss":0,"event_name":"Forgotten Altar","floor":22,"gold_loss":0}],"is_beta":false,"boss_relics":[{"not_picked":["Snecko Eye","Coffee Dripper"],"picked":"Busted Crown"}],"items_purged_floors":[],"is_endless":false,"potions_floor_spawned":[1,6,10,16],"killed_by":"Slavers","ascension_level":0}