{"gold_per_floor":[110,120,134,147,9,41,41,68,115,132,132,165,227,227,227,227],"floor_reached":16,"playtime":614,"items_purged":[],"score":228,"play_id":"8e903ed6-acc2-4c9b-9682-83239a28cd57","local_time":"20190116070608","is_ascension_mode":true,"campfire_choices":[{"data":"Inflame","floor":7,"key":"SMITH"},{"floor":11,"key":"REST"},{"data":"Armaments","floor":15,"key":"SMITH"}],"neow_cost":"NONE","seed_source_timestamp":467710421926520,"circlet_count":0,"master_deck":["AscendersBane","Strike_R","Strike_R","Strike_R","Strike_R","Strike_R","Defend_R","Defend_R","Defend_R","Defend_R","Bash+1","Sword Boomerang","Anger","Hemokinesis","Inflame+1","Armaments+1","Ghostly Armor","Shrug It Off"],"relics":["Burning Blood","Kunai","Question Card","Orichalcum","Anchor"],"potions_floor_usage":[6,8,16],"damage_taken":[{"damage":5,"enemies":"2 Louse","floor":1,"turns":4},{"damage":9,"enemies":"Jaw Worm","floor":2,"turns":4},{"damage":5,"enemies":"Small Slimes","floor":3,"turns":3},{"damage":14,"enemies":"Blue Slaver","floor":4,"turns":5},{"damage":23,"enemies":"Lagavulin","floor":6,"turns":6},{"damage":36,"enemies":"3 Sentries","floor":8,"turns":9},{"damage":12,"enemies":"Red Slaver","floor":10,"turns":3},{"damage":23,"enemies":"Gremlin Nob","floor":12,"turns":4},{"damage":26,"enemies":"Slime Boss","floor":16,"turns":4}],"seed_played":"1991341821515848250","potions_obtained":[{"floor":1,"key":"Block Potion"},{"floor":2,"key":"Ancient Potion"},{"floor":10,"key":"Poison Potion"}],"is_trial":false,"path_per_floor":["M","M","M","M","$","E","R","E","T","M","R","E","?","?","R","B"],"character_chosen":"IRONCLAD","items_purchased":["Inflame","PowerPotion"],"campfire_rested":1,"item_purchase_floors":[5,5],"current_hp_per_floor":[76,73,74,66,66,49,49,19,19,13,37,20,20,20,20,0],"gold":227,"neow_bonus":"TEN_PERCENT_HP_BONUS","is_prod":false,"is_daily":false,"chose_seed":false,"campfire_upgraded":2,"win_rate":0,"timestamp":1547640368,"path_taken":["M","M","M","M","$","E","R","E","T","M","R","E","?","?","R","BOSS"],"build_version":"2019-01-10","purchased_purges":0,"victory":false,"max_hp_per_floor":[82,82,82,82,82,82,82,82,82,82,82,82,82,82,82,82],"card_choices":[{"not_picked":["Second Wind","Power Through"],"picked":"Sword Boomerang","floor":1},{"not_picked":["Pommel Strike","Wild Strike"],"picked":"Anger","floor":2},{"not_picked":["Evolve","Clash","Bloodletting"],"picked":"SKIP","floor":3},{"not_picked":["Evolve","Wild Strike"],"picked":"Hemokinesis","floor":4},{"not_picked":["Headbutt","Thunderclap","Entrench"],"picked":"SKIP","floor":6},{"not_picked":["Perfected Strike","Sword Boomerang"],"picked":"Armaments","floor":8},{"not_picked":["Headbutt","Second Wind","Perfected Strike"],"picked":"Ghostly Armor","floor":10},{"not_picked":["Evolve","Wild Strike","Clash"],"picked":"Shrug It Off","floor":12}],"player_experience":391867,"relics_obtained":[{"floor":6,"key":"Kunai"},{"floor":8,"key":"Question Card"},{"floor":9,"key":"Orichalcum"},{"floor":12,"key":"Anchor"}],"event_choices":[{"damage_healed":0,"gold_gain":62,"player_choice":"Gained Gold","damage_taken":0,"max_hp_gain":0,"max_hp_loss":0,"event_name":"Golden Wing","floor":13,"gold_loss":0},{"damage_healed":0,"gold_gain":0,"player_choice":"Grow","damage_taken":0,"max_hp_gain":0,"max_hp_loss":0,"event_name":"Living Wall","floor":14,"gold_loss":0,"cards_upgraded":["Bash"]}],"is_beta":false,"boss_relics":[],"items_purged_floors":[],"is_endless":false,"potions_floor_spawned":[1,2,10],"killed_by":"Slime Boss","ascension_level":18}