{"gold_per_floor":[110,125,136,136,211,211,252,252,298,263,263,298,312,347,347,472,472,490,513,218,242,132,175,175,216,216,216,235,251,251,286,286,414,414,428,448,448,469,469,469],"floor_reached":40,"playtime":1774,"items_purged":[],"score":510,"play_id":"7336f72f-05ff-4f92-ab73-4656a87aafc5","local_time":"20181114041612","is_ascension_mode":true,"campfire_choices":[{"data":"Uppercut","floor":6,"key":"SMITH"},{"floor":8,"key":"REST"},{"data":"Bash","floor":11,"key":"SMITH"},{"data":"Disarm","floor":15,"key":"SMITH"},{"floor":24,"key":"REST"},{"data":"Whirlwind","floor":27,"key":"SMITH"},{"data":"Metallicize","floor":32,"key":"SMITH"}],"neow_cost":"TEN_PERCENT_HP_LOSS","seed_source_timestamp":83790010389611,"circlet_count":0,"master_deck":["Strike_R","Strike_R","Strike_R","Strike_R","Strike_R","Defend_R","Defend_R+1","Defend_R+1","Defend_R","Bash+1","Headbutt","Carnage","Uppercut+1","Bludgeon","Disarm+1","Iron Wave","Exhume","Anger","Metallicize+1","Clothesline","Whirlwind+1","Feel No Pain","Twin Strike","Shrug It Off+1","Shrug It Off+1","Metallicize+1","Fiend Fire"],"relics":["Burning Blood","StoneCalendar","Golden Idol","PreservedInsect","Regal Pillow","War Paint","Juzu Bracelet","Sozu","Bottled Tornado","Incense Burner","Happy Flower","Oddly Smooth Stone","Frozen Egg 2","Busted Crown","Dodecahedron"],"potions_floor_usage":[7,23,23],"damage_taken":[{"damage":15,"enemies":"Small Slimes","floor":1,"turns":4},{"damage":0,"enemies":"2 Louse","floor":2,"turns":2},{"damage":9,"enemies":"Jaw Worm","floor":3,"turns":3},{"damage":26,"enemies":"3 Sentries","floor":7,"turns":7},{"damage":18,"enemies":"Lagavulin","floor":12,"turns":3},{"damage":12,"enemies":"Large Slime","floor":13,"turns":4},{"damage":1,"enemies":"Gremlin Nob","floor":14,"turns":3},{"damage":7,"enemies":"Hexaghost","floor":16,"turns":8},{"damage":3,"enemies":"Spheric Guardian","floor":18,"turns":3},{"damage":14,"enemies":"2 Thieves","floor":19,"turns":3},{"damage":9,"enemies":"Cultist and Chosen","floor":21,"turns":6},{"damage":34,"enemies":"Slavers","floor":23,"turns":6},{"damage":14,"enemies":"Gremlin Leader","floor":25,"turns":4},{"damage":5,"enemies":"Centurion and Healer","floor":28,"turns":4},{"damage":12,"enemies":"Snake Plant","floor":29,"turns":4},{"damage":7,"enemies":"Book of Stabbing","floor":31,"turns":5},{"damage":21,"enemies":"Collector","floor":33,"turns":11},{"damage":22,"enemies":"3 Darklings","floor":35,"turns":4},{"damage":12,"enemies":"Orb Walker","floor":36,"turns":4},{"damage":8,"enemies":"Maw","floor":38,"turns":8},{"damage":53,"enemies":"Time Eater","floor":40,"turns":7}],"seed_played":"-7855555939469927650","potions_obtained":[{"floor":3,"key":"Poison Potion"},{"floor":7,"key":"EssenceOfSteel"},{"floor":13,"key":"GamblersBrew"}],"is_trial":false,"path_per_floor":["M","M","M","?","?","R","E","R","T","?","R","E","M","E","R","B",null,"M","M","$","M","$","E","R","E","T","R","M","M","?","E","R","B",null,"M","M","T","M","?","B"],"character_chosen":"IRONCLAD","items_purchased":["Bottled Tornado","Clothesline","Whirlwind","Feel No Pain"],"campfire_rested":2,"item_purchase_floors":[20,20,22,22],"current_hp_per_floor":[63,69,66,48,37,37,17,38,38,56,56,44,38,43,43,42,72,72,64,64,61,61,33,69,61,61,61,62,56,56,55,55,40,72,56,50,50,48,48,0],"gold":469,"neow_bonus":"ONE_RARE_RELIC","is_prod":false,"is_daily":false,"chose_seed":false,"campfire_upgraded":5,"win_rate":0,"timestamp":1542186972,"path_taken":["M","M","M","?","?","R","E","R","T","?","R","E","?","E","R","BOSS","M","M","$","M","$","E","R","E","T","R","M","M","?","E","R","BOSS","M","M","?","M","?","BOSS"],"build_version":"2018-11-08","purchased_purges":0,"victory":false,"max_hp_per_floor":[72,72,72,72,72,72,72,72,72,72,72,72,72,72,72,72,72,72,72,72,72,72,72,72,72,72,72,72,72,72,72,72,72,72,72,72,72,72,72,72],"card_choices":[{"not_picked":["Intimidate","Clash"],"picked":"Headbutt","floor":1},{"not_picked":["Shrug It Off","Headbutt"],"picked":"Carnage","floor":2},{"not_picked":["Shrug It Off","Iron Wave"],"picked":"Uppercut","floor":3},{"not_picked":["Dual Wield","Havoc"],"picked":"Bludgeon","floor":7},{"not_picked":["Armaments","Flex"],"picked":"Disarm","floor":12},{"not_picked":["Flex","True Grit"],"picked":"Iron Wave","floor":13},{"not_picked":["Hemokinesis","Wild Strike","Body Slam"],"picked":"SKIP","floor":14},{"not_picked":["Bludgeon","Barricade"],"picked":"Exhume","floor":16},{"not_picked":["Searing Blow","Pummel"],"picked":"Anger","floor":18},{"not_picked":["Clash","Thunderclap"],"picked":"Metallicize","floor":19},{"not_picked":["Clothesline+1","Clash+1","Rupture"],"picked":"SKIP","floor":21},{"not_picked":["Intimidate","Evolve"],"picked":"Twin Strike","floor":23},{"not_picked":["Pommel Strike","Second Wind"],"picked":"Shrug It Off+1","floor":25},{"not_picked":["Hemokinesis","Heavy Blade"],"picked":"Shrug It Off+1","floor":28},{"not_picked":["Pommel Strike","Headbutt","Rupture"],"picked":"SKIP","floor":29},{"not_picked":["Whirlwind","Sword Boomerang"],"picked":"Metallicize+1","floor":31},{"not_picked":["Bludgeon","Reaper"],"picked":"Fiend Fire","floor":33},{"not_picked":["Clash+1"],"picked":"SKIP","floor":35},{"not_picked":["Sentinel"],"picked":"SKIP","floor":36},{"not_picked":["Warcry"],"picked":"SKIP","floor":38}],"player_experience":136267,"relics_obtained":[{"floor":7,"key":"PreservedInsect"},{"floor":9,"key":"Regal Pillow"},{"floor":12,"key":"War Paint"},{"floor":14,"key":"Juzu Bracelet"},{"floor":23,"key":"Incense Burner"},{"floor":25,"key":"Happy Flower"},{"floor":26,"key":"Oddly Smooth Stone"},{"floor":31,"key":"Frozen Egg 2"},{"floor":37,"key":"Dodecahedron"}],"event_choices":[{"damage_healed":0,"gold_gain":0,"player_choice":"Take Damage","damage_taken":18,"relics_obtained":["Golden Idol"],"max_hp_gain":0,"max_hp_loss":0,"event_name":"Golden Idol","floor":4,"gold_loss":0},{"damage_healed":0,"gold_gain":75,"player_choice":"Gather Gold","damage_taken":11,"max_hp_gain":0,"max_hp_loss":0,"event_name":"World of Goop","floor":5,"gold_loss":0},{"damage_healed":18,"gold_gain":0,"player_choice":"Healed","damage_taken":0,"max_hp_gain":0,"max_hp_loss":0,"event_name":"The Cleric","floor":10,"gold_loss":35},{"damage_healed":0,"gold_gain":0,"player_choice":"Ignored","damage_taken":0,"max_hp_gain":0,"max_hp_loss":0,"event_name":"N\u0027loth","floor":30,"gold_loss":0},{"damage_healed":0,"gold_gain":0,"player_choice":"Took Portal","damage_taken":0,"max_hp_gain":0,"max_hp_loss":0,"event_name":"SecretPortal","floor":39,"gold_loss":0}],"is_beta":false,"boss_relics":[{"not_picked":["Ectoplasm","Runic Pyramid"],"picked":"Sozu"},{"not_picked":["Tiny House","White Beast Statue"],"picked":"Busted Crown"}],"items_purged_floors":[],"is_endless":false,"potions_floor_spawned":[3,7,13,19,23,28,31,35,38],"killed_by":"Time Eater","ascension_level":2}