{"gold_per_floor":[118,118,43,53,67,92,92,126,149,41,57,92,92,112,112,183,183,183,183,26,26,26,26,26,26,26,26,26,26,26,26,26,26],"floor_reached":33,"playtime":1594,"items_purged":[],"score":570,"play_id":"203ff085-af25-4194-a971-31668af4c60e","local_time":"20190513161553","is_ascension_mode":true,"campfire_choices":[{"floor":7,"key":"REST"},{"data":"True Grit","floor":13,"key":"SMITH"},{"data":"Spot Weakness","floor":15,"key":"SMITH"},{"data":"Shockwave","floor":23,"key":"SMITH"},{"floor":28,"key":"REST"},{"data":"True Grit","floor":32,"key":"SMITH"}],"neow_cost":"NONE","seed_source_timestamp":614871453720567,"circlet_count":0,"master_deck":["AscendersBane","Strike_R","Strike_R","Strike_R","Strike_R","Strike_R","Defend_R","Defend_R+1","Defend_R","Defend_R+1","Bash+1","Metallicize","Spot Weakness+1","Iron Wave","Shrug It Off","True Grit+1","Headbutt","Combust","Bludgeon","True Grit+1","Shockwave+1","Feel No Pain","Burning Pact","Feel No Pain"],"relics":["Burning Blood","Lantern","Bronze Scales","War Paint","Blue Candle","Ancient Tea Set","Ectoplasm","Bag of Preparation","Mercury Hourglass","Unceasing Top"],"potions_floor_usage":[8,31],"damage_taken":[{"damage":9,"enemies":"Jaw Worm","floor":1,"turns":4},{"damage":1,"enemies":"2 Louse","floor":4,"turns":4},{"damage":0,"enemies":"Cultist","floor":5,"turns":4},{"damage":38,"enemies":"Lagavulin","floor":6,"turns":8},{"damage":25,"enemies":"Gremlin Nob","floor":8,"turns":4},{"damage":10,"enemies":"Gremlin Gang","floor":11,"turns":6},{"damage":6,"enemies":"3 Sentries","floor":12,"turns":9},{"damage":0,"enemies":"3 Louse","floor":14,"turns":2},{"damage":23,"enemies":"The Guardian","floor":16,"turns":11},{"damage":13,"enemies":"Spheric Guardian","floor":18,"turns":4},{"damage":2,"enemies":"3 Byrds","floor":19,"turns":2},{"damage":8,"enemies":"Snecko","floor":22,"turns":5},{"damage":25,"enemies":"Colosseum Slavers","floor":24,"turns":5},{"damage":27,"enemies":"Book of Stabbing","floor":27,"turns":5},{"damage":9,"enemies":"Cultist and Chosen","floor":29,"turns":5},{"damage":16,"enemies":"Shelled Parasite and Fungi","floor":31,"turns":5},{"damage":31,"enemies":"Champ","floor":33,"turns":15}],"seed_played":"-5934734103129168659","potions_obtained":[{"floor":1,"key":"AttackPotion"},{"floor":12,"key":"Strength Potion"},{"floor":16,"key":"Swift Potion"}],"is_trial":false,"path_per_floor":["M","?","$","M","M","E","R","E","T","?","M","E","R","M","R","B",null,"M","M","$","?","M","R","?","$","T","E","R","M","T","M","R","B"],"character_chosen":"IRONCLAD","items_purchased":["Spot Weakness","Feel No Pain","Burning Pact"],"campfire_rested":2,"item_purchase_floors":[3,20,20],"current_hp_per_floor":[65,65,65,70,75,43,65,46,46,46,42,42,42,48,48,31,64,57,61,61,61,59,59,40,40,40,19,41,38,38,28,28,0],"gold":26,"neow_bonus":"UPGRADE_CARD","is_prod":false,"is_daily":false,"chose_seed":false,"campfire_upgraded":4,"win_rate":0,"timestamp":1557778553,"path_taken":["M","?","$","M","M","E","R","E","T","?","?","E","R","?","R","BOSS","M","M","$","?","M","R","?","?","T","E","R","?","?","M","R","BOSS"],"build_version":"2019-01-23","purchased_purges":0,"victory":false,"max_hp_per_floor":[75,75,75,75,75,75,75,75,75,75,75,75,75,75,75,75,75,75,75,75,75,75,75,75,75,75,75,75,75,75,75,75,75],"card_choices":[{"not_picked":["Rage","Thunderclap"],"picked":"Metallicize","floor":1},{"not_picked":["Armaments","True Grit"],"picked":"Iron Wave","floor":4},{"not_picked":["Wild Strike","Power Through"],"picked":"Shrug It Off","floor":5},{"not_picked":["Wild Strike","Metallicize"],"picked":"True Grit","floor":6},{"not_picked":["Barricade","Reckless Charge"],"picked":"Headbutt","floor":8},{"not_picked":["Infernal Blade","Wild Strike","Perfected Strike"],"picked":"SKIP","floor":11},{"not_picked":["Havoc","Warcry","Clash"],"picked":"SKIP","floor":12},{"not_picked":["Shrug It Off","Rampage"],"picked":"Combust","floor":14},{"not_picked":["Double Tap","Berserk"],"picked":"Bludgeon","floor":16},{"not_picked":["Flex","Blood for Blood"],"picked":"True Grit","floor":18},{"not_picked":["Pommel Strike","Wild Strike"],"picked":"Shockwave","floor":19},{"not_picked":["Thunderclap","Clothesline","Headbutt"],"picked":"SKIP","floor":22},{"not_picked":["Intimidate","Berserk","Armaments"],"picked":"SKIP","floor":27},{"not_picked":["Hemokinesis","Entrench","True Grit"],"picked":"SKIP","floor":29},{"not_picked":["Shrug It Off","Searing Blow"],"picked":"Feel No Pain","floor":31}],"player_experience":621909,"relics_obtained":[{"floor":6,"key":"Lantern"},{"floor":8,"key":"Bronze Scales"},{"floor":9,"key":"War Paint"},{"floor":12,"key":"Ancient Tea Set"},{"floor":26,"key":"Bag of Preparation"},{"floor":27,"key":"Mercury Hourglass"},{"floor":30,"key":"Unceasing Top"}],"event_choices":[{"damage_healed":0,"gold_gain":0,"player_choice":"Leave","damage_taken":0,"max_hp_gain":0,"max_hp_loss":0,"event_name":"The Cleric","floor":2,"gold_loss":0},{"damage_healed":0,"gold_gain":0,"player_choice":"Paid Gold","damage_taken":0,"relics_obtained":["Blue Candle"],"max_hp_gain":0,"max_hp_loss":0,"event_name":"WeMeetAgain","floor":10,"gold_loss":108},{"damage_healed":0,"gold_gain":0,"player_choice":"Ignored","damage_taken":0,"max_hp_gain":0,"max_hp_loss":0,"event_name":"Beggar","floor":21,"gold_loss":0},{"damage_healed":0,"gold_gain":0,"player_choice":"Fight","damage_taken":0,"max_hp_gain":0,"max_hp_loss":0,"event_name":"Colosseum","floor":24,"gold_loss":0},{"damage_healed":0,"gold_gain":0,"player_choice":"Fled From Nobs","damage_taken":0,"max_hp_gain":0,"max_hp_loss":0,"event_name":"Colosseum","floor":24,"gold_loss":0}],"is_beta":false,"boss_relics":[{"not_picked":["White Beast Statue","Orrery"],"picked":"Ectoplasm"}],"items_purged_floors":[],"is_endless":false,"potions_floor_spawned":[1,12,16,19,24,29],"killed_by":"Champ","ascension_level":20}