{"gold_per_floor":[112,131,145,160,180,210,210,210,235,235,268,72,87,98,98,193,193,205,215,68,68,68,68,95,95,121,121,135,160,172,184,184,289,289,307,325,71,71,471,504,504,531,531,577,577,596,614,614,614,614],"floor_reached":51,"playtime":4203,"items_purged":["Strike_R","Strike_R"],"score":899,"play_id":"1be7099e-b9e4-4f77-b9e2-59890db43df1","local_time":"20190428214421","is_ascension_mode":true,"campfire_choices":[{"data":"Metallicize","floor":7,"key":"SMITH"},{"floor":15,"key":"REST"},{"floor":23,"key":"REST"},{"data":"Apotheosis","floor":25,"key":"SMITH"},{"data":"Barricade","floor":27,"key":"SMITH"},{"floor":32,"key":"REST"},{"data":"Juggernaut","floor":41,"key":"SMITH"},{"floor":45,"key":"REST"},{"data":"Metallicize","floor":49,"key":"SMITH"}],"neow_cost":"NONE","seed_source_timestamp":1232908176165110,"circlet_count":0,"master_deck":["Strike_R+1","Strike_R+1","Defend_R","Defend_R","Defend_R","Defend_R","Bash","Iron Wave","Iron Wave","Metallicize+1","Metallicize+1","Shrug It Off","Apotheosis+1","Body Slam","Juggernaut+1","Barricade+1","Shrug It Off+1","Body Slam+1","Violence"],"relics":["White Beast Statue","Mercury Hourglass","Whetstone","Omamori","Cursed Key","Juzu Bracelet","Bronze Scales","Kunai","Velvet Choker","Regal Pillow","Old Coin","Boot","Oddly Smooth Stone","Frozen Egg 2","Calipers"],"potions_floor_usage":[2,3,4,6,6,13,16,16,16,18,24,28,29,31,33,33,33,39,39,40,44,44,50],"damage_taken":[{"damage":6,"enemies":"Jaw Worm","floor":1,"turns":4},{"damage":0,"enemies":"2 Louse","floor":2,"turns":2},{"damage":0,"enemies":"Small Slimes","floor":3,"turns":3},{"damage":9,"enemies":"Exordium Wildlife","floor":4,"turns":4},{"damage":0,"enemies":"Large Slime","floor":5,"turns":6},{"damage":33,"enemies":"Lagavulin","floor":6,"turns":9},{"damage":2,"enemies":"Gremlin Nob","floor":11,"turns":5},{"damage":0,"enemies":"Gremlin Gang","floor":13,"turns":2},{"damage":0,"enemies":"2 Fungi Beasts","floor":14,"turns":4},{"damage":22,"enemies":"The Guardian","floor":16,"turns":12},{"damage":23,"enemies":"2 Thieves","floor":18,"turns":4},{"damage":12,"enemies":"Spheric Guardian","floor":19,"turns":4},{"damage":8,"enemies":"Book of Stabbing","floor":24,"turns":6},{"damage":0,"enemies":"Snecko","floor":28,"turns":4},{"damage":10,"enemies":"Gremlin Leader","floor":29,"turns":5},{"damage":0,"enemies":"Centurion and Healer","floor":30,"turns":6},{"damage":24,"enemies":"Snake Plant","floor":31,"turns":4},{"damage":24,"enemies":"Collector","floor":33,"turns":10},{"damage":0,"enemies":"Orb Walker","floor":35,"turns":4},{"damage":0,"enemies":"3 Shapes","floor":36,"turns":6},{"damage":0,"enemies":"Mind Bloom Boss Battle","floor":39,"turns":5},{"damage":0,"enemies":"Nemesis","floor":40,"turns":8},{"damage":0,"enemies":"Giant Head","floor":42,"turns":6},{"damage":40,"enemies":"2 Orb Walkers","floor":44,"turns":6},{"damage":0,"enemies":"Transient","floor":46,"turns":5},{"damage":2,"enemies":"Sphere and 2 Shapes","floor":47,"turns":4},{"damage":0,"enemies":"Time Eater","floor":50,"turns":7}],"seed_played":"8128000739215669467","potions_obtained":[{"floor":1,"key":"Energy Potion"},{"floor":2,"key":"Fire Potion"},{"floor":3,"key":"Energy Potion"},{"floor":4,"key":"SkillPotion"},{"floor":5,"key":"Poison Potion"},{"floor":6,"key":"Explosive Potion"},{"floor":11,"key":"EssenceOfSteel"},{"floor":13,"key":"Regen Potion"},{"floor":14,"key":"Poison Potion"},{"floor":16,"key":"Weak Potion"},{"floor":18,"key":"Swift Potion"},{"floor":19,"key":"SkillPotion"},{"floor":24,"key":"Ancient Potion"},{"floor":28,"key":"Dexterity Potion"},{"floor":29,"key":"FearPotion"},{"floor":30,"key":"Dexterity Potion"},{"floor":31,"key":"SpeedPotion"},{"floor":33,"key":"SpeedPotion"},{"floor":35,"key":"Strength Potion"},{"floor":36,"key":"Swift Potion"},{"floor":39,"key":"SpeedPotion"},{"floor":40,"key":"AttackPotion"},{"floor":42,"key":"Dexterity Potion"},{"floor":44,"key":"Regen Potion"},{"floor":46,"key":"AttackPotion"},{"floor":47,"key":"Energy Potion"}],"is_trial":false,"path_per_floor":["M","M","M","M","M","E","R","?","T","?","E","$","M","M","R","B",null,"M","M","$","?","?","R","E","R","T","R","M","E","M","M","R","B",null,"M","M","$","?","?","E","R","E","T","?","R","M","M","?","R","B",null],"character_chosen":"IRONCLAD","items_purchased":["Apotheosis","Barricade","Regal Pillow"],"campfire_rested":4,"item_purchase_floors":[12,20,37],"current_hp_per_floor":[74,74,74,65,65,32,32,32,32,32,30,30,30,30,54,47,80,57,45,45,45,45,69,61,61,61,61,61,51,51,27,51,27,80,80,80,80,80,80,80,80,80,80,40,79,79,77,77,77,77],"gold":614,"neow_bonus":"BOSS_RELIC","is_prod":false,"is_daily":false,"chose_seed":false,"campfire_upgraded":5,"win_rate":0,"timestamp":1556502261,"path_taken":["M","M","M","M","M","E","R","?","T","?","E","$","M","M","R","BOSS","M","M","$","?","?","R","E","R","T","R","M","E","M","M","R","BOSS","M","M","$","?","?","E","R","E","T","?","R","M","M","?","R","BOSS"],"build_version":"2019-01-23","purchased_purges":2,"victory":true,"max_hp_per_floor":[80,80,80,80,80,80,80,80,80,80,80,80,80,80,80,80,80,80,80,80,80,80,80,80,80,80,80,80,80,80,80,80,80,80,80,80,80,80,80,80,80,80,80,80,80,80,80,80,80,80],"card_choices":[{"not_picked":["Burning Pact","Headbutt"],"picked":"Iron Wave","floor":1},{"not_picked":["Heavy Blade","Twin Strike","Seeing Red"],"picked":"SKIP","floor":2},{"not_picked":["Whirlwind","Flex","Havoc"],"picked":"SKIP","floor":3},{"not_picked":["Second Wind","Whirlwind"],"picked":"Iron Wave","floor":4},{"not_picked":["Thunderclap","Bludgeon"],"picked":"Metallicize","floor":5},{"not_picked":["Iron Wave","Combust"],"picked":"Metallicize","floor":6},{"not_picked":["Clothesline","Disarm"],"picked":"Shrug It Off","floor":11},{"not_picked":["Havoc","Pommel Strike"],"picked":"Body Slam","floor":13},{"not_picked":["Clothesline","Sever Soul","True Grit"],"picked":"SKIP","floor":14},{"not_picked":["Limit Break","Exhume"],"picked":"Juggernaut","floor":16},{"not_picked":["Rampage+1","True Grit","Perfected Strike"],"picked":"SKIP","floor":18},{"not_picked":["Thunderclap+1","Second Wind","Rampage"],"picked":"SKIP","floor":19},{"not_picked":["Sentinel","Twin Strike"],"picked":"Shrug It Off+1","floor":24},{"not_picked":["Armaments","Wild Strike","Double Tap"],"picked":"SKIP","floor":28},{"not_picked":["Searing Blow+1","Perfected Strike","True Grit"],"picked":"SKIP","floor":29},{"not_picked":["Headbutt+1","Thunderclap","Heavy Blade"],"picked":"SKIP","floor":30},{"not_picked":["Headbutt+1","Thunderclap","Heavy Blade"],"picked":"SKIP","floor":30},{"not_picked":["Battle Trance","Rampage+1","Flex"],"picked":"SKIP","floor":31},{"not_picked":["Blood for Blood+1","Heavy Blade","Clothesline"],"picked":"SKIP","floor":35},{"not_picked":["Spot Weakness+1","Wild Strike+1","Blood for Blood"],"picked":"SKIP","floor":36},{"not_picked":["Rupture+1","Feed","Pommel Strike+1"],"picked":"SKIP","floor":40},{"not_picked":["Inflame","Seeing Red+1","Twin Strike"],"picked":"SKIP","floor":42},{"not_picked":["Inflame+1","Headbutt+1"],"picked":"Body Slam+1","floor":46},{"not_picked":["Clothesline","True Grit","Cleave"],"picked":"SKIP","floor":47},{"not_picked":["Madness","Panacea"],"picked":"Violence","floor":48}],"player_experience":159160,"relics_obtained":[{"floor":6,"key":"Mercury Hourglass"},{"floor":9,"key":"Whetstone"},{"floor":11,"key":"Omamori"},{"floor":24,"key":"Juzu Bracelet"},{"floor":26,"key":"Bronze Scales"},{"floor":29,"key":"Kunai"},{"floor":39,"key":"Old Coin"},{"floor":40,"key":"Boot"},{"floor":42,"key":"Oddly Smooth Stone"},{"floor":43,"key":"Frozen Egg 2"},{"floor":44,"key":"Calipers"}],"event_choices":[{"damage_healed":0,"gold_gain":0,"player_choice":"Ignored","damage_taken":0,"max_hp_gain":0,"max_hp_loss":0,"event_name":"Golden Wing","floor":8,"gold_loss":0},{"damage_healed":0,"gold_gain":0,"player_choice":"Ignored","damage_taken":0,"max_hp_gain":0,"max_hp_loss":0,"event_name":"Golden Idol","floor":10,"gold_loss":0},{"cards_removed":["Strike_R"],"damage_healed":0,"gold_gain":0,"player_choice":"Elegance","damage_taken":0,"max_hp_gain":0,"max_hp_loss":0,"event_name":"Back to Basics","floor":21,"gold_loss":0},{"damage_healed":0,"gold_gain":0,"player_choice":"Ignored","damage_taken":0,"max_hp_gain":0,"max_hp_loss":0,"event_name":"Vampires","floor":22,"gold_loss":0},{"damage_healed":0,"gold_gain":0,"player_choice":"Ignored","damage_taken":0,"max_hp_gain":0,"max_hp_loss":0,"event_name":"SecretPortal","floor":38,"gold_loss":0},{"damage_healed":0,"gold_gain":0,"player_choice":"Fight","damage_taken":0,"max_hp_gain":0,"max_hp_loss":0,"event_name":"MindBloom","floor":39,"gold_loss":0},{"damage_healed":0,"gold_gain":0,"player_choice":"Fight","damage_taken":0,"max_hp_gain":0,"max_hp_loss":0,"event_name":"Mysterious Sphere","floor":44,"gold_loss":0},{"damage_healed":0,"gold_gain":0,"player_choice":"Memory 1","damage_taken":0,"max_hp_gain":0,"max_hp_loss":0,"event_name":"SensoryStone","floor":48,"gold_loss":0}],"is_beta":false,"boss_relics":[{"not_picked":["Snecko Eye","Sozu"],"picked":"Cursed Key"},{"not_picked":["Tiny House","Calling Bell"],"picked":"Velvet Choker"}],"items_purged_floors":[20,37],"is_endless":false,"potions_floor_spawned":[1,2,3,4,5,6,11,13,14,16,18,19,24,28,29,30,31,33,35,36,39,40,42,44,46,47],"ascension_level":1}