{"gold_per_floor":[17,37,0,14,14,14,49,49,73,73,73,73,84,100,100,100],"floor_reached":16,"playtime":503,"items_purged":[],"score":190,"play_id":"f027906f-c859-498c-b1f8-054027ff4544","local_time":"20190326232918","is_ascension_mode":true,"campfire_choices":[{"data":"Strike_B","floor":6.0,"key":"PURGE"},{"floor":8,"key":"REST"},{"floor":12,"key":"REST"},{"floor":15,"key":"REST"}],"neow_cost":"NO_GOLD","seed_source_timestamp":475336482832441,"circlet_count":0,"master_deck":["AscendersBane","Strike_B","Strike_B","Strike_B","Defend_B","Defend_B","Defend_B","Defend_B","Zap+1","Dualcast","Streamline","Melter+1","Go for the Eyes"],"special_seed":0,"relics":["Cracked Core","Peace Pipe","Boot","Art of War"],"potions_floor_usage":[7],"damage_taken":[{"damage":4.0,"enemies":"Small Slimes","floor":1.0,"turns":4.0},{"damage":0.0,"enemies":"2 Louse","floor":2.0,"turns":3.0},{"damage":6.0,"enemies":"Jaw Worm","floor":4.0,"turns":4.0},{"damage":35,"enemies":"3 Sentries","floor":7,"turns":7},{"damage":38,"enemies":"Exordium Thugs","floor":13,"turns":4},{"damage":1,"enemies":"2 Fungi Beasts","floor":14,"turns":3},{"damage":26,"enemies":"The Guardian","floor":16,"turns":5}],"seed_played":"-6267038431126766663","potions_obtained":[{"floor":4.0,"key":"FocusPotion"},{"floor":14,"key":"SpeedPotion"}],"is_trial":false,"path_per_floor":["M","M","?","M","$","R","E","R","T","$","?","R","M","M","R","B"],"character_chosen":"DEFECT","items_purchased":[],"campfire_rested":3,"item_purchase_floors":[],"current_hp_per_floor":[60,60,60,54,54,54,19,40,40,40,19,40,2,1,22,0],"gold":100,"neow_bonus":"ONE_RARE_RELIC","is_prod":false,"is_daily":false,"chose_seed":false,"campfire_upgraded":0,"win_rate":0,"timestamp":1553635758,"path_taken":["M","M","?","M","$","R","E","R","T","$","?","R","M","M","R","BOSS"],"build_version":"2019-01-23","purchased_purges":0,"victory":false,"max_hp_per_floor":[71,71,71,71,71,71,71,71,71,71,71,71,71,71,71,71],"card_choices":[{"not_picked":["Cold Snap","Hologram","Rip and Tear"],"picked":"SKIP","floor":1.0},{"not_picked":["Genetic Algorithm","Stack"],"picked":"Streamline","floor":2.0},{"not_picked":["Consume","Steam Power","Force Field"],"picked":"SKIP","floor":4.0},{"not_picked":["Stack","White Noise"],"picked":"Melter","floor":7},{"not_picked":["Beam Cell","Streamline","Cold Snap"],"picked":"SKIP","floor":13},{"not_picked":["Recycle","Turbo"],"picked":"Go for the Eyes","floor":14}],"player_experience":783961,"relics_obtained":[{"floor":7,"key":"Boot"},{"floor":9,"key":"Art of War"}],"event_choices":[{"damage_healed":0.0,"max_hp_gain":0.0,"max_hp_loss":0.0,"gold_gain":0.0,"event_name":"World of Goop","player_choice":"Left Gold","floor":3.0,"gold_loss":37.0,"damage_taken":0.0},{"damage_healed":0,"gold_gain":0,"player_choice":"Entered Light","damage_taken":21,"max_hp_gain":0,"max_hp_loss":0,"event_name":"Shining Light","floor":11,"gold_loss":0,"cards_upgraded":["Zap","Melter"]}],"is_beta":false,"boss_relics":[],"items_purged_floors":[],"is_endless":false,"potions_floor_spawned":[4,14],"killed_by":"The Guardian","ascension_level":18}