{"gold_per_floor":[110,60,77,2,2,2,18,38,90,40,40,57,57,44,44,44],"floor_reached":16,"playtime":401,"items_purged":["Strike_G","Strike_G"],"score":92,"play_id":"390a3cab-3e82-4663-acc2-722967109036","local_time":"20190304092243","is_ascension_mode":false,"campfire_choices":[{"data":"Skewer","floor":6,"key":"SMITH"},{"data":"Predator","floor":13,"key":"SMITH"},{"data":"Noxious Fumes","floor":15,"key":"SMITH"}],"neow_cost":"NONE","seed_source_timestamp":154590913058022,"circlet_count":0,"master_deck":["Defend_G","Defend_G","Defend_G","Defend_G","Defend_G","Strike_G","Strike_G","Survivor","Neutralize","Quick Slash","Skewer+1","Dagger Spray","Dodge and Roll","Predator+1","Crippling Poison+1","Dodge and Roll","Leg Sweep","Noxious Fumes+1"],"relics":["Orrery","Smiling Mask"],"potions_floor_usage":[],"damage_taken":[{"damage":0,"enemies":"Jaw Worm","floor":1,"turns":4},{"damage":0,"enemies":"2 Louse","floor":3,"turns":2},{"damage":0,"enemies":"Small Slimes","floor":7,"turns":3},{"damage":4,"enemies":"Red Slaver","floor":8,"turns":3},{"damage":0,"enemies":"2 Fungi Beasts","floor":12,"turns":3},{"damage":10,"enemies":"Exordium Thugs","floor":14,"turns":4},{"damage":17,"enemies":"Slime Boss","floor":16,"turns":5}],"seed_played":"-2821610373420317231","potions_obtained":[{"floor":3,"key":"LiquidBronze"},{"floor":7,"key":"SpeedPotion"},{"floor":8,"key":"SpeedPotion"},{"floor":12,"key":"Weak Potion"}],"is_trial":false,"path_per_floor":["M","?","M","$","?","R","M","M","T","$","?","M","R","M","R","B"],"character_chosen":"THE_SILENT","items_purchased":[],"campfire_rested":0,"item_purchase_floors":[],"current_hp_per_floor":[70,70,70,70,67,67,67,63,63,63,63,63,63,53,53,36],"gold":44,"neow_bonus":"BOSS_RELIC","is_prod":false,"is_daily":false,"chose_seed":false,"campfire_upgraded":3,"win_rate":0,"timestamp":1551709363,"path_taken":["M","?","M","$","?","R","M","M","T","$","?","?","R","M","R","BOSS"],"build_version":"2019-01-23","purchased_purges":2,"victory":false,"max_hp_per_floor":[70,70,70,70,70,70,70,70,70,70,70,70,70,70,70,70],"card_choices":[{"not_picked":["Cloak And Dagger","Backflip"],"picked":"Quick Slash","floor":0},{"not_picked":["Quick Slash","Catalyst"],"picked":"Skewer","floor":0},{"not_picked":["Bouncing Flask","Deadly Poison"],"picked":"Dagger Spray","floor":0},{"not_picked":["Outmaneuver","Slice"],"picked":"Dodge and Roll","floor":0},{"not_picked":["Dodge and Roll","Acrobatics"],"picked":"Predator","floor":1},{"not_picked":["All Out Attack","Bouncing Flask","Expertise"],"picked":"SKIP","floor":3},{"not_picked":["Dagger Throw","Tools of the Trade"],"picked":"Crippling Poison","floor":7},{"not_picked":["Calculated Gamble","Prepared"],"picked":"Dodge and Roll","floor":8},{"not_picked":["Flechettes","Backflip"],"picked":"Leg Sweep","floor":12},{"not_picked":["Acrobatics","A Thousand Cuts"],"picked":"Noxious Fumes","floor":14}],"player_experience":446031,"relics_obtained":[{"floor":9,"key":"Smiling Mask"}],"event_choices":[{"cards_removed":["Strike_G"],"damage_healed":0,"gold_gain":0,"player_choice":"Card Removal","damage_taken":0,"max_hp_gain":0,"max_hp_loss":0,"event_name":"The Cleric","floor":2,"gold_loss":50},{"damage_healed":0,"gold_gain":0,"player_choice":"Fled","damage_taken":3,"max_hp_gain":0,"max_hp_loss":0,"event_name":"Scrap Ooze","floor":5,"gold_loss":0},{"damage_healed":0,"gold_gain":0,"player_choice":"Upgraded","damage_taken":0,"max_hp_gain":0,"max_hp_loss":0,"event_name":"Upgrade Shrine","floor":11,"gold_loss":0,"cards_upgraded":["Crippling Poison"]}],"is_beta":false,"boss_relics":[],"items_purged_floors":[4,10],"is_endless":false,"potions_floor_spawned":[3,7,8,12],"killed_by":"Slime Boss","ascension_level":0}