{"gold_per_floor":[119,119,119,71,85,118,118,118,197,228,403,84,84,116,116,215,215,225,225,325,352,160,160,160,195,219,219,219,219,239,259,259,259],"floor_reached":33,"playtime":1155,"items_purged":["Doubt"],"score":400,"play_id":"92cf4a00-bc87-4f63-945b-76a6fd5d2315","local_time":"20190424155042","daily_mods":["Time Dilation","Flight"],"is_ascension_mode":false,"campfire_choices":[{"data":"Armaments","floor":8,"key":"SMITH"},{"data":"Bash","floor":13,"key":"SMITH"},{"data":"Metallicize","floor":15,"key":"SMITH"},{"data":"Body Slam","floor":23,"key":"SMITH"},{"floor":27,"key":"REST"},{"data":"RitualDagger","floor":28,"key":"SMITH"},{"data":"Metallicize","floor":32,"key":"SMITH"}],"neow_cost":"","seed_source_timestamp":0,"circlet_count":0,"master_deck":["Strike_R+1","Strike_R+1","Strike_R+1","Strike_R+1","Defend_R+1","Defend_R+1","Defend_R+1","Bash+1","Metallicize+1","Armaments+1","Pommel Strike","Second Wind","Metallicize+1","Shrug It Off","Offering","Body Slam+1","RitualDagger+1","Flame Barrier+1","Feel No Pain+1"],"relics":["Burning Blood","Magic Flower","Mango","Mercury Hourglass","Torii","Medical Kit","Singing Bowl","Empty Cage","Ice Cream","Pantograph","Potion Belt","Membership Card","Dodecahedron","Regal Pillow","Nloth\u0027s Gift"],"potions_floor_usage":[6,20,25],"damage_taken":[{"damage":3,"enemies":"Small Slimes","floor":1,"turns":3},{"damage":6,"enemies":"Jaw Worm","floor":5,"turns":3},{"damage":25,"enemies":"Lagavulin","floor":6,"turns":7},{"damage":10,"enemies":"3 Sentries","floor":10,"turns":7},{"damage":12,"enemies":"Lagavulin","floor":14,"turns":7},{"damage":29,"enemies":"The Guardian","floor":16,"turns":12},{"damage":18,"enemies":"2 Thieves","floor":18,"turns":4},{"damage":15,"enemies":"Colosseum Slavers","floor":20,"turns":6},{"damage":7,"enemies":"Colosseum Nobs","floor":20,"turns":5},{"damage":50,"enemies":"Gremlin Leader","floor":25,"turns":8},{"damage":6,"enemies":"3 Byrds","floor":30,"turns":2},{"damage":7,"enemies":"Shelled Parasite and Fungi","floor":31,"turns":5},{"damage":86,"enemies":"Champ","floor":33,"turns":14}],"seed_played":"122801636182871363","potions_obtained":[{"floor":5,"key":"LiquidBronze"},{"floor":14,"key":"FearPotion"},{"floor":18,"key":"FearPotion"}],"is_trial":true,"path_per_floor":["M","?","T","$","M","E","?","R","T","E","?","$","R","E","R","B",null,"M","?","?","T","$","R","?","E","T","R","R","?","M","M","R","B"],"character_chosen":"IRONCLAD","items_purchased":["Armaments","Medical Kit","Metallicize","Membership Card"],"campfire_rested":1,"item_purchase_floors":[4,12,12,22],"current_hp_per_floor":[80,64,64,64,67,65,62,62,62,61,61,61,61,58,58,38,94,87,87,83,83,83,83,77,36,36,79,79,79,84,88,88,14],"gold":259,"neow_bonus":"","is_prod":false,"is_daily":false,"chose_seed":false,"campfire_upgraded":6,"win_rate":0,"timestamp":1556088642,"path_taken":["M","?","?","?","?","E","?","R","T","E","?","$","R","E","R","BOSS","M","?","?","?","$","R","?","E","T","R","R","?","M","?","R","BOSS"],"build_version":"2019-01-23","purchased_purges":1,"victory":false,"max_hp_per_floor":[80,80,80,80,80,94,94,94,94,94,94,94,94,94,94,94,94,96,96,96,96,96,96,96,96,96,96,96,96,98,100,100,100],"card_choices":[{"not_picked":["Havoc","Warcry"],"picked":"Metallicize","floor":1},{"not_picked":["Blood for Blood","True Grit"],"picked":"Pommel Strike","floor":5},{"not_picked":["True Grit","Hemokinesis"],"picked":"Second Wind","floor":6},{"not_picked":["Cleave","Blood for Blood","Bloodletting"],"picked":"SKIP","floor":10},{"not_picked":["Carnage","Burning Pact"],"picked":"Shrug It Off","floor":14},{"not_picked":["Brutality","Double Tap"],"picked":"Offering","floor":16},{"not_picked":["Entrench","Clash","True Grit"],"picked":"Singing Bowl","floor":18},{"not_picked":["Pummel+1","Clothesline"],"picked":"Body Slam","floor":20},{"not_picked":["Headbutt","Armaments"],"picked":"Flame Barrier+1","floor":25},{"not_picked":["Heavy Blade+1","Armaments+1"],"picked":"Feel No Pain+1","floor":27},{"not_picked":["Blood for Blood","Flex","Cleave"],"picked":"Singing Bowl","floor":30},{"not_picked":["Iron Wave","Headbutt","Second Wind"],"picked":"Singing Bowl","floor":31}],"player_experience":357458,"relics_obtained":[{"floor":3,"key":"Magic Flower"},{"floor":6,"key":"Mango"},{"floor":9,"key":"Mercury Hourglass"},{"floor":10,"key":"Torii"},{"floor":14,"key":"Singing Bowl"},{"floor":20,"key":"Ice Cream"},{"floor":20,"key":"Pantograph"},{"floor":21,"key":"Potion Belt"},{"floor":25,"key":"Dodecahedron"},{"floor":26,"key":"Regal Pillow"}],"event_choices":[{"damage_healed":0,"gold_gain":0,"player_choice":"Entered Light","damage_taken":16,"max_hp_gain":0,"max_hp_loss":0,"event_name":"Shining Light","floor":2,"gold_loss":0,"cards_upgraded":["Defend_R","Defend_R"]},{"damage_healed":0,"gold_gain":0,"player_choice":"Success","damage_taken":3,"relics_obtained":["Dream Catcher"],"max_hp_gain":0,"max_hp_loss":0,"event_name":"Scrap Ooze","floor":7,"gold_loss":0},{"damage_healed":0,"gold_gain":175,"player_choice":"AGREE","damage_taken":0,"max_hp_gain":0,"max_hp_loss":0,"event_name":"Liars Game","floor":11,"gold_loss":0,"cards_obtained":["Doubt"]},{"damage_healed":0,"gold_gain":0,"player_choice":"Simplicity","damage_taken":0,"max_hp_gain":0,"max_hp_loss":0,"event_name":"Back to Basics","floor":19,"gold_loss":0,"cards_upgraded":["Strike_R","Strike_R","Strike_R","Strike_R","Defend_R"]},{"damage_healed":0,"gold_gain":0,"player_choice":"Fight","damage_taken":0,"max_hp_gain":0,"max_hp_loss":0,"event_name":"Colosseum","floor":20,"gold_loss":0},{"damage_healed":0,"gold_gain":0,"player_choice":"Fought Nobs","damage_taken":0,"max_hp_gain":0,"max_hp_loss":0,"event_name":"Colosseum","floor":20,"gold_loss":0},{"damage_healed":0,"gold_gain":0,"player_choice":"Joined the Cult","damage_taken":6,"max_hp_gain":0,"max_hp_loss":0,"event_name":"Nest","floor":24,"gold_loss":0,"cards_obtained":["RitualDagger"]},{"damage_healed":0,"gold_gain":0,"player_choice":"Traded Relic","damage_taken":0,"relics_obtained":["Nloth\u0027s Gift"],"max_hp_gain":0,"max_hp_loss":0,"event_name":"N\u0027loth","floor":29,"relics_lost":["Dream Catcher"],"gold_loss":0}],"is_beta":false,"boss_relics":[{"not_picked":["Tiny House","Runic Dome"],"picked":"Empty Cage"}],"items_purged_floors":[12],"is_endless":true,"potions_floor_spawned":[5,14,18,20],"killed_by":"Champ","ascension_level":0}