{"gold_per_floor":[110,110,34,0,0,0,30,42,65,83,110,138,150,179,191,203],"floor_reached":16,"playtime":1688,"items_purged":[],"score":223,"play_id":"43d6d4be-c3e6-409a-ad25-f58768cf84fb","local_time":"20190514164148","is_ascension_mode":true,"campfire_choices":[{"data":"Leg Sweep","floor":6.0,"key":"SMITH"},{"floor":13,"key":"REST"},{"data":"Leg Sweep","floor":15,"key":"SMITH"}],"neow_cost":"NONE","seed_source_timestamp":2920000684878384,"circlet_count":0,"master_deck":["AscendersBane","Defend_G","Defend_G","Defend_G","Defend_G","Defend_G","Strike_G","Strike_G","Strike_G","Strike_G","Survivor","Neutralize","Sucker Punch","Leg Sweep+1","Leg Sweep+1","Flying Knee","Heel Hook","PiercingWail","Crippling Poison"],"special_seed":0,"relics":["Ring of the Snake","NeowsBlessing","Lantern","MawBank"],"potions_floor_usage":[11,16,16],"damage_taken":[{"damage":0.0,"enemies":"Jaw Worm","floor":1.0,"turns":1.0},{"damage":0.0,"enemies":"Gremlin Nob","floor":7.0,"turns":1.0},{"damage":0.0,"enemies":"Cultist","floor":8.0,"turns":1.0},{"damage":0,"enemies":"2 Louse","floor":10,"turns":4},{"damage":21,"enemies":"3 Sentries","floor":11,"turns":15},{"damage":3,"enemies":"Looter","floor":12,"turns":4},{"damage":1,"enemies":"Blue Slaver","floor":14,"turns":5},{"damage":63,"enemies":"Slime Boss","floor":16,"turns":14}],"seed_played":"4244068131414967441","potions_obtained":[{"floor":1.0,"key":"Fire Potion"},{"floor":7.0,"key":"FearPotion"},{"floor":12,"key":"Explosive Potion"}],"is_trial":false,"path_per_floor":["M","?","$","?","?","R","E","M","T","M","E","M","R","M","R","B"],"character_chosen":"THE_SILENT","items_purchased":["Leg Sweep"],"campfire_rested":1,"item_purchase_floors":[3],"current_hp_per_floor":[63,63,63,63,63,63,63,63,63,63,42,39,60,59,59,0],"gold":203,"neow_bonus":"THREE_ENEMY_KILL","is_prod":false,"is_daily":false,"chose_seed":false,"campfire_upgraded":2,"win_rate":0,"timestamp":1557841308,"path_taken":["M","?","?","?","?","R","E","M","T","?","E","?","R","M","R","BOSS"],"build_version":"2019-01-23","purchased_purges":0,"victory":false,"max_hp_per_floor":[70,70,70,70,70,70,70,70,70,70,70,70,70,70,70,70],"card_choices":[{"not_picked":["Terror","Expertise"],"picked":"Sucker Punch","floor":1.0},{"not_picked":["Dagger Spray","Predator"],"picked":"Leg Sweep","floor":7.0},{"not_picked":["Sucker Punch","Riddle With Holes","Dodge and Roll"],"picked":"SKIP","floor":8.0},{"not_picked":["Dagger Spray","Bane"],"picked":"Flying Knee","floor":10},{"not_picked":["Burst","Flechettes"],"picked":"Heel Hook","floor":11},{"not_picked":["Cloak And Dagger","Distraction"],"picked":"PiercingWail","floor":12},{"not_picked":["Acrobatics","Underhanded Strike"],"picked":"Crippling Poison","floor":14}],"player_experience":1001987,"relics_obtained":[{"floor":7.0,"key":"Lantern"},{"floor":11,"key":"MawBank"}],"event_choices":[{"cards_removed":["Strike_G"],"damage_healed":0.0,"max_hp_gain":0.0,"max_hp_loss":0.0,"gold_gain":0.0,"event_name":"Bonfire Elementals","player_choice":"Offered Basic","floor":2.0,"gold_loss":0.0,"damage_taken":0.0},{"damage_healed":0.0,"max_hp_gain":0.0,"max_hp_loss":0.0,"gold_gain":0.0,"event_name":"World of Goop","player_choice":"Left Gold","floor":4.0,"gold_loss":34.0,"damage_taken":0.0},{"damage_healed":0.0,"max_hp_gain":0.0,"max_hp_loss":0.0,"gold_gain":0.0,"event_name":"The Cleric","player_choice":"Leave","floor":5.0,"gold_loss":0.0,"damage_taken":0.0}],"is_beta":false,"boss_relics":[],"items_purged_floors":[],"is_endless":false,"potions_floor_spawned":[1,7,12],"killed_by":"Slime Boss","ascension_level":13}