{"gold_per_floor":[113,39,50,26,37,68,68,102,170,187,187,207,207,132,132,211,211,221,146,164,164,8,8,22,37,37,37,87,87,87],"floor_reached":30,"playtime":1840,"items_purged":["Defend_R"],"score":452,"play_id":"5f831d4a-b547-4cc9-ab55-d6c8f7adcf2a","local_time":"20190211141726","is_ascension_mode":true,"campfire_choices":[{"floor":7,"key":"REST"},{"floor":11,"key":"REST"},{"floor":15,"key":"REST"},{"floor":23,"key":"REST"},{"floor":29,"key":"REST"}],"neow_cost":"NONE","seed_source_timestamp":396624501986392,"circlet_count":0,"master_deck":["AscendersBane","Strike_R","Strike_R","Strike_R","Strike_R","Defend_R","Defend_R","Defend_R","Bash","Spot Weakness","Pommel Strike+1","Inflame","Spot Weakness","Armaments+1","Dual Wield+1","Reaper","Spot Weakness+1","Seeing Red+1","Shrug It Off+1","Warcry+1","Warcry+1","Rage+1","Injury"],"special_seed":0,"relics":["Fusion Hammer","WingedGreaves","Ancient Tea Set","Toxic Egg 2","Cursed Key","Molten Egg 2"],"potions_floor_usage":[6,16,16,30],"damage_taken":[{"damage":2.0,"enemies":"Cultist","floor":1.0,"turns":4.0},{"damage":1.0,"enemies":"2 Louse","floor":3.0,"turns":2.0},{"damage":12.0,"enemies":"Jaw Worm","floor":5.0,"turns":2.0},{"damage":10,"enemies":"3 Sentries","floor":6,"turns":5},{"damage":37,"enemies":"Gremlin Nob","floor":8,"turns":4},{"damage":1,"enemies":"2 Fungi Beasts","floor":10,"turns":3},{"damage":12,"enemies":"Gremlin Gang","floor":12,"turns":3},{"damage":44,"enemies":"Hexaghost","floor":16,"turns":8},{"damage":41,"enemies":"3 Byrds","floor":18,"turns":5},{"damage":22,"enemies":"Spheric Guardian","floor":20,"turns":4},{"damage":26,"enemies":"Centurion and Healer","floor":24,"turns":7},{"damage":51,"enemies":"3 Cultists","floor":25,"turns":5},{"damage":78,"enemies":"Cultist and Chosen","floor":30,"turns":5}],"seed_played":"-6882007736398548972","potions_obtained":[{"floor":1.0,"key":"Ancient Potion"},{"floor":5.0,"key":"SkillPotion"},{"floor":8,"key":"Ancient Potion"},{"floor":10,"key":"Weak Potion"},{"floor":24,"key":"Regen Potion"}],"is_trial":false,"path_per_floor":["M","$","M","$","M","E","R","E","T","M","R","M","?","?","R","B",null,"M","?","M","?","$","R","M","M","T","$","?","R","M"],"character_chosen":"IRONCLAD","items_purchased":["Spot Weakness","Pommel Strike","Shrug It Off+1","Warcry+1"],"campfire_rested":5,"item_purchase_floors":[2,4,22,22],"current_hp_per_floor":[66,66,65,65,53,43,65,28,28,27,49,37,37,37,59,15,60,49,49,27,27,27,49,75,42,42,42,42,64,0],"gold":87,"neow_bonus":"BOSS_RELIC","is_prod":false,"is_daily":false,"chose_seed":false,"campfire_upgraded":0,"win_rate":0,"timestamp":1549887446,"path_taken":["M","?","?","$","M","E","R","E","T","?","R","M","?","?","R","BOSS","M","?","M","?","$","R","M","?","T","$","?","R","M"],"build_version":"2019-01-23","purchased_purges":1,"victory":false,"max_hp_per_floor":[75,75,75,75,75,75,75,75,75,75,75,75,75,75,75,75,75,75,75,75,75,75,75,75,75,75,75,75,75,75],"card_choices":[{"not_picked":["Sword Boomerang","Bloodletting"],"picked":"Combust","floor":1.0},{"not_picked":["Anger","Hemokinesis","Flex"],"picked":"SKIP","floor":3.0},{"not_picked":["Thunderclap","Flex","Havoc"],"picked":"SKIP","floor":5.0},{"not_picked":["Havoc","Body Slam"],"picked":"Inflame","floor":6},{"not_picked":["Pommel Strike","Shrug It Off"],"picked":"Spot Weakness","floor":8},{"not_picked":["Clash","Body Slam"],"picked":"Armaments+1","floor":10},{"not_picked":["Pommel Strike","Headbutt"],"picked":"Dual Wield+1","floor":12},{"not_picked":["Impervious+1","Dark Embrace"],"picked":"Reaper","floor":16},{"not_picked":["Twin Strike","Perfected Strike"],"picked":"Spot Weakness+1","floor":18},{"not_picked":["Iron Wave","Rupture"],"picked":"Seeing Red+1","floor":20},{"not_picked":["Dropkick","Burning Pact+1"],"picked":"Warcry+1","floor":24},{"not_picked":["Body Slam","Iron Wave"],"picked":"Rage+1","floor":25}],"player_experience":581630,"relics_obtained":[{"floor":6,"key":"WingedGreaves"},{"floor":8,"key":"Ancient Tea Set"},{"floor":9,"key":"Toxic Egg 2"},{"floor":26,"key":"Molten Egg 2"}],"event_choices":[{"damage_healed":0,"gold_gain":0,"player_choice":"Ignored","damage_taken":0,"max_hp_gain":0,"max_hp_loss":0,"event_name":"Liars Game","floor":13,"gold_loss":0},{"cards_removed":["Strike_R"],"damage_healed":0,"gold_gain":0,"player_choice":"Card Removal","damage_taken":0,"max_hp_gain":0,"max_hp_loss":0,"event_name":"The Cleric","floor":14,"gold_loss":75},{"cards_removed":["Combust"],"damage_healed":0,"gold_gain":0,"player_choice":"Gave Gold","damage_taken":0,"max_hp_gain":0,"max_hp_loss":0,"event_name":"Beggar","floor":19,"gold_loss":75},{"damage_healed":0,"gold_gain":0,"player_choice":"Upgraded","damage_taken":0,"max_hp_gain":0,"max_hp_loss":0,"event_name":"Upgrade Shrine","floor":21,"gold_loss":0,"cards_upgraded":["Pommel Strike"]},{"damage_healed":0,"gold_gain":50,"player_choice":"Stole From Cult","damage_taken":0,"max_hp_gain":0,"max_hp_loss":0,"event_name":"Nest","floor":28,"gold_loss":0}],"is_beta":false,"boss_relics":[{"not_picked":["Orrery","Lizard Tail"],"picked":"Cursed Key"}],"items_purged_floors":[22],"is_endless":false,"potions_floor_spawned":[1,5,8,10,12,24],"killed_by":"Cultist and Chosen","ascension_level":18}