{"gold_per_floor":[115,115,129,140,9,9,19,49,49,77,90,101,61,11,11,11],"floor_reached":16,"playtime":913,"items_purged":["Regret","Strike_R"],"score":249,"play_id":"4e8fc4b1-a91a-48bf-a3c7-f792d6663af1","local_time":"20190502201012","is_ascension_mode":true,"campfire_choices":[{"data":"Feed","floor":6.0,"key":"SMITH"},{"floor":15,"key":"REST"}],"neow_cost":"CURSE","seed_source_timestamp":510526300436338,"circlet_count":0,"master_deck":["AscendersBane","Strike_R","Strike_R","Strike_R","Defend_R","Defend_R","Defend_R","Defend_R","Bash","Feed+1","Feel No Pain","Metallicize","Combust","Sword Boomerang","Offering","Shrug It Off"],"special_seed":0,"relics":["Burning Blood","Smiling Mask","Mummified Hand","Prayer Wheel"],"potions_floor_usage":[16,16],"damage_taken":[{"damage":7.0,"enemies":"Jaw Worm","floor":1.0,"turns":5.0},{"damage":7.0,"enemies":"Cultist","floor":3.0,"turns":4.0},{"damage":11.0,"enemies":"2 Louse","floor":4.0,"turns":7.0},{"damage":20.0,"enemies":"Exordium Thugs","floor":7.0,"turns":6.0},{"damage":39.0,"enemies":"Lagavulin","floor":8.0,"turns":7.0},{"damage":24.0,"enemies":"3 Sentries","floor":10.0,"turns":7.0},{"damage":19.0,"enemies":"3 Louse","floor":11.0,"turns":3.0},{"damage":6,"enemies":"Blue Slaver","floor":12,"turns":3},{"damage":40,"enemies":"Hexaghost","floor":16,"turns":9}],"seed_played":"1542153591918775179","potions_obtained":[{"floor":1.0,"key":"Dexterity Potion"},{"floor":8.0,"key":"Poison Potion"},{"floor":10.0,"key":"Ancient Potion"},{"floor":11.0,"key":"Swift Potion"}],"is_trial":false,"path_per_floor":["M","?","M","M","$","R","M","E","T","E","M","M","?","$","R","B"],"character_chosen":"IRONCLAD","items_purchased":["SteroidPotion"],"campfire_rested":1,"item_purchase_floors":[5],"current_hp_per_floor":[70,70,72,70,70,70,60,31,31,17,8,8,8,8,38,0],"gold":11,"neow_bonus":"THREE_RARE_CARDS","is_prod":false,"is_daily":false,"chose_seed":false,"campfire_upgraded":1,"win_rate":0,"timestamp":1556842212,"path_taken":["M","?","M","M","$","R","M","E","T","E","?","M","?","?","R","BOSS"],"build_version":"2019-01-23","purchased_purges":2,"victory":false,"max_hp_per_floor":[78,78,81,84,84,84,88,92,92,96,100,100,100,100,100,100],"card_choices":[{"not_picked":["Demon Form","Bludgeon"],"picked":"Feed","floor":0.0},{"not_picked":["Warcry","Armaments"],"picked":"Feel No Pain","floor":1.0},{"not_picked":["Reckless Charge","Flex","Rupture"],"picked":"SKIP","floor":3.0},{"not_picked":["Pummel","Havoc"],"picked":"Combust","floor":4.0},{"not_picked":["Warcry","Uppercut","Hemokinesis"],"picked":"SKIP","floor":7.0},{"not_picked":["Perfected Strike","Flex"],"picked":"Sword Boomerang","floor":8.0},{"not_picked":["Perfected Strike","Uppercut"],"picked":"Offering","floor":10.0},{"not_picked":["Entrench","Cleave","Havoc"],"picked":"SKIP","floor":11.0},{"not_picked":["Havoc","Clothesline","Clash"],"picked":"SKIP","floor":11.0},{"not_picked":["Entrench","Cleave","Havoc"],"picked":"SKIP","floor":11.0},{"not_picked":["Havoc","Clothesline","Clash"],"picked":"SKIP","floor":11.0},{"not_picked":["Corruption","Blood for Blood"],"picked":"Shrug It Off","floor":12},{"not_picked":["Pummel","Wild Strike","Rupture"],"picked":"SKIP","floor":12}],"player_experience":592413,"relics_obtained":[{"floor":8.0,"key":"Smiling Mask"},{"floor":9.0,"key":"Mummified Hand"},{"floor":10.0,"key":"Prayer Wheel"}],"event_choices":[{"damage_healed":0.0,"max_hp_gain":0.0,"max_hp_loss":0.0,"gold_gain":0.0,"cards_transformed":["Strike_R"],"event_name":"Transmorgrifier","player_choice":"Transformed","floor":2.0,"gold_loss":0.0,"damage_taken":0.0,"cards_obtained":["Metallicize"]},{"damage_healed":0,"gold_gain":0,"player_choice":"Left Gold","damage_taken":0,"max_hp_gain":0,"max_hp_loss":0,"event_name":"World of Goop","floor":13,"gold_loss":40}],"is_beta":false,"boss_relics":[],"items_purged_floors":[5,14],"is_endless":false,"potions_floor_spawned":[1,8,10,11],"killed_by":"Hexaghost","ascension_level":20}