{"gold_per_floor":[118,118,136,152,171,199,199,259,285,285,285,299,75,93,93,93],"floor_reached":16,"playtime":700,"items_purged":["Strike_B"],"score":112,"play_id":"bbc38eb2-b131-4cd4-aa1c-81be775dd07b","local_time":"20190518075105","is_ascension_mode":false,"campfire_choices":[{"data":"Capacitor","floor":7,"key":"SMITH"},{"floor":10,"key":"REST"},{"floor":15,"key":"REST"}],"neow_cost":"NONE","seed_source_timestamp":133815291377533,"circlet_count":0,"master_deck":["Strike_B","Strike_B","Strike_B","Defend_B","Defend_B","Defend_B","Defend_B","Zap","Dualcast","Capacitor+1","Hologram","White Noise","Coolheaded","Self Repair","Steam Power","Self Repair"],"relics":["Cracked Core","NeowsBlessing","Meat on the Bone","Tiny Chest","Juzu Bracelet","Art of War"],"potions_floor_usage":[6,16,16],"damage_taken":[{"damage":0,"enemies":"Small Slimes","floor":1,"turns":1},{"damage":0,"enemies":"2 Louse","floor":3,"turns":1},{"damage":0,"enemies":"Jaw Worm","floor":4,"turns":1},{"damage":4,"enemies":"3 Louse","floor":5,"turns":3},{"damage":18,"enemies":"Gremlin Nob","floor":6,"turns":4},{"damage":46,"enemies":"3 Sentries","floor":8,"turns":8},{"damage":12,"enemies":"Exordium Thugs","floor":12,"turns":4},{"damage":17,"enemies":"Looter","floor":14,"turns":4},{"damage":75,"enemies":"Hexaghost","floor":16,"turns":12}],"seed_played":"-6549716957510372451","potions_obtained":[{"floor":1,"key":"Ancient Potion"},{"floor":5,"key":"SteroidPotion"},{"floor":12,"key":"Block Potion"},{"floor":14,"key":"EssenceOfSteel"}],"is_trial":false,"path_per_floor":["M","?","M","M","M","E","R","E","T","R","?","M","$","M","R","B"],"character_chosen":"DEFECT","items_purchased":["Self Repair","Steam Power"],"campfire_rested":2,"item_purchase_floors":[13,13],"current_hp_per_floor":[75,80,80,80,76,58,58,24,24,48,48,48,48,50,74,0],"gold":93,"neow_bonus":"THREE_ENEMY_KILL","is_prod":false,"is_daily":false,"chose_seed":false,"campfire_upgraded":1,"win_rate":0.0,"timestamp":1558180265,"path_taken":["M","?","M","M","M","E","R","E","T","R","?","M","$","M","R","BOSS"],"build_version":"2019-01-23","purchased_purges":1,"victory":false,"max_hp_per_floor":[75,80,80,80,80,80,80,80,80,80,80,80,80,80,80,80],"card_choices":[{"not_picked":["Doom and Gloom","Sweeping Beam"],"picked":"Capacitor","floor":1},{"not_picked":["BootSequence","Sunder"],"picked":"Hologram","floor":3},{"not_picked":["Beam Cell","Stack","Skim"],"picked":"SKIP","floor":4},{"not_picked":["Cold Snap","Chill"],"picked":"White Noise","floor":5},{"not_picked":["Fission","Stack","Sunder"],"picked":"SKIP","floor":6},{"not_picked":["Go for the Eyes","Leap","Beam Cell"],"picked":"SKIP","floor":8},{"not_picked":["Compile Driver","Consume"],"picked":"Coolheaded","floor":12},{"not_picked":["Genetic Algorithm","Cold Snap"],"picked":"Self Repair","floor":14}],"player_experience":231241,"relics_obtained":[{"floor":6,"key":"Meat on the Bone"},{"floor":8,"key":"Tiny Chest"},{"floor":9,"key":"Juzu Bracelet"}],"event_choices":[{"damage_healed":0,"gold_gain":0,"player_choice":"Donut","damage_taken":0,"max_hp_gain":5,"max_hp_loss":0,"event_name":"Big Fish","floor":2,"gold_loss":0},{"damage_healed":0,"gold_gain":0,"player_choice":"Searched \u00271\u0027 times","damage_taken":0,"relics_obtained":["Art of War"],"max_hp_gain":0,"max_hp_loss":0,"event_name":"Dead Adventurer","floor":11,"gold_loss":0}],"is_beta":false,"boss_relics":[],"items_purged_floors":[13],"is_endless":false,"potions_floor_spawned":[1,5,12,14],"killed_by":"Hexaghost","ascension_level":0}