{"gold_per_floor":[116,116,132,132,145,170,170,189,214,234,184,210,210,239,239,334,334,349,362,68,80,80,80,95,95,95,107,107,166,92,111,111,210,210,227,274,274,293,193,219,219,232,309,338,355,380,480,480,480,480],"floor_reached":51,"playtime":2301,"items_purged":["Strike_R","Strike_R"],"score":877,"play_id":"a3defd4d-d915-425e-bdb8-763a76c4bfc6","local_time":"20190503201327","is_ascension_mode":true,"campfire_choices":[{"data":"Spot Weakness","floor":7,"key":"SMITH"},{"data":"Bash","floor":13,"key":"SMITH"},{"data":"Disarm","floor":15,"key":"SMITH"},{"data":"Limit Break","floor":23,"key":"SMITH"},{"data":"Heavy Blade","floor":28,"key":"SMITH"},{"data":"Spot Weakness","floor":32,"key":"SMITH"},{"data":"Disarm","floor":41,"key":"SMITH"},{"data":"Demon Form","floor":49,"key":"SMITH"}],"neow_cost":"NONE","seed_source_timestamp":595811952988377,"circlet_count":0,"master_deck":["Strike_R+1","Defend_R","Defend_R+1","Defend_R","Defend_R+1","Bash+1","Spot Weakness+1","Disarm+1","Clothesline","Disarm+1","Cleave","Anger","Limit Break+1","Heavy Blade+1","Shrug It Off+1","Whirlwind+1","True Grit+1","Spot Weakness+1","Battle Trance","Metallicize","Reaper","Limit Break+1","Sword Boomerang+1","Inflame+1","Demon Form+1","Burning Pact+1","Limit Break","Panacea","Blind"],"relics":["Burning Blood","Anchor","Art of War","Red Skull","Bag of Preparation","Odd Mushroom","Snecko Eye","War Paint","Whetstone","Tiny Chest","Philosopher\u0027s Stone","Mango","Potion Belt","Gremlin Horn","Orichalcum","Shuriken","Thread and Needle"],"potions_floor_usage":[6,8,29],"damage_taken":[{"damage":3,"enemies":"Jaw Worm","floor":1,"turns":4},{"damage":1,"enemies":"Cultist","floor":3,"turns":4},{"damage":0,"enemies":"Small Slimes","floor":5,"turns":3},{"damage":43,"enemies":"Lagavulin","floor":6,"turns":9},{"damage":4,"enemies":"2 Fungi Beasts","floor":8,"turns":3},{"damage":3,"enemies":"3 Louse","floor":10,"turns":4},{"damage":22,"enemies":"3 Sentries","floor":12,"turns":8},{"damage":8,"enemies":"The Mushroom Lair","floor":14,"turns":3},{"damage":10,"enemies":"The Guardian","floor":16,"turns":9},{"damage":12,"enemies":"2 Thieves","floor":18,"turns":3},{"damage":0,"enemies":"Shell Parasite","floor":19,"turns":3},{"damage":0,"enemies":"Cultist and Chosen","floor":21,"turns":4},{"damage":6,"enemies":"Snake Plant","floor":24,"turns":5},{"damage":19,"enemies":"Snecko","floor":27,"turns":7},{"damage":10,"enemies":"Slavers","floor":29,"turns":2},{"damage":22,"enemies":"3 Cultists","floor":31,"turns":4},{"damage":17,"enemies":"Champ","floor":33,"turns":10},{"damage":1,"enemies":"Orb Walker","floor":35,"turns":3},{"damage":37,"enemies":"2 Orb Walkers","floor":36,"turns":3},{"damage":0,"enemies":"3 Darklings","floor":38,"turns":2},{"damage":54,"enemies":"Reptomancer","floor":40,"turns":8},{"damage":16,"enemies":"4 Shapes","floor":42,"turns":4},{"damage":66,"enemies":"Nemesis","floor":44,"turns":7},{"damage":48,"enemies":"Jaw Worm Horde","floor":45,"turns":4},{"damage":32,"enemies":"Reptomancer","floor":46,"turns":4},{"damage":3,"enemies":"Mind Bloom Boss Battle","floor":47,"turns":7},{"damage":26,"enemies":"Awakened One","floor":50,"turns":12}],"seed_played":"-5798811664390958777","potions_obtained":[{"floor":1,"key":"Energy Potion"},{"floor":8,"key":"Fruit Juice"},{"floor":14,"key":"SkillPotion"},{"floor":24,"key":"EssenceOfSteel"},{"floor":25,"key":"SteroidPotion"},{"floor":25,"key":"Ancient Potion"},{"floor":31,"key":"PowerPotion"},{"floor":40,"key":"FearPotion"},{"floor":42,"key":"Fire Potion"}],"is_trial":false,"path_per_floor":["M","?","M","?","M","E","R","M","T","M","?","E","R","?","R","B",null,"M","M","$","M","?","R","M","?","T","M","R","E","$","M","R","B",null,"M","?","?","M","$","E","R","M","T","E","M","E","?","?","R","B",null],"character_chosen":"IRONCLAD","items_purchased":["Whirlwind","War Paint","Metallicize"],"campfire_rested":0,"item_purchase_floors":[20,20,30],"current_hp_per_floor":[88,88,88,76,82,45,45,52,52,55,55,39,39,37,37,33,93,87,93,93,93,93,93,93,93,93,80,80,76,76,60,60,90,93,93,76,76,82,82,107,107,107,107,107,107,81,107,97,97,107],"gold":480,"neow_bonus":"TEN_PERCENT_HP_BONUS","is_prod":false,"is_daily":false,"chose_seed":false,"campfire_upgraded":8,"win_rate":0,"timestamp":1556928807,"path_taken":["M","?","?","?","M","E","R","M","T","M","?","E","R","?","R","BOSS","M","M","$","M","?","R","?","?","T","?","R","E","?","M","R","BOSS","M","?","?","M","$","E","R","M","T","E","?","E","?","?","R","BOSS"],"build_version":"2019-01-23","purchased_purges":2,"victory":true,"max_hp_per_floor":[88,88,88,88,88,88,88,93,93,93,93,93,93,93,93,93,93,93,93,93,93,93,93,93,93,93,93,93,93,93,93,93,93,93,93,107,107,107,107,107,107,107,107,107,107,107,107,107,107,107],"card_choices":[{"not_picked":["Hemokinesis","Cleave"],"picked":"Spot Weakness","floor":1},{"not_picked":["Corruption","Clothesline"],"picked":"Disarm","floor":3},{"not_picked":["Armaments","Intimidate","Blood for Blood"],"picked":"SKIP","floor":5},{"not_picked":["Power Through","Body Slam"],"picked":"Clothesline","floor":6},{"not_picked":["Iron Wave","Havoc","Sentinel"],"picked":"SKIP","floor":8},{"not_picked":["Cleave","Heavy Blade"],"picked":"Disarm","floor":10},{"not_picked":["Clash","Corruption"],"picked":"Cleave","floor":12},{"not_picked":["Rupture","Heavy Blade"],"picked":"Anger","floor":14},{"not_picked":["Immolate","Demon Form"],"picked":"Limit Break","floor":16},{"not_picked":["Warcry+1","Reckless Charge+1"],"picked":"Heavy Blade","floor":18},{"not_picked":["Evolve","Intimidate"],"picked":"Shrug It Off+1","floor":19},{"not_picked":["True Grit","Wild Strike+1","Sword Boomerang+1"],"picked":"SKIP","floor":21},{"not_picked":["Wild Strike+1","Sword Boomerang+1"],"picked":"True Grit","floor":21},{"not_picked":["Anger+1","Pommel Strike"],"picked":"Spot Weakness","floor":24},{"not_picked":["Intimidate+1","Perfected Strike","Twin Strike"],"picked":"SKIP","floor":27},{"not_picked":["Warcry","Spot Weakness"],"picked":"Battle Trance","floor":29},{"not_picked":["Clothesline","Wild Strike"],"picked":"Reaper","floor":31},{"not_picked":["Juggernaut","Fiend Fire"],"picked":"Limit Break","floor":33},{"not_picked":["Wild Strike+1","Havoc"],"picked":"Sword Boomerang+1","floor":35},{"not_picked":["Cleave","Uppercut"],"picked":"Inflame+1","floor":38},{"not_picked":["Thunderclap+1","Heavy Blade","Anger+1"],"picked":"SKIP","floor":40},{"not_picked":["Havoc","Pommel Strike+1"],"picked":"Demon Form","floor":42},{"not_picked":["Cleave","Seeing Red+1"],"picked":"Burning Pact+1","floor":44},{"not_picked":["Pommel Strike","Sword Boomerang","Evolve+1"],"picked":"SKIP","floor":45},{"not_picked":["Disarm","Fire Breathing+1"],"picked":"Limit Break","floor":46},{"not_picked":["Transmutation","Bandage Up"],"picked":"Panacea","floor":48},{"not_picked":["HandOfGreed","Panacea"],"picked":"Blind","floor":48}],"player_experience":600522,"relics_obtained":[{"floor":6,"key":"Art of War"},{"floor":9,"key":"Red Skull"},{"floor":12,"key":"Bag of Preparation"},{"floor":14,"key":"Odd Mushroom"},{"floor":26,"key":"Whetstone"},{"floor":29,"key":"Tiny Chest"},{"floor":36,"key":"Mango"},{"floor":40,"key":"Potion Belt"},{"floor":43,"key":"Gremlin Horn"},{"floor":44,"key":"Orichalcum"},{"floor":46,"key":"Shuriken"},{"floor":47,"key":"Thread and Needle"}],"event_choices":[{"cards_removed":["Strike_R"],"damage_healed":0,"gold_gain":0,"player_choice":"Purged","damage_taken":0,"max_hp_gain":0,"max_hp_loss":0,"event_name":"Purifier","floor":2,"gold_loss":0},{"damage_healed":0,"gold_gain":0,"player_choice":"Success","damage_taken":12,"relics_obtained":["Anchor"],"max_hp_gain":0,"max_hp_loss":0,"event_name":"Scrap Ooze","floor":4,"gold_loss":0},{"cards_removed":["Strike_R"],"damage_healed":0,"gold_gain":0,"player_choice":"Card Removal","damage_taken":0,"max_hp_gain":0,"max_hp_loss":0,"event_name":"The Cleric","floor":11,"gold_loss":50},{"damage_healed":0,"gold_gain":0,"player_choice":"Fought Mushrooms","damage_taken":0,"max_hp_gain":0,"max_hp_loss":0,"event_name":"Mushrooms","floor":14,"gold_loss":0},{"damage_healed":0,"gold_gain":0,"player_choice":"Upgraded","damage_taken":0,"max_hp_gain":0,"max_hp_loss":0,"event_name":"Upgrade Shrine","floor":22,"gold_loss":0,"cards_upgraded":["True Grit"]},{"damage_healed":0,"gold_gain":0,"player_choice":"Got Potions","damage_taken":0,"max_hp_gain":0,"max_hp_loss":0,"event_name":"Lab","floor":25,"gold_loss":0},{"damage_healed":0,"gold_gain":0,"player_choice":"Fight","damage_taken":0,"max_hp_gain":0,"max_hp_loss":0,"event_name":"Mysterious Sphere","floor":36,"gold_loss":0},{"damage_healed":0,"gold_gain":0,"player_choice":"Forge","damage_taken":0,"max_hp_gain":0,"max_hp_loss":0,"event_name":"Accursed Blacksmith","floor":37,"gold_loss":0,"cards_upgraded":["Limit Break"]},{"damage_healed":0,"gold_gain":0,"player_choice":"Fight","damage_taken":0,"max_hp_gain":0,"max_hp_loss":0,"event_name":"MindBloom","floor":47,"gold_loss":0},{"damage_healed":0,"gold_gain":0,"player_choice":"Memory 3","damage_taken":10,"max_hp_gain":0,"max_hp_loss":0,"event_name":"SensoryStone","floor":48,"gold_loss":0}],"is_beta":false,"boss_relics":[{"not_picked":["Astrolabe","Lizard Tail"],"picked":"Snecko Eye"},{"not_picked":["Pandora\u0027s Box","Eternal Feather"],"picked":"Philosopher\u0027s Stone"}],"items_purged_floors":[20,39],"is_endless":false,"potions_floor_spawned":[1,3,8,14,24,31,33,36,38,40,42],"ascension_level":1}