{"gold_per_floor":[117,117,127,145,0,29,29,55,92,104,130,142,166,195,207,321,333,360,48,64,79,79,96,158,158,229,264,264,278,278,53,53,148,148,167,42,55,55,72,72,126,126,126,154,154,174,205,55,55,55],"floor_reached":51,"playtime":7782,"items_purged":["Strike_B","Strike_B","Strike_B","Defend_B"],"score":1072,"play_id":"788d6269-155b-4902-999d-556daa323ed5","local_time":"20190225213723","is_ascension_mode":true,"campfire_choices":[{"floor":7.0,"key":"REST"},{"data":"Seek","floor":10.0,"key":"SMITH"},{"data":"Self Repair","floor":12.0,"key":"SMITH"},{"floor":15.0,"key":"REST"},{"data":"Static Discharge","floor":25.0,"key":"SMITH"},{"floor":28,"key":"REST"},{"data":"Chill","floor":30,"key":"SMITH"},{"data":"Glacier","floor":32,"key":"SMITH"},{"data":"Creative AI","floor":40,"key":"SMITH"},{"floor":42,"key":"REST"},{"data":"Machine Learning","floor":45,"key":"SMITH"},{"data":"Chaos","floor":49,"key":"SMITH"}],"neow_cost":"NONE","seed_source_timestamp":16920819397027,"circlet_count":0,"master_deck":["Defend_B","Defend_B","Defend_B","Zap","Dualcast","Doom and Gloom","Glacier+1","Gash","Conserve Battery","Ball Lightning","Seek+1","Self Repair+1","Gash","Echo Form","Static Discharge+1","Leap","Conserve Battery","Metamorphosis","White Noise","Conserve Battery+1","Self Repair+1","Chaos+1","BootSequence","Chill+1","Creative AI+1","Stack+1","Machine Learning+1","Conserve Battery+1","Undo+1"],"special_seed":0,"relics":["Cracked Core","Potion Belt","MawBank","DataDisk","Velvet Choker","Tiny Chest","Matryoshka","Kunai","Inserter","Dead Branch","Blood Vial","Mercury Hourglass","Art of War","Molten Egg 2"],"potions_floor_usage":[27,33,41,50,50],"damage_taken":[{"damage":0.0,"enemies":"2 Louse","floor":1.0,"turns":2.0},{"damage":1.0,"enemies":"Cultist","floor":3.0,"turns":3.0},{"damage":0.0,"enemies":"Jaw Worm","floor":4.0,"turns":5.0},{"damage":38.0,"enemies":"Gremlin Nob","floor":6.0,"turns":4.0},{"damage":7.0,"enemies":"3 Sentries","floor":8.0,"turns":8.0},{"damage":3.0,"enemies":"Lots of Slimes","floor":11.0,"turns":2.0},{"damage":2.0,"enemies":"2 Fungi Beasts","floor":13.0,"turns":3.0},{"damage":11.0,"enemies":"Looter","floor":14.0,"turns":3.0},{"damage":14.0,"enemies":"Slime Boss","floor":16.0,"turns":8.0},{"damage":2.0,"enemies":"2 Thieves","floor":18.0,"turns":4.0},{"damage":12.0,"enemies":"Shell Parasite","floor":20.0,"turns":5.0},{"damage":39.0,"enemies":"Snake Plant","floor":21.0,"turns":4.0},{"damage":29.0,"enemies":"Shelled Parasite and Fungi","floor":23.0,"turns":4.0},{"damage":32.0,"enemies":"Book of Stabbing","floor":24.0,"turns":6.0},{"damage":36,"enemies":"Gremlin Leader","floor":27,"turns":7},{"damage":16,"enemies":"Snecko","floor":29,"turns":6},{"damage":52,"enemies":"Collector","floor":33,"turns":11},{"damage":0,"enemies":"Orb Walker","floor":35,"turns":5},{"damage":0,"enemies":"3 Shapes","floor":37,"turns":4},{"damage":32,"enemies":"Sphere and 2 Shapes","floor":39,"turns":6},{"damage":49,"enemies":"2 Orb Walkers","floor":41,"turns":5},{"damage":3,"enemies":"Nemesis","floor":44,"turns":7},{"damage":40,"enemies":"Spire Growth","floor":46,"turns":6},{"damage":8,"enemies":"Giant Head","floor":47,"turns":12},{"damage":30,"enemies":"Awakened One","floor":50,"turns":16}],"seed_played":"-1932917493614000824","potions_obtained":[{"floor":3.0,"key":"SpeedPotion"},{"floor":6.0,"key":"AttackPotion"},{"floor":13.0,"key":"Explosive Potion"},{"floor":16.0,"key":"Fire Potion"},{"floor":18.0,"key":"EssenceOfSteel"},{"floor":23.0,"key":"LiquidBronze"},{"floor":24.0,"key":"Poison Potion"},{"floor":33,"key":"SpeedPotion"},{"floor":37,"key":"Poison Potion"},{"floor":41,"key":"Fire Potion"},{"floor":44,"key":"EssenceOfSteel"},{"floor":46,"key":"Energy Potion"}],"is_trial":false,"path_per_floor":["M","?","M","M","$","E","R","E","T","R","M","R","M","M","R","B",null,"M","$","M","M","?","M","E","R","T","E","R","M","R","$","R","B",null,"M","$","M","$","M","R","?","R","T","E","R","M","E","$","R","B",null],"character_chosen":"DEFECT","items_purchased":["Conserve Battery","Ball Lightning","Static Discharge","Leap","Conserve Battery","Metamorphosis","Energy Potion","GamblersBrew"],"campfire_rested":4,"item_purchase_floors":[5,5,19,19,19,19,31,31],"current_hp_per_floor":[75,75,74,74,74,36,60,53,53,53,50,50,58,57,81,77,81,82,82,80,51,51,52,60,60,60,44,68,72,72,72,72,50,74,82,82,82,82,70,70,41,65,65,82,82,72,82,82,82,72],"gold":55,"neow_bonus":"TEN_PERCENT_HP_BONUS","is_prod":false,"is_daily":false,"chose_seed":false,"campfire_upgraded":8,"win_rate":0,"timestamp":1551123443,"path_taken":["M","?","M","M","$","E","R","E","T","R","M","R","M","?","R","BOSS","M","?","M","?","?","M","E","R","T","E","R","M","R","$","R","BOSS","M","?","M","$","M","R","?","R","T","E","R","M","E","$","R","BOSS"],"build_version":"2019-01-23","purchased_purges":4,"victory":true,"max_hp_per_floor":[82,82,82,82,82,82,82,82,82,82,82,82,82,82,82,82,82,82,82,82,82,82,82,82,82,82,82,82,82,82,82,82,82,82,82,82,82,82,82,82,82,82,82,82,82,82,82,82,82,82],"card_choices":[{"not_picked":["Barrage","Go for the Eyes"],"picked":"Doom and Gloom","floor":1.0},{"not_picked":["Hologram","Sweeping Beam"],"picked":"Glacier","floor":3.0},{"not_picked":["Go for the Eyes","Sunder"],"picked":"Gash","floor":4.0},{"not_picked":["Hologram","Rebound","Steam"],"picked":"SKIP","floor":6.0},{"not_picked":["Hologram","Leap"],"picked":"Seek","floor":8.0},{"not_picked":["Stack","Streamline"],"picked":"Self Repair","floor":11.0},{"not_picked":["Compile Driver","Go for the Eyes"],"picked":"Gash","floor":13.0},{"not_picked":["Sweeping Beam","Amplify","Fusion"],"picked":"SKIP","floor":14.0},{"not_picked":["Meteor Strike","Rainbow"],"picked":"Echo Form","floor":16.0},{"not_picked":["Beam Cell+1","Skim","Go for the Eyes+1"],"picked":"SKIP","floor":18.0},{"not_picked":["Coolheaded","Rebound"],"picked":"White Noise","floor":20.0},{"not_picked":["Consume+1","Ball Lightning+1"],"picked":"Conserve Battery+1","floor":21.0},{"not_picked":["Turbo","Blizzard"],"picked":"Chaos","floor":23.0},{"not_picked":["Steam","Hyperbeam","Recycle"],"picked":"SKIP","floor":24.0},{"not_picked":["Streamline+1","Hologram"],"picked":"BootSequence","floor":27},{"not_picked":["Leap","Beam Cell"],"picked":"Chill","floor":29},{"not_picked":["Echo Form","Multi-Cast"],"picked":"Creative AI","floor":33},{"not_picked":["Redo+1","Beam Cell","Compile Driver"],"picked":"SKIP","floor":35},{"not_picked":["Steam","Beam Cell+1"],"picked":"Stack+1","floor":37},{"not_picked":["Scrape+1","Ball Lightning+1","Sweeping Beam"],"picked":"SKIP","floor":39},{"not_picked":["Hologram+1","FTL+1"],"picked":"Machine Learning","floor":41},{"not_picked":["Hologram","Melter+1"],"picked":"Conserve Battery+1","floor":44},{"not_picked":["Sweeping Beam","Barrage","Reprogram+1"],"picked":"SKIP","floor":46},{"not_picked":["Stack+1","Reboot"],"picked":"Undo+1","floor":47}],"player_experience":670588,"relics_obtained":[{"floor":6.0,"key":"Potion Belt"},{"floor":8.0,"key":"MawBank"},{"floor":9.0,"key":"DataDisk"},{"floor":24.0,"key":"Tiny Chest"},{"floor":26.0,"key":"Matryoshka"},{"floor":27,"key":"Kunai"},{"floor":41,"key":"Dead Branch"},{"floor":43,"key":"Blood Vial"},{"floor":43,"key":"Mercury Hourglass"},{"floor":44,"key":"Art of War"},{"floor":47,"key":"Molten Egg 2"}],"event_choices":[{"cards_removed":["Strike_B"],"damage_healed":0.0,"max_hp_gain":0.0,"max_hp_loss":0.0,"gold_gain":0.0,"event_name":"Bonfire Elementals","player_choice":"Offered Basic","floor":2.0,"gold_loss":0.0,"damage_taken":0.0},{"damage_healed":0.0,"max_hp_gain":0.0,"max_hp_loss":0.0,"gold_gain":0.0,"event_name":"Duplicator","player_choice":"Copied","floor":22.0,"gold_loss":0.0,"damage_taken":0.0,"cards_obtained":["Self Repair"]},{"damage_healed":0,"gold_gain":0,"player_choice":"Fight","damage_taken":0,"max_hp_gain":0,"max_hp_loss":0,"event_name":"Mysterious Sphere","floor":41,"gold_loss":0}],"is_beta":false,"boss_relics":[{"not_picked":["Ectoplasm","Lizard Tail"],"picked":"Velvet Choker"},{"not_picked":["Fusion Hammer","Tiny House"],"picked":"Inserter"}],"items_purged_floors":[5,31,36,48],"is_endless":false,"potions_floor_spawned":[3,6,13,16,18,23,24,33,37,41,44,46],"ascension_level":9}