{"gold_per_floor":[365,19,75,75,75,107,107,119,119,130,130,130,130,140,140,211,211,223,273,290,308,127,127,152,152,199,199,230,240,240,91,91,162,162,179,179,37,37,0,29,46,78,158,158,189,240,255,32,32,32],"floor_reached":50,"playtime":2113,"items_purged":["Doubt","Strike_R"],"score":1224,"play_id":"664a6ba2-f284-4df1-b0f1-7d6abf0d8a6e","local_time":"20190405012022","is_ascension_mode":true,"campfire_choices":[{"data":"Uppercut","floor":7.0,"key":"SMITH"},{"data":"Twin Strike","floor":11.0,"key":"SMITH"},{"data":"Shrug It Off","floor":13.0,"key":"SMITH"},{"data":"Bash","floor":15.0,"key":"SMITH"},{"data":"Whirlwind","floor":23.0,"key":"SMITH"},{"floor":25.0,"key":"REST"},{"data":"Inflame","floor":30.0,"key":"SMITH"},{"floor":32.0,"key":"REST"},{"floor":44,"key":"REST"},{"data":"Demon Form","floor":49,"key":"SMITH"}],"neow_cost":"CURSE","seed_source_timestamp":37161782471927,"circlet_count":0,"master_deck":["AscendersBane","Strike_R","Strike_R","Defend_R","Defend_R","Defend_R","Defend_R","Bash+1","Shrug It Off+1","Uppercut+1","Twin Strike+1","Warcry+1","Offering+1","Whirlwind+1","Shockwave+1","Inflame+1","Sword Boomerang","Flame Barrier+1","Demon Form+1","Offering+1","Purity+1","Sentinel+1","True Grit+1","Anger","Metallicize","Shrug It Off+1","Impervious+1","Heavy Blade","Sentinel+1"],"special_seed":0,"relics":["Burning Blood","PreservedInsect","Paper Frog","Toxic Egg 2","Black Star","Bottled Lightning","Omamori","Bronze Scales","Shuriken","Ginger","Velvet Choker","Red Mask","Pantograph","Blue Candle","Regal Pillow","Question Card","Darkstone Periapt","StoneCalendar","Pear","Turnip","Lee\u0027s Waffle"],"potions_floor_usage":[42,50],"damage_taken":[{"damage":7.0,"enemies":"2 Louse","floor":1.0,"turns":4.0},{"damage":35.0,"enemies":"3 Sentries","floor":6.0,"turns":8.0},{"damage":0.0,"enemies":"Cultist","floor":8.0,"turns":3.0},{"damage":0.0,"enemies":"Small Slimes","floor":10.0,"turns":3.0},{"damage":0.0,"enemies":"Exordium Wildlife","floor":14.0,"turns":4.0},{"damage":37.0,"enemies":"The Guardian","floor":16.0,"turns":14.0},{"damage":6.0,"enemies":"Chosen","floor":18.0,"turns":3.0},{"damage":23.0,"enemies":"Shell Parasite","floor":20.0,"turns":3.0},{"damage":18.0,"enemies":"Centurion and Healer","floor":21.0,"turns":5.0},{"damage":25.0,"enemies":"Gremlin Leader","floor":24.0,"turns":4.0},{"damage":24.0,"enemies":"Book of Stabbing","floor":28.0,"turns":2.0},{"damage":6.0,"enemies":"Chosen and Byrds","floor":29.0,"turns":3.0},{"damage":34.0,"enemies":"Champ","floor":33.0,"turns":13.0},{"damage":41.0,"enemies":"3 Shapes","floor":35.0,"turns":6.0},{"damage":25.0,"enemies":"Nemesis","floor":40.0,"turns":3.0},{"damage":12.0,"enemies":"3 Darklings","floor":41.0,"turns":2.0},{"damage":15,"enemies":"Giant Head","floor":42,"turns":6},{"damage":24,"enemies":"Nemesis","floor":45,"turns":7},{"damage":24,"enemies":"2 Orb Walkers","floor":46,"turns":4},{"damage":18,"enemies":"4 Shapes","floor":47,"turns":7},{"damage":104,"enemies":"Awakened One","floor":50,"turns":11}],"seed_played":"5224738500985718417","potions_obtained":[{"floor":1.0,"key":"SteroidPotion"},{"floor":14.0,"key":"EssenceOfSteel"},{"floor":18.0,"key":"Fruit Juice"},{"floor":28.0,"key":"Fire Potion"},{"floor":29.0,"key":"Block Potion"},{"floor":40.0,"key":"SteroidPotion"},{"floor":45,"key":"AttackPotion"},{"floor":47,"key":"PowerPotion"}],"is_trial":false,"path_per_floor":["M","$","?","$","?","E","R","M","T","M","R","?","R","M","R","B",null,"M","?","M","M","$","R","E","R","T","?","E","M","R","$","R","B",null,"M","?","$","?","?","E","M","E","T","R","E","?","M","$","R","B"],"character_chosen":"IRONCLAD","items_purchased":["Uppercut","PreservedInsect","Twin Strike","Shockwave+1","Demon Form","Sentinel+1","True Grit+1","Anger","Lee\u0027s Waffle"],"campfire_rested":3,"item_purchase_floors":[2,2,2,22,31,37,37,37,48],"current_hp_per_floor":[67,67,67,67,67,38,38,44,44,50,50,55,55,61,61,30,68,68,68,56,44,44,44,25,50,50,50,32,32,32,32,57,29,71,36,36,36,53,53,34,28,19,19,59,51,33,21,102,102,0],"gold":32,"neow_bonus":"TWO_FIFTY_GOLD","is_prod":false,"is_daily":false,"chose_seed":false,"campfire_upgraded":7,"win_rate":0,"timestamp":1554441622,"path_taken":["M","$","?","$","?","E","R","M","T","?","R","?","R","M","R","BOSS","M","?","M","M","$","R","E","R","T","?","E","M","R","$","R","BOSS","M","?","$","?","?","E","M","E","T","R","E","?","?","$","R","BOSS"],"build_version":"2019-01-23","purchased_purges":2,"victory":false,"max_hp_per_floor":[75,75,75,75,75,75,75,75,75,75,75,80,80,80,80,80,80,80,80,85,85,85,85,85,85,85,85,85,85,85,85,85,85,85,85,85,85,85,85,85,85,85,85,85,95,95,95,102,102,102],"card_choices":[{"not_picked":["Carnage","Pommel Strike"],"picked":"Shrug It Off","floor":1.0},{"not_picked":["Pommel Strike","Body Slam","Fire Breathing"],"picked":"SKIP","floor":6.0},{"not_picked":["Flex","Warcry","Headbutt"],"picked":"SKIP","floor":8.0},{"not_picked":["Flex","Warcry","Headbutt"],"picked":"SKIP","floor":8.0},{"not_picked":["Wild Strike","Body Slam","Sever Soul"],"picked":"SKIP","floor":10.0},{"not_picked":["Flex+1","Second Wind+1"],"picked":"Warcry+1","floor":14.0},{"not_picked":["Dark Embrace","Impervious+1"],"picked":"Offering+1","floor":16.0},{"not_picked":["Disarm+1","Warcry+1"],"picked":"Whirlwind","floor":18.0},{"not_picked":["Dropkick","Wild Strike","Perfected Strike+1"],"picked":"SKIP","floor":20.0},{"not_picked":["Clothesline","Body Slam","Flex+1"],"picked":"SKIP","floor":21.0},{"not_picked":["Armaments+1","Twin Strike"],"picked":"Inflame","floor":24.0},{"not_picked":["Havoc+1","Rupture"],"picked":"Sword Boomerang","floor":28.0},{"not_picked":["Metallicize","Second Wind+1"],"picked":"Flame Barrier+1","floor":29.0},{"not_picked":["Dark Embrace","Bludgeon"],"picked":"Offering+1","floor":33.0},{"not_picked":["Cleave","Flex+1","Havoc+1"],"picked":"SKIP","floor":35.0},{"not_picked":["Metamorphosis+1","Swift Strike"],"picked":"Purity+1","floor":36.0},{"not_picked":["Inflame","Clash"],"picked":"Metallicize","floor":40.0},{"not_picked":["Clash","Body Slam"],"picked":"Shrug It Off+1","floor":41.0},{"not_picked":["Rupture","Iron Wave","Body Slam"],"picked":"SKIP","floor":42},{"not_picked":["Seeing Red+1","Entrench+1","Pommel Strike"],"picked":"Impervious+1","floor":45},{"not_picked":["Pommel Strike","Havoc+1","Feel No Pain"],"picked":"Heavy Blade","floor":46},{"not_picked":["Clothesline","Inflame","Flex+1"],"picked":"Sentinel+1","floor":47}],"player_experience":532259,"relics_obtained":[{"floor":6.0,"key":"Paper Frog"},{"floor":9.0,"key":"Toxic Egg 2"},{"floor":24.0,"key":"Bottled Lightning"},{"floor":24.0,"key":"Omamori"},{"floor":26.0,"key":"Bronze Scales"},{"floor":28.0,"key":"Shuriken"},{"floor":28.0,"key":"Ginger"},{"floor":40.0,"key":"Pantograph"},{"floor":40.0,"key":"Blue Candle"},{"floor":42,"key":"Regal Pillow"},{"floor":42,"key":"Question Card"},{"floor":43,"key":"Darkstone Periapt"},{"floor":45,"key":"StoneCalendar"},{"floor":45,"key":"Pear"},{"floor":46,"key":"Turnip"}],"event_choices":[{"damage_healed":0.0,"max_hp_gain":0.0,"max_hp_loss":0.0,"gold_gain":56.0,"event_name":"Golden Wing","player_choice":"Gained Gold","floor":3.0,"gold_loss":0.0,"damage_taken":0.0},{"cards_removed":["Strike_R"],"damage_healed":0.0,"max_hp_gain":0.0,"max_hp_loss":0.0,"gold_gain":0.0,"event_name":"Purifier","player_choice":"Purged","floor":5.0,"gold_loss":0.0,"damage_taken":0.0},{"damage_healed":0.0,"max_hp_gain":5.0,"max_hp_loss":0.0,"gold_gain":0.0,"event_name":"Big Fish","player_choice":"Donut","floor":12.0,"gold_loss":0.0,"damage_taken":0.0},{"damage_healed":0.0,"max_hp_gain":0.0,"max_hp_loss":0.0,"gold_gain":50.0,"event_name":"Nest","player_choice":"Stole From Cult","floor":19.0,"gold_loss":0.0,"damage_taken":0.0},{"cards_removed":["Strike_R"],"damage_healed":0.0,"max_hp_gain":0.0,"max_hp_loss":0.0,"gold_gain":0.0,"event_name":"Bonfire Elementals","player_choice":"Offered Basic","floor":27.0,"gold_loss":0.0,"damage_taken":0.0},{"damage_healed":0.0,"max_hp_gain":0.0,"max_hp_loss":0.0,"gold_gain":0.0,"event_name":"SensoryStone","player_choice":"Memory 1","floor":36.0,"gold_loss":0.0,"damage_taken":0.0},{"damage_healed":17.0,"max_hp_gain":0.0,"max_hp_loss":0.0,"gold_gain":0.0,"event_name":"Winding Halls","player_choice":"Writhe","floor":38.0,"gold_loss":0.0,"damage_taken":0.0,"cards_obtained":["Writhe"]},{"damage_healed":0.0,"max_hp_gain":0.0,"max_hp_loss":0.0,"gold_gain":0.0,"event_name":"Tomb of Lord Red Mask","player_choice":"Paid","floor":39.0,"gold_loss":37.0,"damage_taken":0.0,"relics_obtained":["Red Mask"]},{"damage_healed":0,"gold_gain":0,"player_choice":"Fight","damage_taken":0,"max_hp_gain":0,"max_hp_loss":0,"event_name":"Mysterious Sphere","floor":46,"gold_loss":0}],"is_beta":false,"boss_relics":[{"not_picked":["Busted Crown","Orrery"],"picked":"Black Star"},{"not_picked":["Coffee Dripper","Lizard Tail"],"picked":"Velvet Choker"}],"items_purged_floors":[2,22],"is_endless":false,"potions_floor_spawned":[1,14,18,28,29,35,40,41,45,47],"killed_by":"Awakened One","ascension_level":20}