{"gold_per_floor":[119,119,119,119,44,44,64,81,81,81,94,106,123,156,156,251,251,269,269,281,281,291,324,324,352,377,129,129],"floor_reached":28,"playtime":12217,"items_purged":["Pain"],"score":283,"play_id":"cfc0ef0f-1d67-4eb6-941f-b801b9e937f6","local_time":"20190507220452","is_ascension_mode":false,"campfire_choices":[{"data":"Flying Knee","floor":6,"key":"SMITH"},{"data":"Flying Knee","floor":10,"key":"SMITH"},{"data":"Dagger Spray","floor":15,"key":"SMITH"},{"data":"Predator","floor":24,"key":"SMITH"}],"neow_cost":"NONE","seed_source_timestamp":2015528575000,"circlet_count":0,"master_deck":["Defend_G","Defend_G","Defend_G","Defend_G","Defend_G","Strike_G","Strike_G","Strike_G","Strike_G","Strike_G","Survivor","Neutralize+1","Flying Knee+1","Leg Sweep","Flying Knee+1","Dagger Spray+1","Wraith Form v2","Dagger Throw","Blade Dance","Cloak And Dagger","Predator+1","Deadly Poison"],"relics":["Ring of the Snake","WarpedTongs","Bag of Marbles","Gremlin Horn","Sozu","Pear","Bird Faced Urn","Potion Belt","PreservedInsect","Shuriken"],"potions_floor_usage":[14,14],"damage_taken":[{"damage":0,"enemies":"Small Slimes","floor":1,"turns":6},{"damage":0,"enemies":"2 Louse","floor":7,"turns":2},{"damage":0,"enemies":"Cultist","floor":8,"turns":4},{"damage":0,"enemies":"3 Louse","floor":11,"turns":2},{"damage":0,"enemies":"Red Slaver","floor":12,"turns":3},{"damage":0,"enemies":"Exordium Thugs","floor":13,"turns":3},{"damage":0,"enemies":"Gremlin Nob","floor":14,"turns":3},{"damage":26,"enemies":"Slime Boss","floor":16,"turns":10},{"damage":16,"enemies":"Shell Parasite","floor":18,"turns":8},{"damage":9,"enemies":"Spheric Guardian","floor":20,"turns":4},{"damage":12,"enemies":"Snake Plant","floor":22,"turns":4},{"damage":21,"enemies":"Book of Stabbing","floor":23,"turns":7},{"damage":15,"enemies":"Slavers","floor":25,"turns":5},{"damage":0,"enemies":"Centurion and Healer","floor":28,"turns":2}],"seed_played":"6064267680450756541","potions_obtained":[{"floor":8,"key":"FearPotion"},{"floor":12,"key":"PowerPotion"},{"floor":13,"key":"LiquidBronze"}],"is_trial":false,"path_per_floor":["M","?","?","?","$","R","M","M","T","R","M","M","M","E","R","B",null,"M","?","M","T","M","E","R","E","T","$","M"],"character_chosen":"THE_SILENT","items_purchased":["Shuriken"],"campfire_rested":0,"item_purchase_floors":[27],"current_hp_per_floor":[70,70,70,70,70,70,70,70,70,70,70,70,70,70,70,44,70,54,54,45,55,43,22,22,9,9,9,9],"gold":129,"neow_bonus":"UPGRADE_CARD","is_prod":false,"is_daily":false,"chose_seed":false,"campfire_upgraded":4,"win_rate":0,"timestamp":1557255892,"path_taken":["M","?","?","?","$","R","M","M","T","R","M","M","?","E","R","BOSS","M","?","?","?","M","E","R","E","T","?","?"],"build_version":"2019-01-23","purchased_purges":1,"victory":false,"max_hp_per_floor":[70,70,70,70,70,70,70,70,70,70,70,70,70,70,70,70,70,70,70,70,80,80,80,80,80,80,80,80],"card_choices":[{"not_picked":["Prepared","Acrobatics"],"picked":"Flying Knee","floor":1},{"not_picked":["Deflect","Dodge and Roll"],"picked":"Leg Sweep","floor":7},{"not_picked":["Dodge and Roll","Terror"],"picked":"Flying Knee","floor":8},{"not_picked":["Dodge and Roll","Dagger Throw","Backflip"],"picked":"SKIP","floor":11},{"not_picked":["Dagger Throw","Masterful Stab","Malaise"],"picked":"SKIP","floor":12},{"not_picked":["Choke","Deadly Poison","Prepared"],"picked":"SKIP","floor":13},{"not_picked":["Concentrate","Footwork"],"picked":"Dagger Spray","floor":14},{"not_picked":["Malaise","Burst"],"picked":"Wraith Form v2","floor":16},{"not_picked":["Tactician+1","Backflip+1"],"picked":"Dagger Throw","floor":18},{"not_picked":["Well Laid Plans+1","Flying Knee"],"picked":"Cloak And Dagger","floor":20},{"not_picked":["Cloak And Dagger","Acrobatics+1","Riddle With Holes"],"picked":"SKIP","floor":22},{"not_picked":["Sucker Punch","PiercingWail"],"picked":"Predator","floor":23},{"not_picked":["Venomology","PiercingWail"],"picked":"Deadly Poison","floor":25}],"player_experience":290334,"relics_obtained":[{"floor":9,"key":"Bag of Marbles"},{"floor":14,"key":"Gremlin Horn"},{"floor":21,"key":"Pear"},{"floor":23,"key":"Bird Faced Urn"},{"floor":25,"key":"Potion Belt"},{"floor":26,"key":"PreservedInsect"}],"event_choices":[{"damage_healed":0,"gold_gain":0,"player_choice":"Leave","damage_taken":0,"max_hp_gain":0,"max_hp_loss":0,"event_name":"The Cleric","floor":2,"gold_loss":0},{"damage_healed":0,"gold_gain":0,"player_choice":"Ignored","damage_taken":0,"max_hp_gain":0,"max_hp_loss":0,"event_name":"Golden Wing","floor":3,"gold_loss":0},{"damage_healed":0,"gold_gain":0,"player_choice":"Rummage","damage_taken":0,"relics_obtained":["WarpedTongs"],"max_hp_gain":0,"max_hp_loss":0,"event_name":"Accursed Blacksmith","floor":4,"gold_loss":0,"cards_obtained":["Pain"]},{"damage_healed":0,"gold_gain":0,"player_choice":"1 cards matched","damage_taken":0,"max_hp_gain":0,"max_hp_loss":0,"event_name":"Match and Keep!","floor":19,"gold_loss":0,"cards_obtained":["Blade Dance"]}],"is_beta":false,"boss_relics":[{"not_picked":["Snecko Eye","WristBlade"],"picked":"Sozu"}],"items_purged_floors":[5],"is_endless":false,"potions_floor_spawned":[8,12,13,20,25],"killed_by":"Centurion and Healer","ascension_level":0}