{"gold_per_floor":[117,136,149,167,180,180,213,225,285,297,332,344,340,386,398,507,569,594,621,118,0,0],"floor_reached":22,"playtime":1638,"items_purged":["Strike_R"],"score":206,"play_id":"a42eca85-38d1-4c2e-823d-aabd3076f16f","local_time":"20190428194248","is_ascension_mode":true,"campfire_choices":[{"data":"Entrench","floor":6,"key":"SMITH"},{"floor":8,"key":"REST"},{"floor":15,"key":"REST"}],"neow_cost":"NONE","seed_source_timestamp":1228208566671669,"circlet_count":0,"master_deck":["Strike_R","Strike_R","Strike_R+1","Strike_R","Defend_R","Defend_R","Defend_R","Defend_R","Bash","Flame Barrier","Seeing Red+1","Entrench+1","Clothesline","Shrug It Off+1","Brutality","Shrug It Off","Secret Technique"],"relics":["Burning Blood","NeowsBlessing","MawBank","War Paint","Odd Mushroom","Ornamental Fan","Tiny House","Bottled Lightning"],"potions_floor_usage":[4,5,7,16,16,18,19],"damage_taken":[{"damage":0,"enemies":"Small Slimes","floor":1,"turns":1},{"damage":0,"enemies":"2 Louse","floor":2,"turns":1},{"damage":0,"enemies":"Jaw Worm","floor":3,"turns":1},{"damage":0,"enemies":"Lots of Slimes","floor":4,"turns":2},{"damage":0,"enemies":"3 Louse","floor":5,"turns":2},{"damage":52,"enemies":"3 Sentries","floor":7,"turns":11},{"damage":10,"enemies":"The Mushroom Lair","floor":11,"turns":8},{"damage":7,"enemies":"Exordium Thugs","floor":13,"turns":6},{"damage":27,"enemies":"Gremlin Nob","floor":14,"turns":6},{"damage":49,"enemies":"The Guardian","floor":16,"turns":20},{"damage":33,"enemies":"Shell Parasite","floor":18,"turns":17},{"damage":16,"enemies":"3 Byrds","floor":19,"turns":10},{"damage":56,"enemies":"3 Cultists","floor":22,"turns":6}],"seed_played":"-6923574044602446853","potions_obtained":[{"floor":1,"key":"Explosive Potion"},{"floor":3,"key":"Strength Potion"},{"floor":4,"key":"Explosive Potion"},{"floor":7,"key":"SpeedPotion"},{"floor":14,"key":"Poison Potion"},{"floor":16,"key":"FearPotion"},{"floor":17,"key":"FearPotion"},{"floor":18,"key":"Block Potion"},{"floor":19,"key":"GamblersBrew"}],"is_trial":false,"path_per_floor":["M","M","M","M","M","R","E","R","T","?","?","?","M","E","R","B",null,"M","M","$","?","M"],"character_chosen":"IRONCLAD","items_purchased":["Bottled Lightning","Secret Technique"],"campfire_rested":2,"item_purchase_floors":[20,20],"current_hp_per_floor":[80,80,80,80,80,80,34,58,58,58,54,54,53,32,56,13,85,58,48,48,48,0],"gold":0,"neow_bonus":"THREE_ENEMY_KILL","is_prod":false,"is_daily":false,"chose_seed":false,"campfire_upgraded":1,"win_rate":0,"timestamp":1556494968,"path_taken":["M","M","M","M","M","R","E","R","T","?","?","?","M","E","R","BOSS","M","M","$","?","M"],"build_version":"2019-01-23","purchased_purges":1,"victory":false,"max_hp_per_floor":[80,80,80,80,80,80,80,80,80,80,80,80,80,80,80,80,85,85,85,85,85,85],"card_choices":[{"not_picked":["Headbutt","Shrug It Off"],"picked":"Flame Barrier","floor":1},{"not_picked":["Sword Boomerang","Headbutt"],"picked":"Seeing Red","floor":2},{"not_picked":["Headbutt","Sword Boomerang","Sentinel"],"picked":"SKIP","floor":3},{"not_picked":["Sentinel","Hemokinesis"],"picked":"Entrench","floor":4},{"not_picked":["Headbutt","Blood for Blood"],"picked":"Clothesline","floor":5},{"not_picked":["Warcry","Reckless Charge"],"picked":"Shrug It Off","floor":7},{"not_picked":["True Grit","Anger","Headbutt"],"picked":"SKIP","floor":13},{"not_picked":["Combust","Feel No Pain","Heavy Blade"],"picked":"SKIP","floor":14},{"not_picked":["Fiend Fire","Bludgeon"],"picked":"Brutality","floor":16},{"not_picked":["Rupture+1","Pummel","Shrug It Off"],"picked":"SKIP","floor":18},{"not_picked":["Spot Weakness","Body Slam"],"picked":"Shrug It Off","floor":19}],"player_experience":156125,"relics_obtained":[{"floor":7,"key":"MawBank"},{"floor":9,"key":"War Paint"},{"floor":11,"key":"Odd Mushroom"},{"floor":14,"key":"Ornamental Fan"}],"event_choices":[{"damage_healed":0,"gold_gain":0,"player_choice":"Ignored","damage_taken":0,"max_hp_gain":0,"max_hp_loss":0,"event_name":"Golden Idol","floor":10,"gold_loss":0},{"damage_healed":0,"gold_gain":0,"player_choice":"Fought Mushrooms","damage_taken":0,"max_hp_gain":0,"max_hp_loss":0,"event_name":"Mushrooms","floor":11,"gold_loss":0},{"damage_healed":0,"gold_gain":0,"player_choice":"Ignored","damage_taken":0,"max_hp_gain":0,"max_hp_loss":0,"event_name":"Liars Game","floor":12,"gold_loss":0},{"damage_healed":0,"gold_gain":0,"player_choice":"Paid Fearfully","damage_taken":0,"max_hp_gain":0,"max_hp_loss":0,"event_name":"Masked Bandits","floor":21,"gold_loss":118}],"is_beta":false,"boss_relics":[{"not_picked":["Snecko Eye","Fusion Hammer"],"picked":"Tiny House"}],"items_purged_floors":[20],"is_endless":false,"potions_floor_spawned":[1,3,4,7,14,16,18,19],"killed_by":"3 Cultists","ascension_level":1}