{"gold_per_floor":[117,117,131,143,143,143,143,143,143,159,186,186,186,69,69,140,140,115,62,62],"floor_reached":20,"playtime":1109,"items_purged":["Defend_R"],"score":315,"play_id":"3c1316bf-c555-43a4-b56d-ed02d4e47d6d","local_time":"20190208004330","is_ascension_mode":true,"campfire_choices":[{"data":"Shrug It Off","floor":6,"key":"SMITH"},{"floor":13,"key":"REST"},{"floor":15,"key":"REST"}],"neow_cost":"NONE","seed_source_timestamp":89382273763285,"circlet_count":0,"master_deck":["AscendersBane","Strike_R","Strike_R","Strike_R","Strike_R","Defend_R","Defend_R","Defend_R","Bash+1","Warcry","Shrug It Off+1","Anger","Pommel Strike","Flame Barrier","Second Wind","Shrug It Off"],"special_seed":0,"relics":["Busted Crown","NlothsMask","Girya","StoneCalendar","Mark of Pain"],"potions_floor_usage":[10,11,16],"damage_taken":[{"damage":0.0,"enemies":"2 Louse","floor":1.0,"turns":2.0},{"damage":2.0,"enemies":"Cultist","floor":3.0,"turns":4.0},{"damage":2.0,"enemies":"Jaw Worm","floor":4.0,"turns":3.0},{"damage":3,"enemies":"3 Louse","floor":10,"turns":6},{"damage":45,"enemies":"3 Sentries","floor":11,"turns":11},{"damage":21,"enemies":"Hexaghost","floor":16,"turns":7},{"damage":23,"enemies":"2 Thieves","floor":18,"turns":4},{"damage":48,"enemies":"Chosen","floor":20,"turns":6}],"seed_played":"-5169867150522000869","potions_obtained":[{"floor":3.0,"key":"BloodPotion"},{"floor":4.0,"key":"GamblersBrew"},{"floor":11,"key":"LiquidBronze"}],"is_trial":false,"path_per_floor":["M","?","M","M","?","R","T","?","T","M","E","?","R","$","R","B",null,"M","$","M"],"character_chosen":"IRONCLAD","items_purchased":["Flame Barrier","Shrug It Off"],"campfire_rested":2,"item_purchase_floors":[14,19],"current_hp_per_floor":[68,68,66,64,64,64,64,57,57,61,16,16,38,38,60,39,66,43,43,0],"gold":62,"neow_bonus":"BOSS_RELIC","is_prod":false,"is_daily":false,"chose_seed":false,"campfire_upgraded":1,"win_rate":0,"timestamp":1549579410,"path_taken":["M","?","?","M","?","R","?","?","T","M","E","?","R","?","R","BOSS","M","$","?"],"build_version":"2019-01-23","purchased_purges":1,"victory":false,"max_hp_per_floor":[75,75,75,75,75,75,75,75,75,75,75,75,75,75,75,75,75,75,75,75],"card_choices":[{"not_picked":[],"picked":"Warcry","floor":1.0},{"not_picked":["Heavy Blade"],"picked":"SKIP","floor":3.0},{"not_picked":[],"picked":"Shrug It Off","floor":4.0},{"not_picked":[],"picked":"Anger","floor":10},{"not_picked":[],"picked":"Pommel Strike","floor":11},{"not_picked":[],"picked":"Second Wind","floor":18}],"player_experience":565279,"relics_obtained":[{"floor":9,"key":"Girya"},{"floor":11,"key":"StoneCalendar"}],"event_choices":[{"damage_healed":0.0,"max_hp_gain":0.0,"max_hp_loss":0.0,"gold_gain":0.0,"event_name":"FaceTrader","player_choice":"Trade","floor":2.0,"gold_loss":0.0,"damage_taken":0.0,"relics_obtained":["NlothsMask"]},{"damage_healed":0,"gold_gain":0,"player_choice":"Grow","damage_taken":0,"max_hp_gain":0,"max_hp_loss":0,"event_name":"Living Wall","floor":5,"gold_loss":0,"cards_upgraded":["Bash"]},{"cards_removed":["Strike_R"],"damage_healed":0,"gold_gain":0,"player_choice":"Card Removal","damage_taken":7,"max_hp_gain":0,"max_hp_loss":0,"event_name":"Golden Wing","floor":8,"gold_loss":0},{"damage_healed":0,"gold_gain":0,"player_choice":"Ignored","damage_taken":0,"max_hp_gain":0,"max_hp_loss":0,"event_name":"Liars Game","floor":12,"gold_loss":0}],"is_beta":false,"boss_relics":[{"not_picked":["Philosopher\u0027s Stone","Tiny House"],"picked":"Mark of Pain"}],"items_purged_floors":[14],"is_endless":false,"potions_floor_spawned":[3,4,11],"killed_by":"Chosen","ascension_level":17}