{"gold_per_floor":[113,113,125,139,157,188,121,141,441,452,452,478,653,104,104,209,209,222,67,67,67,123,158,158,192,192,209,222,222,222],"floor_reached":30,"playtime":764,"items_purged":["Doubt"],"score":303,"play_id":"36b18f0f-73b0-4748-b37c-1777d52cda53","local_time":"20190505211617","is_ascension_mode":false,"campfire_choices":[{"data":"Lockon","floor":11.0,"key":"SMITH"},{"floor":15.0,"key":"REST"},{"data":"Redo","floor":24.0,"key":"SMITH"},{"data":"Tempest","floor":29.0,"key":"SMITH"}],"neow_cost":"NONE","seed_source_timestamp":0,"circlet_count":0,"master_deck":["Strike_B","Strike_B","Strike_B","Defend_B","Defend_B","Zap","Dualcast","Deep Breath","Steam Power","Auto Shields","Ball Lightning","Go for the Eyes","Redo","Lockon+1","Cold Snap","Redo","Ball Lightning","Hello World","Multi-Cast","Machine Learning","Redo+1","Shame","Coolheaded","Coolheaded","Static Discharge","Tempest+1"],"special_seed":0,"relics":["Cracked Core","Dream Catcher","Old Coin","Emotion Chip","PreservedInsect","Symbiotic Virus","Empty Cage","Bag of Marbles","Gambling Chip","MutagenicStrength","Tiny Chest","Smiling Mask","Sundial","Singing Bowl"],"potions_floor_usage":[],"damage_taken":[{"damage":0.0,"enemies":"Small Slimes","floor":1.0,"turns":3.0},{"damage":6.0,"enemies":"Cultist","floor":3.0,"turns":3.0},{"damage":0.0,"enemies":"2 Louse","floor":4.0,"turns":1.0},{"damage":5.0,"enemies":"Looter","floor":5.0,"turns":3.0},{"damage":14.0,"enemies":"Gremlin Nob","floor":6.0,"turns":4.0},{"damage":12.0,"enemies":"Large Slime","floor":8.0,"turns":4.0},{"damage":5.0,"enemies":"Blue Slaver","floor":10.0,"turns":2.0},{"damage":11.0,"enemies":"3 Sentries","floor":12.0,"turns":6.0},{"damage":22.0,"enemies":"The Guardian","floor":16.0,"turns":8.0},{"damage":1.0,"enemies":"Shell Parasite","floor":18.0,"turns":2.0},{"damage":0.0,"enemies":"Gremlin Leader","floor":23.0,"turns":3.0},{"damage":26.0,"enemies":"Book of Stabbing","floor":25.0,"turns":3.0},{"damage":8.0,"enemies":"Spheric Guardian","floor":27.0,"turns":3.0},{"damage":15.0,"enemies":"Snecko","floor":28.0,"turns":4.0},{"damage":0,"enemies":"Centurion and Healer","floor":30,"turns":1}],"seed_played":"3202607206728739198","potions_obtained":[{"floor":5.0,"key":"Block Potion"},{"floor":6.0,"key":"FocusPotion"},{"floor":10.0,"key":"Energy Potion"},{"floor":12.0,"key":"Fire Potion"},{"floor":16.0,"key":"AttackPotion"},{"floor":25.0,"key":"Explosive Potion"}],"is_trial":false,"path_per_floor":["M","?","M","M","M","E","$","M","T","M","R","E","?","$","R","B",null,"M","$","?","?","T","E","R","E","T","M","M","R","M"],"character_chosen":"DEFECT","items_purchased":["Lockon","PreservedInsect","Symbiotic Virus","Hello World","Bag of Marbles"],"campfire_rested":1,"item_purchase_floors":[7,14,14,14,19],"current_hp_per_floor":[75,75,69,69,64,50,50,38,38,33,33,22,22,22,44,22,75,74,74,74,74,74,74,74,48,48,40,25,25,25],"gold":222,"neow_bonus":"RANDOM_COLORLESS","is_prod":false,"is_daily":false,"chose_seed":false,"campfire_upgraded":3,"win_rate":0,"timestamp":1557080177,"path_taken":["M","?","M","M","M","E","$","M","T","?","R","E","?","$","R","BOSS","M","$","?","?","?","E","R","E","T","M","M","R","M"],"build_version":"2019-01-23","purchased_purges":1,"victory":false,"max_hp_per_floor":[75,75,75,75,75,75,75,75,75,75,75,75,75,75,75,75,75,75,75,75,75,75,75,75,75,75,75,75,75,75],"card_choices":[{"not_picked":["Hologram","Compile Driver"],"picked":"Steam Power","floor":1.0},{"not_picked":["Heatsinks","Double Energy"],"picked":"Auto Shields","floor":3.0},{"not_picked":["Sweeping Beam","Blizzard"],"picked":"Ball Lightning","floor":4.0},{"not_picked":["Leap","Steam"],"picked":"Go for the Eyes","floor":5.0},{"not_picked":["Multi-Cast","Aggregate"],"picked":"Redo","floor":6.0},{"not_picked":["Sweeping Beam","Rebound"],"picked":"Cold Snap","floor":8.0},{"not_picked":["Hologram","Capacitor"],"picked":"Redo","floor":10.0},{"not_picked":["Gash","Blizzard"],"picked":"Ball Lightning","floor":12.0},{"not_picked":["Force Field","Recycle"],"picked":"Multi-Cast","floor":15.0},{"not_picked":["Core Surge","Meteor Strike"],"picked":"Machine Learning","floor":16.0},{"not_picked":["Streamline","Compile Driver+1"],"picked":"Redo","floor":18.0},{"not_picked":["Go for the Eyes","Machine Learning"],"picked":"Coolheaded","floor":23.0},{"not_picked":["Reprogram","Turbo"],"picked":"Coolheaded","floor":25.0},{"not_picked":["Streamline","Sweeping Beam"],"picked":"Static Discharge","floor":27.0},{"not_picked":["Sweeping Beam","Recycle"],"picked":"Tempest","floor":28.0}],"player_experience":280418,"relics_obtained":[{"floor":6.0,"key":"Dream Catcher"},{"floor":9.0,"key":"Old Coin"},{"floor":12.0,"key":"Emotion Chip"},{"floor":22.0,"key":"Tiny Chest"},{"floor":23.0,"key":"Smiling Mask"},{"floor":25.0,"key":"Sundial"},{"floor":26.0,"key":"Singing Bowl"}],"event_choices":[{"cards_removed":["Defend_B"],"damage_healed":0.0,"max_hp_gain":0.0,"max_hp_loss":0.0,"gold_gain":0.0,"event_name":"Purifier","player_choice":"Purged","floor":2.0,"gold_loss":0.0,"damage_taken":0.0},{"damage_healed":0.0,"max_hp_gain":0.0,"max_hp_loss":0.0,"gold_gain":175.0,"event_name":"Liars Game","player_choice":"AGREE","floor":13.0,"gold_loss":0.0,"damage_taken":0.0,"cards_obtained":["Doubt"]},{"damage_healed":0.0,"max_hp_gain":0.0,"max_hp_loss":0.0,"gold_gain":0.0,"event_name":"Addict","player_choice":"Stole Relic","floor":20.0,"gold_loss":0.0,"damage_taken":0.0,"relics_obtained":["Gambling Chip"],"cards_obtained":["Shame"]},{"damage_healed":0.0,"max_hp_gain":0.0,"max_hp_loss":0.0,"gold_gain":0.0,"event_name":"Drug Dealer","player_choice":"Inject Mutagens","floor":21.0,"gold_loss":0.0,"damage_taken":0.0,"relics_obtained":["MutagenicStrength"]}],"is_beta":false,"boss_relics":[{"not_picked":["Nuclear Battery","Velvet Choker"],"picked":"Empty Cage"}],"items_purged_floors":[14],"is_endless":false,"potions_floor_spawned":[5,6,10,12,16,18,25],"killed_by":"Centurion and Healer","ascension_level":0}