{"gold_per_floor":[209,159,169,169,187,187,213,213,236,236,511,511,523,71,71,175,175,189,171,246,256,276,276,302,302,302,315,330,330,359,12,12,12],"floor_reached":33,"playtime":1370,"items_purged":["Regret","Strike_R"],"score":285,"play_id":"a82c7018-5cd3-4546-9ca8-6d4ec9f4bc09","local_time":"20190414123111","is_ascension_mode":false,"campfire_choices":[{"data":"Bash","floor":6,"key":"SMITH"},{"data":"Pommel Strike","floor":10,"key":"SMITH"},{"data":"Sword Boomerang","floor":12,"key":"SMITH"},{"data":"Clothesline","floor":15,"key":"SMITH"},{"floor":23,"key":"REST"},{"floor":25,"key":"REST"},{"data":"Cleave","floor":29,"key":"SMITH"},{"floor":32,"key":"REST"}],"neow_cost":"NONE","seed_source_timestamp":249595945988,"circlet_count":0,"master_deck":["Strike_R","Strike_R","Strike_R","Defend_R","Defend_R","Defend_R","Defend_R","Bash+1","Sword Boomerang+1","Pommel Strike+1","Armaments+1","Clothesline+1","Twin Strike","Flex","Body Slam+1","Anger","Cleave+1"],"relics":["Burning Blood","Oddly Smooth Stone","Orichalcum","FossilizedHelix","White Beast Statue","Smiling Mask","Bottled Lightning","Mercury Hourglass","Toy Ornithopter"],"potions_floor_usage":[22,24,24,24,28,30,30,33,33,33],"damage_taken":[{"damage":6,"enemies":"Small Slimes","floor":1,"turns":4},{"damage":8,"enemies":"2 Louse","floor":3,"turns":2},{"damage":6,"enemies":"Cultist","floor":5,"turns":3},{"damage":39,"enemies":"Lagavulin","floor":7,"turns":7},{"damage":2,"enemies":"Looter","floor":13,"turns":4},{"damage":31,"enemies":"Hexaghost","floor":16,"turns":11},{"damage":5,"enemies":"Chosen","floor":18,"turns":6},{"damage":13,"enemies":"2 Thieves","floor":19,"turns":4},{"damage":23,"enemies":"Snake Plant","floor":21,"turns":6},{"damage":40,"enemies":"3 Cultists","floor":22,"turns":8},{"damage":30,"enemies":"Slavers","floor":24,"turns":5},{"damage":6,"enemies":"Shelled Parasite and Fungi","floor":27,"turns":5},{"damage":9,"enemies":"Chosen and Byrds","floor":28,"turns":7},{"damage":38,"enemies":"Book of Stabbing","floor":30,"turns":7},{"damage":63,"enemies":"Collector","floor":33,"turns":6}],"seed_played":"-5781375763963479371","potions_obtained":[{"floor":13,"key":"Strength Potion"},{"floor":16,"key":"SpeedPotion"},{"floor":18,"key":"SkillPotion"},{"floor":19,"key":"SteroidPotion"},{"floor":21,"key":"PowerPotion"},{"floor":22,"key":"Swift Potion"},{"floor":24,"key":"PowerPotion"},{"floor":27,"key":"Regen Potion"},{"floor":28,"key":"Dexterity Potion"},{"floor":30,"key":"LiquidBronze"}],"is_trial":false,"path_per_floor":["M","?","M","?","M","R","E","?","T","R","?","R","M","$","R","B",null,"M","M","?","M","M","R","E","R","T","M","M","R","E","$","R","B"],"character_chosen":"IRONCLAD","items_purchased":["Clothesline","Twin Strike","FossilizedHelix","Toy Ornithopter","FearPotion","Fire Potion"],"campfire_rested":3,"item_purchase_floors":[14,14,14,31,31,31],"current_hp_per_floor":[80,80,78,83,83,83,50,50,50,50,50,50,54,54,54,29,85,85,78,70,53,19,44,20,45,45,45,54,54,22,22,47,0],"gold":12,"neow_bonus":"HUNDRED_GOLD","is_prod":false,"is_daily":false,"chose_seed":false,"campfire_upgraded":5,"win_rate":0,"timestamp":1555259471,"path_taken":["M","?","M","?","M","R","E","?","T","R","?","R","?","$","R","BOSS","M","M","?","M","M","R","E","R","T","M","M","R","E","$","R","BOSS"],"build_version":"2019-01-23","purchased_purges":2,"victory":false,"max_hp_per_floor":[80,80,80,85,85,85,85,85,85,85,85,85,85,85,85,85,85,85,85,85,85,85,85,85,85,85,85,85,85,85,85,85,85],"card_choices":[{"not_picked":["Wild Strike","Headbutt"],"picked":"Sword Boomerang","floor":1},{"not_picked":["Combust","Sever Soul"],"picked":"Pommel Strike","floor":3},{"not_picked":["Uppercut","Havoc"],"picked":"Armaments","floor":5},{"not_picked":["Infernal Blade","Flame Barrier","Headbutt"],"picked":"SKIP","floor":7},{"not_picked":["Entrench","Sentinel","Body Slam"],"picked":"SKIP","floor":13},{"not_picked":["Inflame","Body Slam","Infernal Blade"],"picked":"SKIP","floor":18},{"not_picked":["Pommel Strike","Burning Pact"],"picked":"Flex","floor":19},{"not_picked":["True Grit","Headbutt","Combust"],"picked":"SKIP","floor":21},{"not_picked":["Seeing Red","Hemokinesis","Armaments"],"picked":"SKIP","floor":22},{"not_picked":["Reckless Charge","Bludgeon"],"picked":"Body Slam+1","floor":24},{"not_picked":["Blood for Blood","Twin Strike+1"],"picked":"Anger","floor":27},{"not_picked":["Rage","Power Through"],"picked":"Cleave","floor":28},{"not_picked":["Heavy Blade","Flex","Limit Break"],"picked":"SKIP","floor":30}],"player_experience":569531,"relics_obtained":[{"floor":7,"key":"Oddly Smooth Stone"},{"floor":9,"key":"Orichalcum"},{"floor":24,"key":"Smiling Mask"},{"floor":26,"key":"Bottled Lightning"},{"floor":30,"key":"Mercury Hourglass"}],"event_choices":[{"cards_removed":["Strike_R"],"damage_healed":0,"gold_gain":0,"player_choice":"Card Removal","damage_taken":0,"max_hp_gain":0,"max_hp_loss":0,"event_name":"The Cleric","floor":2,"gold_loss":50},{"damage_healed":0,"gold_gain":0,"player_choice":"Donut","damage_taken":0,"max_hp_gain":5,"max_hp_loss":0,"event_name":"Big Fish","floor":4,"gold_loss":0},{"damage_healed":0,"gold_gain":0,"player_choice":"Grow","damage_taken":0,"max_hp_gain":0,"max_hp_loss":0,"event_name":"Living Wall","floor":8,"gold_loss":0,"cards_upgraded":["Armaments"]},{"damage_healed":0,"gold_gain":275,"player_choice":"Desecrate","damage_taken":0,"max_hp_gain":0,"max_hp_loss":0,"event_name":"Golden Shrine","floor":11,"gold_loss":0,"cards_obtained":["Regret"]},{"damage_healed":0,"gold_gain":75,"player_choice":"Touch","damage_taken":8,"max_hp_gain":0,"max_hp_loss":0,"event_name":"FaceTrader","floor":20,"gold_loss":0}],"is_beta":false,"boss_relics":[{"not_picked":["Pandora\u0027s Box","Eternal Feather"],"picked":"White Beast Statue"}],"items_purged_floors":[14,31],"is_endless":false,"potions_floor_spawned":[13,16,18,19,21,22,24,27,28,30],"killed_by":"Collector","ascension_level":0}