{"gold_per_floor":[113,129,146,146,159,186,186,186,241,267,314,52,37],"floor_reached":13,"playtime":638,"items_purged":["Strike_R"],"score":100,"play_id":"65291121-0118-4f1e-9f46-577b88dfa392","local_time":"20190427180831","is_ascension_mode":true,"campfire_choices":[{"data":"Corruption","floor":7,"key":"SMITH"}],"neow_cost":"NONE","seed_source_timestamp":1137166728129852,"circlet_count":0,"master_deck":["Strike_R","Strike_R","Strike_R","Strike_R","Defend_R","Defend_R","Defend_R","Defend_R","Bash","Uppercut+1","Corruption+1","Heavy Blade","Infernal Blade","Warcry","Shrug It Off","Combust","Madness","Spot Weakness","Armaments"],"relics":["Black Star","Bottled Tornado","Bag of Marbles","MawBank","Potion Belt","Lantern"],"potions_floor_usage":[5,11],"damage_taken":[{"damage":2,"enemies":"2 Louse","floor":1,"turns":4},{"damage":7,"enemies":"Jaw Worm","floor":2,"turns":4},{"damage":1,"enemies":"Cultist","floor":3,"turns":3},{"damage":6,"enemies":"Lots of Slimes","floor":5,"turns":3},{"damage":4,"enemies":"Gremlin Nob","floor":6,"turns":3},{"damage":7,"enemies":"Blue Slaver","floor":10,"turns":3},{"damage":42,"enemies":"3 Sentries","floor":11,"turns":7},{"damage":11,"enemies":"Exordium Thugs","floor":13,"turns":1}],"seed_played":"-1047933956413551461","potions_obtained":[{"floor":1,"key":"Strength Potion"},{"floor":2,"key":"Explosive Potion"},{"floor":3,"key":"Weak Potion"},{"floor":11,"key":"GamblersBrew"}],"is_trial":false,"path_per_floor":["M","M","M","?","M","E","R","?","T","M","E","$","M"],"character_chosen":"IRONCLAD","items_purchased":["Madness","Spot Weakness","Armaments"],"campfire_rested":0,"item_purchase_floors":[12,12,12],"current_hp_per_floor":[78,71,70,70,64,60,60,60,60,53,11,11,0],"gold":37,"neow_bonus":"BOSS_RELIC","is_prod":false,"is_daily":false,"chose_seed":false,"campfire_upgraded":1,"win_rate":0,"timestamp":1556402911,"path_taken":["M","M","M","?","M","E","R","?","T","?","E","$","M"],"build_version":"2019-01-23","purchased_purges":1,"victory":false,"max_hp_per_floor":[80,80,80,80,80,80,80,80,80,80,80,80,80],"card_choices":[{"not_picked":["Sever Soul","Clash"],"picked":"Uppercut","floor":1},{"not_picked":["Shrug It Off","Cleave"],"picked":"Corruption","floor":2},{"not_picked":["Clash","Iron Wave"],"picked":"Heavy Blade","floor":3},{"not_picked":["Iron Wave","Heavy Blade"],"picked":"Infernal Blade","floor":5},{"not_picked":["Sword Boomerang","Perfected Strike"],"picked":"Warcry","floor":6},{"not_picked":["Twin Strike","Juggernaut"],"picked":"Shrug It Off","floor":10},{"not_picked":["Inflame","Bloodletting"],"picked":"Combust","floor":11}],"player_experience":132987,"relics_obtained":[{"floor":6,"key":"Bottled Tornado"},{"floor":6,"key":"Bag of Marbles"},{"floor":9,"key":"MawBank"},{"floor":11,"key":"Potion Belt"},{"floor":11,"key":"Lantern"}],"event_choices":[{"damage_healed":0,"gold_gain":0,"player_choice":"Ignored","damage_taken":0,"max_hp_gain":0,"max_hp_loss":0,"event_name":"Liars Game","floor":4,"gold_loss":0},{"damage_healed":0,"gold_gain":0,"player_choice":"Upgraded","damage_taken":0,"max_hp_gain":0,"max_hp_loss":0,"event_name":"Upgrade Shrine","floor":8,"gold_loss":0,"cards_upgraded":["Uppercut"]}],"is_beta":false,"boss_relics":[],"items_purged_floors":[12],"is_endless":false,"potions_floor_spawned":[1,2,3,11],"killed_by":"Exordium Thugs","ascension_level":1}