{"gold_per_floor":[114,65,80,90,90,118,138,138,138,154,180,180,209,225,225,323,323,335,352,352,267,295],"floor_reached":22,"playtime":808,"items_purged":[],"score":229,"play_id":"4d35ec48-007a-48ee-912e-2eb62edd54a2","local_time":"20181120003527","is_ascension_mode":true,"campfire_choices":[{"floor":12,"key":"REST"},{"floor":15,"key":"REST"}],"neow_cost":"NONE","seed_source_timestamp":36828232731193,"circlet_count":0,"master_deck":["Strike_B","Strike_B","Defend_B","Defend_B","Defend_B","Defend_B","Zap","Dualcast","FTL","Rebound","Rebound","Auto Shields","Tempest","Compile Driver","Parasite","Doom and Gloom","Streamline","Ball Lightning","Machine Learning","Tempest+1","Coolheaded","Gash","Fusion"],"relics":["Cracked Core","Bronze Scales","Blue Candle","Ornamental Fan","Singing Bowl","Regal Pillow","Lizard Tail","MawBank"],"potions_floor_usage":[16],"damage_taken":[{"damage":10,"enemies":"2 Louse","floor":1,"turns":2},{"damage":12,"enemies":"Jaw Worm","floor":3,"turns":2},{"damage":0,"enemies":"Small Slimes","floor":4,"turns":2},{"damage":27,"enemies":"Lagavulin","floor":6,"turns":7},{"damage":11,"enemies":"Exordium Thugs","floor":7,"turns":4},{"damage":15,"enemies":"3 Louse","floor":10,"turns":3},{"damage":19,"enemies":"3 Sentries","floor":11,"turns":5},{"damage":18,"enemies":"Gremlin Nob","floor":13,"turns":4},{"damage":0,"enemies":"Large Slime","floor":14,"turns":4},{"damage":21,"enemies":"Slime Boss","floor":16,"turns":7},{"damage":44,"enemies":"2 Thieves","floor":18,"turns":3},{"damage":12,"enemies":"Chosen","floor":19,"turns":3},{"damage":40,"enemies":"Centurion and Healer","floor":22,"turns":7}],"seed_played":"3340963922704184384","potions_obtained":[{"floor":1,"key":"SkillPotion"},{"floor":6,"key":"FairyPotion"},{"floor":7,"key":"Energy Potion"},{"floor":11,"key":"Dexterity Potion"},{"floor":18,"key":"SpeedPotion"}],"is_trial":false,"path_per_floor":["M","$","M","M","?","E","M","?","T","M","E","R","E","M","R","B",null,"M","M","?","?","M"],"character_chosen":"DEFECT","items_purchased":["Rebound"],"campfire_rested":2,"item_purchase_floors":[2],"current_hp_per_floor":[65,65,53,53,53,26,15,33,33,18,7,29,13,13,51,30,77,33,21,21,21,24],"gold":295,"neow_bonus":"RANDOM_COMMON_RELIC","is_prod":false,"is_daily":false,"chose_seed":false,"campfire_upgraded":0,"win_rate":0,"timestamp":1542692127,"path_taken":["M","$","M","M","?","E","M","?","T","?","E","R","E","M","R","BOSS","M","M","?","?","M"],"build_version":"2018-11-15","purchased_purges":0,"victory":false,"max_hp_per_floor":[75,75,75,75,75,75,75,75,75,75,75,75,77,77,77,77,77,77,77,77,77,77],"card_choices":[{"not_picked":["Heatsinks","Coolheaded"],"picked":"FTL","floor":1},{"not_picked":["Storm","FTL"],"picked":"Rebound","floor":3},{"not_picked":["Gash","Hologram"],"picked":"Auto Shields","floor":4},{"not_picked":["BootSequence","Double Energy"],"picked":"Tempest","floor":6},{"not_picked":["Aggregate","Glacier"],"picked":"Compile Driver","floor":7},{"not_picked":["Beam Cell","Steam"],"picked":"Doom and Gloom","floor":10},{"not_picked":["Darkness","Recycle"],"picked":"Streamline","floor":11},{"not_picked":["Thunder Strike","Redo","Darkness"],"picked":"Singing Bowl","floor":13},{"not_picked":["Redo","Melter"],"picked":"Ball Lightning","floor":14},{"not_picked":["Hyperbeam","All For One"],"picked":"Machine Learning","floor":16},{"not_picked":["Reprogram+1","Hologram"],"picked":"Tempest+1","floor":18},{"not_picked":["Reprogram","Storm+1"],"picked":"Coolheaded","floor":19}],"player_experience":195770,"relics_obtained":[{"floor":6,"key":"Blue Candle"},{"floor":9,"key":"Ornamental Fan"},{"floor":11,"key":"Singing Bowl"},{"floor":13,"key":"Regal Pillow"}],"event_choices":[{"damage_healed":0,"gold_gain":0,"player_choice":"Leave","damage_taken":0,"max_hp_gain":0,"max_hp_loss":0,"event_name":"The Cleric","floor":5,"gold_loss":0},{"damage_healed":18,"gold_gain":0,"player_choice":"Healed and dodged fight","damage_taken":0,"max_hp_gain":0,"max_hp_loss":0,"event_name":"Mushrooms","floor":8,"gold_loss":0,"cards_obtained":["Parasite"]},{"damage_healed":0,"gold_gain":0,"cards_transformed":["Strike_B","Strike_B"],"player_choice":"Became Test Subject","damage_taken":0,"max_hp_gain":0,"max_hp_loss":0,"event_name":"Drug Dealer","floor":20,"gold_loss":0,"cards_obtained":["Gash","Fusion"]},{"damage_healed":0,"gold_gain":0,"player_choice":"Obtained Relic","damage_taken":0,"relics_obtained":["MawBank"],"max_hp_gain":0,"max_hp_loss":0,"event_name":"Addict","floor":21,"gold_loss":85}],"is_beta":false,"boss_relics":[{"not_picked":["FrozenCore","Busted Crown"],"picked":"Lizard Tail"}],"items_purged_floors":[],"is_endless":false,"potions_floor_spawned":[1,6,7,11,13,16,18],"killed_by":"Centurion and Healer","ascension_level":2}