{"gold_per_floor":[164,164,264,284,284,284,301,301,301,301,332,352,372,297,297,401,401,414,426,436,454,113,113,129,129,129,229,243,256,276,191,191,191],"floor_reached":33,"playtime":1809,"items_purged":["Strike_R","Dark Embrace+1"],"score":289,"play_id":"3d4b7176-c33c-4064-bdb6-d0ed422c2190","local_time":"20190428172138","is_ascension_mode":true,"campfire_choices":[{"data":"Searing Blow","floor":6,"key":"SMITH"},{"data":"Searing Blow+1","floor":8,"key":"SMITH"},{"data":"Searing Blow+2","floor":10,"key":"SMITH"},{"floor":15,"key":"REST"},{"floor":23,"key":"REST"},{"floor":25,"key":"REST"},{"floor":32,"key":"REST"}],"neow_cost":"NONE","seed_source_timestamp":1219567798275063,"circlet_count":0,"master_deck":["Defend_R","Defend_R","Defend_R","Defend_R","Bash","Battle Trance","Searing Blow+3","Armaments","Shockwave","Anger+1","Bludgeon+1","Inflame+1"],"relics":["Tiny House","Letter Opener","Gambling Chip","Astrolabe","Singing Bowl","Blue Candle","Pear"],"potions_floor_usage":[1,11,16,24,29],"damage_taken":[{"damage":5,"enemies":"Small Slimes","floor":1,"turns":3},{"damage":8,"enemies":"Cultist","floor":4,"turns":5},{"damage":3,"enemies":"Jaw Worm","floor":7,"turns":4},{"damage":20,"enemies":"Gremlin Nob","floor":11,"turns":4},{"damage":3,"enemies":"Red Slaver","floor":12,"turns":5},{"damage":14,"enemies":"Gremlin Gang","floor":13,"turns":4},{"damage":22,"enemies":"Hexaghost","floor":16,"turns":8},{"damage":14,"enemies":"3 Byrds","floor":18,"turns":5},{"damage":43,"enemies":"Spheric Guardian","floor":19,"turns":6},{"damage":18,"enemies":"Shelled Parasite and Fungi","floor":20,"turns":8},{"damage":4,"enemies":"Cultist and Chosen","floor":21,"turns":6},{"damage":15,"enemies":"Snecko","floor":24,"turns":3},{"damage":9,"enemies":"3 Cultists","floor":28,"turns":4},{"damage":4,"enemies":"Snake Plant","floor":29,"turns":2},{"damage":23,"enemies":"Shelled Parasite and Fungi","floor":30,"turns":4},{"damage":68,"enemies":"Automaton","floor":33,"turns":6}],"seed_played":"-4435116666470556094","potions_obtained":[{"floor":0,"key":"Poison Potion"},{"floor":1,"key":"Poison Potion"},{"floor":13,"key":"PowerPotion"},{"floor":21,"key":"Swift Potion"},{"floor":28,"key":"LiquidBronze"},{"floor":29,"key":"SmokeBomb"}],"is_trial":false,"path_per_floor":["M","?","?","M","?","R","M","R","T","R","E","M","M","$","R","B",null,"M","M","M","M","$","R","M","R","T","?","M","M","M","?","R","B"],"character_chosen":"IRONCLAD","items_purchased":["Singing Bowl"],"campfire_rested":4,"item_purchase_floors":[22],"current_hp_per_floor":[80,85,85,77,77,77,74,74,74,74,54,51,37,37,64,42,90,76,33,15,11,11,38,25,52,52,52,45,43,22,32,64,0],"gold":191,"neow_bonus":"BOSS_RELIC","is_prod":false,"is_daily":false,"chose_seed":false,"campfire_upgraded":3,"win_rate":0,"timestamp":1556486498,"path_taken":["M","?","?","?","?","R","M","R","T","R","E","M","?","$","R","BOSS","M","M","M","?","$","R","M","R","T","?","?","M","M","?","R","BOSS"],"build_version":"2019-01-23","purchased_purges":2,"victory":false,"max_hp_per_floor":[85,90,90,90,90,90,90,90,90,90,90,90,90,90,90,90,90,90,90,90,90,90,90,92,92,92,92,94,96,98,108,108,108],"card_choices":[{"not_picked":["Cleave","Body Slam"],"picked":"Battle Trance","floor":0},{"not_picked":["Battle Trance","Cleave"],"picked":"Searing Blow","floor":1},{"not_picked":["Heavy Blade","Havoc"],"picked":"Armaments","floor":4},{"not_picked":["Sword Boomerang","Wild Strike","Flame Barrier"],"picked":"SKIP","floor":7},{"not_picked":["Flex","Perfected Strike","Reckless Charge"],"picked":"SKIP","floor":11},{"not_picked":["Perfected Strike","Twin Strike","Cleave"],"picked":"SKIP","floor":12},{"not_picked":["Heavy Blade","Pummel"],"picked":"Shockwave","floor":13},{"not_picked":["Iron Wave","Cleave+1"],"picked":"Inflame+1","floor":18},{"not_picked":["Wild Strike","Bloodletting","Flex"],"picked":"SKIP","floor":19},{"not_picked":["Reckless Charge","Iron Wave","Headbutt"],"picked":"SKIP","floor":20},{"not_picked":["Hemokinesis","Sentinel","Anger+1"],"picked":"SKIP","floor":21},{"not_picked":["Havoc","Flame Barrier","Body Slam"],"picked":"Singing Bowl","floor":24},{"not_picked":["Barricade","Heavy Blade+1","Warcry"],"picked":"Singing Bowl","floor":28},{"not_picked":["Wild Strike","Anger","Warcry+1"],"picked":"Singing Bowl","floor":29},{"not_picked":["Sword Boomerang","Iron Wave","Perfected Strike"],"picked":"Singing Bowl","floor":30}],"player_experience":152066,"relics_obtained":[{"floor":9,"key":"Letter Opener"},{"floor":11,"key":"Gambling Chip"},{"floor":26,"key":"Blue Candle"}],"event_choices":[{"damage_healed":0,"gold_gain":0,"player_choice":"Donut","damage_taken":0,"max_hp_gain":5,"max_hp_loss":0,"event_name":"Big Fish","floor":2,"gold_loss":0},{"damage_healed":0,"gold_gain":100,"player_choice":"Pray","damage_taken":0,"max_hp_gain":0,"max_hp_loss":0,"event_name":"Golden Shrine","floor":3,"gold_loss":0},{"cards_removed":["Strike_R"],"damage_healed":0,"gold_gain":0,"player_choice":"Offered Basic","damage_taken":0,"max_hp_gain":0,"max_hp_loss":0,"event_name":"Bonfire Elementals","floor":5,"gold_loss":0},{"damage_healed":0,"gold_gain":100,"player_choice":"Pray","damage_taken":0,"max_hp_gain":0,"max_hp_loss":0,"event_name":"Golden Shrine","floor":27,"gold_loss":0},{"damage_healed":0,"gold_gain":0,"player_choice":"Obtained Relic","damage_taken":0,"relics_obtained":["Pear"],"max_hp_gain":0,"max_hp_loss":0,"event_name":"Addict","floor":31,"gold_loss":85}],"is_beta":false,"boss_relics":[{"not_picked":["Snecko Eye","Runic Dome"],"picked":"Astrolabe"}],"items_purged_floors":[14,22],"is_endless":false,"potions_floor_spawned":[1,13,21,28,29],"killed_by":"Automaton","ascension_level":1}