{"gold_per_floor":[113,131,11,11,11,44,62,62,62,90,103,119,139,139,139,236,236,254,264,274,274,15,45,45,45,70,102,119,136,3,28,28,131,131,147,147,162,182,195,195,195,209,290,300,300,318,344,344,344,344],"floor_reached":50,"playtime":4733,"items_purged":["Decay"],"score":623,"play_id":"3c2f9f5d-fe99-419a-88bf-85de812bf4cc","local_time":"20190519042500","is_ascension_mode":false,"campfire_choices":[{"data":"Scrape","floor":8,"key":"SMITH"},{"data":"Steam Power","floor":15,"key":"SMITH"},{"floor":24,"key":"REST"},{"floor":32,"key":"REST"},{"floor":40,"key":"REST"},{"floor":45,"key":"REST"},{"floor":49,"key":"REST"}],"neow_cost":"NONE","seed_source_timestamp":203807334043694,"circlet_count":0,"master_deck":["Zap","Dualcast","Scrape+1","FTL","Steam Power+1","Turbo","Gash","Gash","Creative AI","Creative AI","Gash","Sunder","Hologram","Auto Shields","Conserve Battery","Genetic Algorithm","Chaos","Gash","Beam Cell","Gash","Madness","Hologram+1","White Noise+1","Beam Cell+1","Beam Cell+1","Madness","Parasite"],"relics":["FrozenCore","NeowsBlessing","The Courier","Letter Opener","Bronze Scales","Pandora\u0027s Box","Sling","Pantograph","Boot","Meat on the Bone","Question Card","Ornamental Fan","Smiling Mask"],"potions_floor_usage":[10,10,16,16,23,31,33,37,39,39,39,46,48],"damage_taken":[{"damage":0,"enemies":"2 Louse","floor":1,"turns":1},{"damage":0,"enemies":"Small Slimes","floor":2,"turns":1},{"damage":0,"enemies":"Gremlin Nob","floor":6,"turns":1},{"damage":1,"enemies":"Cultist","floor":7,"turns":3},{"damage":4,"enemies":"3 Sentries","floor":10,"turns":3},{"damage":6,"enemies":"Large Slime","floor":11,"turns":5},{"damage":0,"enemies":"Exordium Thugs","floor":12,"turns":3},{"damage":2,"enemies":"Blue Slaver","floor":13,"turns":2},{"damage":41,"enemies":"The Guardian","floor":16,"turns":7},{"damage":13,"enemies":"2 Thieves","floor":18,"turns":3},{"damage":3,"enemies":"3 Byrds","floor":19,"turns":3},{"damage":23,"enemies":"Snake Plant","floor":20,"turns":4},{"damage":0,"enemies":"Gremlin Leader","floor":23,"turns":5},{"damage":29,"enemies":"Slavers","floor":27,"turns":3},{"damage":13,"enemies":"Cultist and Chosen","floor":28,"turns":5},{"damage":28,"enemies":"Shelled Parasite and Fungi","floor":29,"turns":3},{"damage":16,"enemies":"Book of Stabbing","floor":31,"turns":4},{"damage":62,"enemies":"Automaton","floor":33,"turns":8},{"damage":9,"enemies":"Orb Walker","floor":35,"turns":3},{"damage":10,"enemies":"3 Shapes","floor":37,"turns":3},{"damage":10,"enemies":"Writhing Mass","floor":38,"turns":6},{"damage":14,"enemies":"Transient","floor":39,"turns":5},{"damage":41,"enemies":"3 Darklings","floor":42,"turns":5},{"damage":21,"enemies":"Sphere and 2 Shapes","floor":44,"turns":4},{"damage":9,"enemies":"Transient","floor":46,"turns":5},{"damage":39,"enemies":"Reptomancer","floor":47,"turns":6},{"damage":8,"enemies":"Writhing Mass","floor":48,"turns":4},{"damage":100,"enemies":"Time Eater","floor":50,"turns":9}],"seed_played":"3582629721723722258","potions_obtained":[{"floor":1,"key":"Explosive Potion"},{"floor":7,"key":"Explosive Potion"},{"floor":11,"key":"Swift Potion"},{"floor":12,"key":"Fire Potion"},{"floor":18,"key":"SteroidPotion"},{"floor":20,"key":"Regen Potion"},{"floor":29,"key":"SneckoOil"},{"floor":31,"key":"EssenceOfSteel"},{"floor":35,"key":"Fire Potion"},{"floor":38,"key":"GamblersBrew"},{"floor":39,"key":"FearPotion"},{"floor":46,"key":"SmokeBomb"}],"is_trial":false,"path_per_floor":["M","M","$","?","$","E","M","R","T","E","M","M","M","?","R","B",null,"M","M","M","?","$","E","R","$","T","E","M","M","$","E","R","B",null,"M","?","M","M","M","R","?","M","T","M","R","M","E","M","R","B"],"character_chosen":"DEFECT","items_purchased":["FTL","Steam Power","Beam Cell","Sling","Madness","EssenceOfSteel"],"campfire_rested":5,"item_purchase_floors":[3,3,22,22,30,30],"current_hp_per_floor":[75,75,75,75,75,75,74,74,74,70,64,64,62,62,62,21,75,62,59,36,36,36,50,72,72,72,43,42,26,26,22,44,19,75,66,66,56,46,44,66,66,37,37,28,50,41,14,18,40,0],"gold":344,"neow_bonus":"THREE_ENEMY_KILL","is_prod":false,"is_daily":false,"chose_seed":false,"campfire_upgraded":2,"win_rate":0.0,"timestamp":1558254300,"path_taken":["M","M","$","?","$","E","M","R","T","E","M","M","M","?","R","BOSS","M","?","M","?","$","E","R","$","T","E","M","M","?","E","R","BOSS","M","?","M","M","M","R","?","M","T","?","R","M","E","M","R","BOSS"],"build_version":"2019-01-23","purchased_purges":1,"victory":false,"max_hp_per_floor":[75,75,75,75,75,75,75,75,75,75,75,75,75,75,75,75,75,75,75,75,75,75,75,75,75,75,75,75,75,75,75,75,75,75,75,75,75,75,75,75,75,75,75,75,75,75,75,75,75,75],"card_choices":[{"not_picked":["Rip and Tear","Beam Cell"],"picked":"Scrape","floor":1},{"not_picked":["Conserve Battery","Melter","Recycle"],"picked":"SKIP","floor":2},{"not_picked":["Consume","Barrage","Lockon"],"picked":"SKIP","floor":6},{"not_picked":["Conserve Battery","Hologram"],"picked":"Turbo","floor":7},{"not_picked":["Turbo","Amplify","Rebound"],"picked":"SKIP","floor":10},{"not_picked":["Barrage","Hologram"],"picked":"Gash","floor":11},{"not_picked":["Ball Lightning","Coolheaded"],"picked":"Gash","floor":12},{"not_picked":["Compile Driver","Conserve Battery","Undo"],"picked":"SKIP","floor":13},{"not_picked":["Electrodynamics","Meteor Strike"],"picked":"Creative AI","floor":16},{"not_picked":["Sweeping Beam","FTL+1"],"picked":"Gash","floor":18},{"not_picked":["Tempest","Reprogram","Self Repair"],"picked":"SKIP","floor":19},{"not_picked":["Capacitor","Redo"],"picked":"Heatsinks","floor":20},{"not_picked":["Melter+1","Biased Cognition","Coolheaded"],"picked":"SKIP","floor":23},{"not_picked":["Reprogram","Genetic Algorithm"],"picked":"Gash","floor":27},{"not_picked":["Redo","Double Energy","Sweeping Beam+1"],"picked":"SKIP","floor":28},{"not_picked":["Reinforced Body","Streamline","Sweeping Beam"],"picked":"SKIP","floor":29},{"not_picked":["Electrodynamics","Steam","Stack"],"picked":"SKIP","floor":31},{"not_picked":["Recycle","Sweeping Beam+1","Redo"],"picked":"Hologram+1","floor":35},{"not_picked":["Genetic Algorithm+1","Go for the Eyes+1","Conserve Battery+1"],"picked":"White Noise+1","floor":37},{"not_picked":["Glacier+1","Lockon","Cold Snap"],"picked":"Beam Cell+1","floor":38},{"not_picked":["Coolheaded+1","Redo+1","Auto Shields"],"picked":"Beam Cell+1","floor":39},{"not_picked":["Forethought","Bandage Up","Mind Blast"],"picked":"Madness","floor":41},{"not_picked":["Streamline","Echo Form","Chaos+1","Beam Cell"],"picked":"SKIP","floor":42},{"not_picked":["Hello World","Aggregate","Doom and Gloom","Steam Power"],"picked":"SKIP","floor":44},{"not_picked":["Leap","Barrage","Stack","Hello World+1"],"picked":"SKIP","floor":46},{"not_picked":["Cold Snap","Skim","Creative AI","Rebound+1"],"picked":"SKIP","floor":47}],"player_experience":256631,"relics_obtained":[{"floor":6,"key":"The Courier"},{"floor":9,"key":"Letter Opener"},{"floor":10,"key":"Bronze Scales"},{"floor":23,"key":"Pantograph"},{"floor":26,"key":"Boot"},{"floor":27,"key":"Meat on the Bone"},{"floor":31,"key":"Question Card"},{"floor":43,"key":"Ornamental Fan"},{"floor":47,"key":"Smiling Mask"}],"event_choices":[{"damage_healed":0,"gold_gain":0,"player_choice":"Leave","damage_taken":0,"max_hp_gain":0,"max_hp_loss":0,"event_name":"The Cleric","floor":4,"gold_loss":0},{"damage_healed":0,"gold_gain":0,"player_choice":"Cursed","damage_taken":0,"max_hp_gain":0,"max_hp_loss":0,"event_name":"Wheel of Change","floor":14,"gold_loss":0,"cards_obtained":["Decay"]},{"damage_healed":0,"gold_gain":0,"player_choice":"Ignored","damage_taken":0,"max_hp_gain":0,"max_hp_loss":0,"event_name":"NoteForYourself","floor":21,"gold_loss":0},{"cards_removed":["Heatsinks"],"damage_healed":0,"gold_gain":0,"player_choice":"Removed Power","damage_taken":0,"max_hp_gain":0,"max_hp_loss":0,"event_name":"Falling","floor":36,"gold_loss":0},{"damage_healed":0,"gold_gain":0,"player_choice":"Memory 1","damage_taken":0,"max_hp_gain":0,"max_hp_loss":0,"event_name":"SensoryStone","floor":41,"gold_loss":0}],"is_beta":false,"boss_relics":[{"not_picked":["Philosopher\u0027s Stone","Fusion Hammer"],"picked":"Pandora\u0027s Box"},{"not_picked":["Cursed Key","Runic Dome"],"picked":"FrozenCore"}],"items_purged_floors":[22],"is_endless":false,"potions_floor_spawned":[1,7,11,12,18,20,29,31,35,38,39,46],"killed_by":"Time Eater","ascension_level":0}