{"gold_per_floor":[219,233,31,50,0,0,32,32,32,42,42,42,57,68,68,172,172,188,34,54,74,93,93,93],"floor_reached":24,"playtime":2118,"items_purged":["Strike_G","Blade Dance+1"],"score":210,"play_id":"cbedc768-c08e-4228-8b90-6697895f3621","local_time":"20190519024709","is_ascension_mode":true,"campfire_choices":[{"data":"Neutralize","floor":6.0,"key":"SMITH"},{"data":"Dash","floor":8.0,"key":"SMITH"},{"data":"Terror","floor":15.0,"key":"SMITH"},{"data":"Dagger Spray","floor":23,"key":"SMITH"}],"neow_cost":"NONE","seed_source_timestamp":0,"circlet_count":0,"master_deck":["Defend_G","Defend_G","Defend_G","Defend_G","Strike_G","Strike_G","Strike_G","Strike_G","Survivor","Neutralize+1","Blur","Outmaneuver","Terror+1","Flying Knee","Malaise+1","Acrobatics+1","Dagger Throw","Burst+1","Backflip+1","Dagger Spray+1","Flying Knee","Outmaneuver+1","Deadly Poison+1"],"special_seed":0,"relics":["Ring of the Snake","Toxic Egg 2","Gremlin Horn","Velvet Choker"],"potions_floor_usage":[24,24,24],"damage_taken":[{"damage":0.0,"enemies":"2 Louse","floor":1.0,"turns":4.0},{"damage":0.0,"enemies":"Cultist","floor":2.0,"turns":6.0},{"damage":4.0,"enemies":"Small Slimes","floor":4.0,"turns":5.0},{"damage":23.0,"enemies":"Gremlin Nob","floor":7.0,"turns":5.0},{"damage":5.0,"enemies":"Red Slaver","floor":10.0,"turns":5.0},{"damage":4.0,"enemies":"Looter","floor":13.0,"turns":4.0},{"damage":5.0,"enemies":"2 Fungi Beasts","floor":14.0,"turns":3.0},{"damage":44.0,"enemies":"The Guardian","floor":16.0,"turns":11.0},{"damage":25.0,"enemies":"3 Byrds","floor":18.0,"turns":9.0},{"damage":22,"enemies":"Spheric Guardian","floor":20,"turns":9},{"damage":1,"enemies":"Snecko","floor":21,"turns":8},{"damage":7,"enemies":"Snake Plant","floor":22,"turns":7},{"damage":20,"enemies":"Slavers","floor":24,"turns":2}],"seed_played":"-8220202868324281133","potions_obtained":[{"floor":1.0,"key":"FearPotion"},{"floor":4.0,"key":"Ancient Potion"},{"floor":7.0,"key":"Strength Potion"}],"is_trial":false,"path_per_floor":["M","M","$","M","?","R","E","R","T","M","$","?","M","M","R","B",null,"M","$","M","M","M","R","E"],"character_chosen":"THE_SILENT","items_purchased":["Terror","Flying Knee","Dagger Spray"],"campfire_rested":0,"item_purchase_floors":[3,3,19],"current_hp_per_floor":[70,70,70,66,66,66,43,43,43,38,38,70,66,61,61,17,70,45,45,23,22,15,15,0],"gold":93,"neow_bonus":"HUNDRED_GOLD","is_prod":false,"is_daily":false,"chose_seed":false,"campfire_upgraded":4,"win_rate":0,"timestamp":1558248429,"path_taken":["M","M","$","M","?","R","E","R","T","M","$","?","M","M","R","BOSS","M","$","M","M","?","R","E"],"build_version":"2019-01-23","purchased_purges":2,"victory":false,"max_hp_per_floor":[70,70,70,70,70,70,70,70,70,70,70,70,70,70,70,70,70,70,70,70,70,70,70,70],"card_choices":[{"not_picked":["Expertise","PiercingWail"],"picked":"Blur","floor":1.0},{"not_picked":["Backflip","Underhanded Strike"],"picked":"Outmaneuver","floor":2.0},{"not_picked":["Slice","Deadly Poison"],"picked":"Dash","floor":4.0},{"not_picked":["Outmaneuver","Flechettes"],"picked":"Malaise","floor":7.0},{"not_picked":["Flying Knee","Choke"],"picked":"Acrobatics+1","floor":10.0},{"not_picked":["Reflex+1","Outmaneuver+1"],"picked":"Blade Dance+1","floor":13.0},{"not_picked":["Distraction+1","PiercingWail+1"],"picked":"Dagger Throw","floor":14.0},{"not_picked":["Tools of the Trade","After Image"],"picked":"Burst+1","floor":16.0},{"not_picked":["PiercingWail+1","Bane"],"picked":"Backflip+1","floor":18.0},{"not_picked":["Cloak And Dagger+1","Slice"],"picked":"Flying Knee","floor":20},{"not_picked":["Dodge and Roll+1","Escape Plan+1"],"picked":"Outmaneuver+1","floor":21},{"not_picked":["Sucker Punch","Flying Knee"],"picked":"Deadly Poison+1","floor":22}],"player_experience":19983,"relics_obtained":[{"floor":7.0,"key":"Toxic Egg 2"},{"floor":9.0,"key":"Gremlin Horn"}],"event_choices":[{"cards_removed":["Defend_G"],"damage_healed":0.0,"max_hp_gain":0.0,"max_hp_loss":0.0,"gold_gain":0.0,"event_name":"The Cleric","player_choice":"Card Removal","floor":5.0,"gold_loss":50.0,"damage_taken":0.0},{"cards_removed":["Dash"],"damage_healed":32.0,"max_hp_gain":0.0,"max_hp_loss":0.0,"gold_gain":0.0,"event_name":"Bonfire Elementals","player_choice":"Offered Uncommon","floor":12.0,"gold_loss":0.0,"damage_taken":0.0}],"is_beta":false,"boss_relics":[{"not_picked":["Ring of the Serpent","Busted Crown"],"picked":"Velvet Choker"}],"items_purged_floors":[3,19],"is_endless":false,"potions_floor_spawned":[1,4,7,16,18],"killed_by":"Slavers","ascension_level":1}