{"gold_per_floor":[111,124,137,111,111,144,164,164,164,178,196,196,211,226,226,321,321,341,117,135,135,147,147,158,158,182,182,202,202,9,24,24,24],"floor_reached":33,"playtime":2370,"items_purged":["Strike_G"],"score":266,"play_id":"fc844903-ceac-4144-b005-c141170ca219","local_time":"20181211192055","is_ascension_mode":true,"campfire_choices":[{"floor":8,"key":"REST"},{"floor":12,"key":"REST"},{"data":"After Image","floor":15,"key":"SMITH"},{"data":"Well Laid Plans","floor":23,"key":"SMITH"},{"data":"Escape Plan","floor":25,"key":"SMITH"},{"floor":29,"key":"REST"},{"floor":32,"key":"REST"}],"neow_cost":"NONE","seed_source_timestamp":380829848136464,"circlet_count":0,"master_deck":["Defend_G","Defend_G","Defend_G","Defend_G","Defend_G","Strike_G","Strike_G","Survivor","Neutralize","After Image+1","Prepared","Deadly Poison","Acrobatics","PiercingWail","Grand Finale","Deadly Poison","Bane","Backflip","Dagger Throw","Quick Slash","Well Laid Plans+1","Slice","After Image","Dodge and Roll","Deadly Poison+1","Noxious Fumes+1","Escape Plan+1","Crippling Poison","Cloak And Dagger+1"],"relics":["Ring of the Snake","Darkstone Periapt","Dodecahedron","Empty Cage","Bag of Preparation","Anchor","Membership Card"],"potions_floor_usage":[16],"damage_taken":[{"damage":1,"enemies":"Jaw Worm","floor":1,"turns":6},{"damage":0,"enemies":"Cultist","floor":2,"turns":5},{"damage":0,"enemies":"Small Slimes","floor":3,"turns":3},{"damage":46,"enemies":"Gremlin Nob","floor":6,"turns":6},{"damage":9,"enemies":"Exordium Wildlife","floor":7,"turns":6},{"damage":11,"enemies":"3 Louse","floor":10,"turns":4},{"damage":0,"enemies":"Gremlin Gang","floor":11,"turns":6},{"damage":2,"enemies":"Blue Slaver","floor":13,"turns":5},{"damage":5,"enemies":"2 Fungi Beasts","floor":14,"turns":4},{"damage":29,"enemies":"The Guardian","floor":16,"turns":11},{"damage":5,"enemies":"2 Thieves","floor":18,"turns":4},{"damage":6,"enemies":"3 Byrds","floor":20,"turns":4},{"damage":16,"enemies":"Colosseum Slavers","floor":21,"turns":4},{"damage":0,"enemies":"Centurion and Healer","floor":22,"turns":5},{"damage":19,"enemies":"Snecko","floor":24,"turns":7},{"damage":10,"enemies":"Snake Plant","floor":28,"turns":4},{"damage":3,"enemies":"Shelled Parasite and Fungi","floor":31,"turns":6},{"damage":76,"enemies":"Automaton","floor":33,"turns":12}],"seed_played":"2352081143782867924","potions_obtained":[{"floor":2,"key":"FearPotion"},{"floor":3,"key":"SteroidPotion"},{"floor":6,"key":"PowerPotion"},{"floor":16,"key":"Ancient Potion"}],"is_trial":false,"path_per_floor":["M","M","M","$","?","E","M","R","T","M","M","R","M","M","R","B",null,"M","$","M","?","M","R","M","R","T","?","M","R","$","M","R","B"],"character_chosen":"THE_SILENT","items_purchased":["PiercingWail","Bag of Preparation","Membership Card"],"campfire_rested":4,"item_purchase_floors":[4,19,30],"current_hp_per_floor":[69,69,69,69,69,23,14,35,35,24,24,45,43,38,38,9,70,65,65,59,43,43,43,24,24,24,24,14,35,35,32,53,0],"gold":24,"neow_bonus":"ONE_RANDOM_RARE_CARD","is_prod":false,"is_daily":false,"chose_seed":false,"campfire_upgraded":3,"win_rate":0,"timestamp":1544574055,"path_taken":["M","M","M","$","?","E","M","R","T","?","M","R","M","M","R","BOSS","M","$","M","?","M","R","M","R","T","?","M","R","$","?","R","BOSS"],"build_version":"2018-12-06","purchased_purges":1,"victory":false,"max_hp_per_floor":[70,70,70,70,70,70,70,70,70,70,70,70,70,70,70,70,70,70,70,70,70,70,70,70,70,70,70,70,70,70,70,70,70],"card_choices":[{"not_picked":["Quick Slash","Noxious Fumes"],"picked":"Prepared","floor":1},{"not_picked":["Outmaneuver","Prepared"],"picked":"Deadly Poison","floor":2},{"not_picked":["Choke","Escape Plan"],"picked":"Acrobatics","floor":3},{"not_picked":["Acrobatics","A Thousand Cuts"],"picked":"Bane","floor":6},{"not_picked":["Cloak And Dagger","Dodge and Roll"],"picked":"Backflip","floor":7},{"not_picked":["Blade Dance","Underhanded Strike"],"picked":"Dagger Throw","floor":10},{"not_picked":["Dagger Throw","PiercingWail"],"picked":"Quick Slash","floor":11},{"not_picked":["Blade Dance","Concentrate"],"picked":"Well Laid Plans","floor":13},{"not_picked":["Burst","Backflip"],"picked":"Slice","floor":14},{"not_picked":["Corpse Explosion","Wraith Form v2"],"picked":"After Image","floor":16},{"not_picked":["Terror+1","Backflip"],"picked":"Dodge and Roll","floor":18},{"not_picked":["Poisoned Stab+1","Dagger Throw"],"picked":"Deadly Poison+1","floor":20},{"not_picked":["Quick Slash","Poisoned Stab"],"picked":"Noxious Fumes+1","floor":22},{"not_picked":["Outmaneuver","Prepared"],"picked":"Escape Plan","floor":24},{"not_picked":["PiercingWail+1","Poisoned Stab"],"picked":"Crippling Poison","floor":28},{"not_picked":["Quick Slash","Dagger Throw"],"picked":"Cloak And Dagger+1","floor":31}],"player_experience":317806,"relics_obtained":[{"floor":6,"key":"Darkstone Periapt"},{"floor":9,"key":"Dodecahedron"},{"floor":26,"key":"Anchor"}],"event_choices":[{"damage_healed":0,"gold_gain":0,"player_choice":"2 cards matched","damage_taken":0,"max_hp_gain":0,"max_hp_loss":0,"event_name":"Match and Keep!","floor":5,"gold_loss":0,"cards_obtained":["Grand Finale","Deadly Poison"]},{"damage_healed":0,"gold_gain":0,"player_choice":"Fight","damage_taken":0,"max_hp_gain":0,"max_hp_loss":0,"event_name":"Colosseum","floor":21,"gold_loss":0},{"damage_healed":0,"gold_gain":0,"player_choice":"Fled From Nobs","damage_taken":0,"max_hp_gain":0,"max_hp_loss":0,"event_name":"Colosseum","floor":21,"gold_loss":0},{"damage_healed":0,"gold_gain":0,"player_choice":"Ignored","damage_taken":0,"max_hp_gain":0,"max_hp_loss":0,"event_name":"Cursed Tome","floor":27,"gold_loss":0}],"is_beta":false,"boss_relics":[{"not_picked":["Orrery","Ring of the Serpent"],"picked":"Empty Cage"}],"items_purged_floors":[19],"is_endless":false,"potions_floor_spawned":[2,3,6,16,18,21,22,31],"killed_by":"Automaton","ascension_level":1}