{"gold_per_floor":[115,40,53,53,18,18,18,18,18,30,30,64,81,95,95,168,168,180,190,201,2,21,21,21,21,21,39,39,39],"floor_reached":29,"playtime":2095,"items_purged":["Strike_R","Defend_R"],"score":475,"play_id":"748f53a3-6340-409d-8cf9-38bef213cf1a","local_time":"20190217133355","is_ascension_mode":true,"campfire_choices":[{"data":"Bash","floor":6.0,"key":"SMITH"},{"data":"Feed","floor":8.0,"key":"SMITH"},{"floor":15.0,"key":"REST"},{"floor":23.0,"key":"REST"},{"floor":25.0,"key":"REST"},{"floor":28.0,"key":"REST"}],"neow_cost":"PERCENT_DAMAGE","seed_source_timestamp":228973573505977,"circlet_count":0,"master_deck":["AscendersBane","Strike_R+1","Strike_R+1","Defend_R","Defend_R","Bash+1","Barricade","Feed+1","Spot Weakness","Iron Wave","Shrug It Off","Rage","Shrug It Off","Anger+1","Fiend Fire+1","Warcry+1","Finesse","Pommel Strike+1"],"special_seed":0,"relics":["Burning Blood","Molten Egg 2","Red Skull","Whetstone","Mark of Pain","Mummified Hand"],"potions_floor_usage":[29,29,29],"damage_taken":[{"damage":2.0,"enemies":"Cultist","floor":1.0,"turns":4.0},{"damage":2.0,"enemies":"Jaw Worm","floor":3.0,"turns":3.0},{"damage":0.0,"enemies":"Small Slimes","floor":10.0,"turns":3.0},{"damage":46.0,"enemies":"Gremlin Nob","floor":12.0,"turns":5.0},{"damage":6.0,"enemies":"2 Fungi Beasts","floor":13.0,"turns":3.0},{"damage":5.0,"enemies":"Exordium Wildlife","floor":14.0,"turns":4.0},{"damage":27.0,"enemies":"Hexaghost","floor":16.0,"turns":7.0},{"damage":22.0,"enemies":"3 Byrds","floor":18.0,"turns":6.0},{"damage":21.0,"enemies":"2 Thieves","floor":19.0,"turns":4.0},{"damage":24.0,"enemies":"Centurion and Healer","floor":20.0,"turns":6.0},{"damage":9.0,"enemies":"Snake Plant","floor":22.0,"turns":3.0},{"damage":62.0,"enemies":"Chosen and Byrds","floor":27.0,"turns":7.0},{"damage":98,"enemies":"Slavers","floor":29,"turns":6}],"seed_played":"6263699882524314755","potions_obtained":[{"floor":1.0,"key":"GamblersBrew"},{"floor":13.0,"key":"SteroidPotion"},{"floor":16.0,"key":"FearPotion"},{"floor":19.0,"key":"EssenceOfSteel"},{"floor":22.0,"key":"BloodPotion"},{"floor":27.0,"key":"EntropicBrew"}],"is_trial":false,"path_per_floor":["M","$","M","$","?","R","?","R","T","M","?","E","M","M","R","B",null,"M","M","M","$","M","R","?","R","T","M","R","E"],"character_chosen":"IRONCLAD","items_purchased":["Finesse"],"campfire_rested":4,"item_purchase_floors":[21],"current_hp_per_floor":[57,57,64,64,81,81,74,74,74,84,73,37,41,46,75,54,86,70,59,45,45,46,78,78,109,109,63,95,0],"gold":39,"neow_bonus":"TRANSFORM_TWO_CARDS","is_prod":false,"is_daily":false,"chose_seed":false,"campfire_upgraded":2,"win_rate":0,"timestamp":1550403235,"path_taken":["M","$","M","?","?","R","?","R","T","M","?","E","?","M","R","BOSS","M","M","M","$","M","R","?","R","T","M","R","E"],"build_version":"2019-01-23","purchased_purges":2,"victory":false,"max_hp_per_floor":[78,78,81,81,81,81,81,81,81,85,85,89,93,97,97,97,97,97,101,105,105,109,109,109,109,109,109,109,109],"card_choices":[{"not_picked":["Pommel Strike","Thunderclap"],"picked":"Spot Weakness","floor":1.0},{"not_picked":["Disarm","Corruption"],"picked":"Iron Wave","floor":3.0},{"not_picked":["True Grit","Sword Boomerang+1"],"picked":"Shrug It Off","floor":10.0},{"not_picked":["Fire Breathing","Clash+1"],"picked":"Rage","floor":12.0},{"not_picked":["Battle Trance","Warcry"],"picked":"Shrug It Off","floor":13.0},{"not_picked":["Intimidate","Hemokinesis+1"],"picked":"Anger+1","floor":14.0},{"not_picked":["Berserk","Bludgeon+1"],"picked":"Fiend Fire+1","floor":16.0},{"not_picked":["Fire Breathing","Clash+1"],"picked":"Warcry+1","floor":18.0},{"not_picked":["Havoc","Anger+1","Wild Strike+1"],"picked":"SKIP","floor":19.0},{"not_picked":["True Grit","Shrug It Off","Havoc"],"picked":"SKIP","floor":20.0},{"not_picked":["Fiend Fire+1","True Grit","Seeing Red"],"picked":"SKIP","floor":22.0},{"not_picked":["Cleave+1","Heavy Blade+1"],"picked":"Pommel Strike+1","floor":27.0}],"player_experience":628962,"relics_obtained":[{"floor":9.0,"key":"Molten Egg 2"},{"floor":12.0,"key":"Whetstone"},{"floor":26.0,"key":"Mummified Hand"}],"event_choices":[{"damage_healed":20.0,"max_hp_gain":0.0,"max_hp_loss":0.0,"gold_gain":0.0,"event_name":"The Cleric","player_choice":"Healed","floor":5.0,"gold_loss":35.0,"damage_taken":0.0},{"cards_removed":["Strike_R"],"damage_healed":0.0,"max_hp_gain":0.0,"max_hp_loss":0.0,"gold_gain":0.0,"event_name":"Golden Wing","player_choice":"Card Removal","floor":7.0,"gold_loss":0.0,"damage_taken":7.0},{"damage_healed":0.0,"max_hp_gain":0.0,"max_hp_loss":0.0,"gold_gain":0.0,"event_name":"Scrap Ooze","player_choice":"Success","floor":11.0,"gold_loss":0.0,"damage_taken":11.0,"relics_obtained":["Red Skull"]},{"damage_healed":0.0,"max_hp_gain":0.0,"max_hp_loss":0.0,"gold_gain":0.0,"event_name":"Ghosts","player_choice":"Ignored","floor":24.0,"gold_loss":0.0,"damage_taken":0.0}],"is_beta":false,"boss_relics":[{"not_picked":["Black Star","Busted Crown"],"picked":"Mark of Pain"}],"items_purged_floors":[2,21],"is_endless":false,"potions_floor_spawned":[1,13,16,19,22,27],"killed_by":"Slavers","ascension_level":20}