{"gold_per_floor":[113,91,91,104,8,8,43,43,43,68,68,87,102,115,115,215,215,227,246,246,246],"floor_reached":21,"playtime":2044,"items_purged":[],"score":265,"play_id":"79f06720-9684-4146-8c0e-13ba66bd05c3","local_time":"20190120165640","is_ascension_mode":true,"campfire_choices":[{"data":"Bash","floor":6.0,"key":"SMITH"},{"floor":11.0,"key":"REST"},{"data":"Iron Wave","floor":15.0,"key":"SMITH"}],"neow_cost":"NONE","seed_source_timestamp":771840045709274,"circlet_count":0,"master_deck":["Strike_R","Strike_R","Strike_R","Strike_R","Defend_R","Defend_R","Defend_R","Defend_R","Bash+1","Dramatic Entrance","Sword Boomerang","Headbutt","Metallicize","Iron Wave+1","Inflame","Rampage+1","Headbutt","Evolve","Impervious","Power Through","Rage","Dropkick","Rampage","Wild Strike+1","Power Through"],"special_seed":0,"relics":["Burning Blood","Pen Nib","Kunai","Vajra","Orrery"],"potions_floor_usage":[19],"damage_taken":[{"damage":10.0,"enemies":"Small Slimes","floor":1.0,"turns":3.0},{"damage":1.0,"enemies":"2 Louse","floor":4.0,"turns":2.0},{"damage":8.0,"enemies":"Lagavulin","floor":7.0,"turns":6.0},{"damage":15.0,"enemies":"3 Sentries","floor":10.0,"turns":6.0},{"damage":0.0,"enemies":"Cultist","floor":12.0,"turns":2.0},{"damage":14.0,"enemies":"Red Slaver","floor":13.0,"turns":2.0},{"damage":8.0,"enemies":"Large Slime","floor":14.0,"turns":3.0},{"damage":39.0,"enemies":"Hexaghost","floor":16.0,"turns":9.0},{"damage":22,"enemies":"Spheric Guardian","floor":18,"turns":4},{"damage":30,"enemies":"Shell Parasite","floor":19,"turns":5},{"damage":39,"enemies":"Chosen and Byrds","floor":21,"turns":6}],"seed_played":"-6848168523592586366","potions_obtained":[{"floor":4.0,"key":"SkillPotion"},{"floor":7.0,"key":"Fire Potion"},{"floor":12.0,"key":"Regen Potion"},{"floor":13.0,"key":"SteroidPotion"},{"floor":18,"key":"AttackPotion"}],"is_trial":false,"path_per_floor":["M","?","?","M","$","R","E","?","T","E","R","M","M","M","R","B",null,"M","M","?","M"],"character_chosen":"IRONCLAD","items_purchased":["Iron Wave","Inflame"],"campfire_rested":1,"item_purchase_floors":[5,5],"current_hp_per_floor":[68,68,68,73,73,73,71,71,71,62,80,80,72,78,78,45,71,55,31,31,0],"gold":246,"neow_bonus":"RANDOM_COLORLESS","is_prod":false,"is_daily":false,"chose_seed":false,"campfire_upgraded":2,"win_rate":0,"timestamp":1547996200,"path_taken":["M","?","?","M","$","R","E","?","T","E","R","M","M","M","R","BOSS","M","M","?","?"],"build_version":"2019-01-17v2","purchased_purges":0,"victory":false,"max_hp_per_floor":[80,80,80,80,80,80,80,80,80,80,80,80,80,80,80,80,80,80,80,80,80],"card_choices":[{"not_picked":["Pummel","Corruption"],"picked":"Sword Boomerang","floor":1.0},{"not_picked":["Headbutt","Clash"],"picked":"Metallicize","floor":4.0},{"not_picked":["Clothesline","Warcry"],"picked":"Rampage","floor":7.0},{"not_picked":["Evolve","Battle Trance"],"picked":"Headbutt","floor":10.0},{"not_picked":["Flex","Thunderclap","Anger"],"picked":"SKIP","floor":12.0},{"not_picked":["Body Slam","Warcry"],"picked":"Evolve","floor":13.0},{"not_picked":["Twin Strike","True Grit","Feel No Pain"],"picked":"SKIP","floor":14.0},{"not_picked":["Double Tap","Bludgeon"],"picked":"Impervious","floor":16.0},{"not_picked":["Anger","Wild Strike"],"picked":"Power Through","floor":17},{"not_picked":["Flex","Iron Wave"],"picked":"Rage","floor":17},{"not_picked":["Combust","Blood for Blood"],"picked":"Dropkick","floor":17},{"not_picked":["Body Slam","Combust"],"picked":"Rampage","floor":18},{"not_picked":["Warcry","True Grit"],"picked":"Wild Strike+1","floor":19}],"player_experience":313446,"relics_obtained":[{"floor":7.0,"key":"Pen Nib"},{"floor":9.0,"key":"Kunai"},{"floor":10.0,"key":"Vajra"}],"event_choices":[{"damage_healed":0.0,"max_hp_gain":0.0,"max_hp_loss":0.0,"gold_gain":0.0,"event_name":"World of Goop","player_choice":"Left Gold","floor":2.0,"gold_loss":22.0,"damage_taken":0.0},{"damage_healed":0.0,"max_hp_gain":0.0,"max_hp_loss":0.0,"gold_gain":0.0,"cards_transformed":["Strike_R"],"event_name":"Living Wall","player_choice":"Change","floor":3.0,"gold_loss":0.0,"damage_taken":0.0,"cards_obtained":["Headbutt"]},{"damage_healed":0.0,"max_hp_gain":0.0,"max_hp_loss":0.0,"gold_gain":0.0,"event_name":"Accursed Blacksmith","player_choice":"Forge","floor":8.0,"gold_loss":0.0,"damage_taken":0.0,"cards_upgraded":["Rampage"]},{"damage_healed":0,"gold_gain":0,"player_choice":"Copied","damage_taken":0,"max_hp_gain":0,"max_hp_loss":0,"event_name":"Duplicator","floor":20,"gold_loss":0,"cards_obtained":["Power Through"]}],"is_beta":false,"boss_relics":[{"not_picked":["Calling Bell","Pandora\u0027s Box"],"picked":"Orrery"}],"items_purged_floors":[],"is_endless":false,"potions_floor_spawned":[4,7,12,13,18],"killed_by":"Chosen and Byrds","ascension_level":8}