{"gold_per_floor":[18,32,32,42,117,117,145,145,171,206,206,206,218,240,240,337,337,349,449,466,381,381,381,393,393,393,393,21,55,55,55,55,155,155,167,167,184,184,184,217,217,251,251,351,351,381,381,145,145,145],"floor_reached":51,"playtime":4606,"items_purged":["Strike_B","Fission"],"score":1075,"play_id":"632953e6-7f6f-4939-a9ca-cb956914545a","local_time":"20190213143104","is_ascension_mode":true,"campfire_choices":[{"floor":6.0,"key":"REST"},{"floor":8.0,"key":"REST"},{"floor":11.0,"key":"REST"},{"floor":15.0,"key":"REST"},{"floor":23.0,"key":"REST"},{"floor":25.0,"key":"REST"},{"floor":27.0,"key":"REST"},{"floor":30.0,"key":"REST"},{"floor":32.0,"key":"DIG"},{"floor":41.0,"key":"DIG"},{"floor":45.0,"key":"DIG"},{"floor":47.0,"key":"DIG"},{"floor":49.0,"key":"DIG"}],"neow_cost":"NO_GOLD","seed_source_timestamp":0,"circlet_count":0,"master_deck":["Strike_B+1","Strike_B+1","Strike_B+1","Defend_B+1","Defend_B+1","Defend_B+1","Defend_B+1","Zap","Dualcast","Melter+1","Gash","Conserve Battery","Reprogram","Undo","Buffer","Leap","Electrodynamics","Double Energy+1","Gash","Leap","Echo Form","Gash+1","Undo","Gash+1","Dramatic Entrance+1","Gash+1","Biased Cognition","Rebound+1"],"special_seed":0,"relics":["Cracked Core","WingedGreaves","PreservedInsect","Bag of Preparation","Omamori","Odd Mushroom","Fusion Hammer","Shovel","Shuriken","Blood Vial","Blue Candle","Molten Egg 2","Whetstone","Vajra","Runic Pyramid","Ancient Tea Set","The Courier","Sundial","Art of War","Unceasing Top","Bottled Tornado","DataDisk","Regal Pillow","Bronze Scales"],"potions_floor_usage":[50],"damage_taken":[{"damage":0.0,"enemies":"Small Slimes","floor":1.0,"turns":3.0},{"damage":1.0,"enemies":"Cultist","floor":2.0,"turns":3.0},{"damage":3.0,"enemies":"2 Louse","floor":4.0,"turns":3.0},{"damage":45.0,"enemies":"Lagavulin","floor":7.0,"turns":8.0},{"damage":0.0,"enemies":"Gremlin Nob","floor":10.0,"turns":2.0},{"damage":0.0,"enemies":"Large Slime","floor":13.0,"turns":5.0},{"damage":8.0,"enemies":"The Mushroom Lair","floor":14.0,"turns":5.0},{"damage":20.0,"enemies":"The Guardian","floor":16.0,"turns":12.0},{"damage":8.0,"enemies":"3 Byrds","floor":18.0,"turns":2.0},{"damage":28.0,"enemies":"Colosseum Slavers","floor":19.0,"turns":5.0},{"damage":31.0,"enemies":"Colosseum Nobs","floor":19.0,"turns":5.0},{"damage":0.0,"enemies":"Spheric Guardian","floor":20.0,"turns":2.0},{"damage":0.0,"enemies":"3 Cultists","floor":24.0,"turns":4.0},{"damage":25.0,"enemies":"Gremlin Leader","floor":29.0,"turns":6.0},{"damage":32.0,"enemies":"Collector","floor":33.0,"turns":11.0},{"damage":34.0,"enemies":"3 Darklings","floor":35.0,"turns":6.0},{"damage":7.0,"enemies":"Orb Walker","floor":37.0,"turns":3.0},{"damage":0.0,"enemies":"Giant Head","floor":40.0,"turns":8.0},{"damage":9.0,"enemies":"Reptomancer","floor":42.0,"turns":6.0},{"damage":0.0,"enemies":"Mind Bloom Boss Battle","floor":44.0,"turns":8.0},{"damage":0.0,"enemies":"Nemesis","floor":46.0,"turns":3.0},{"damage":66,"enemies":"Time Eater","floor":50,"turns":11}],"seed_played":"-1849137080546301934","potions_obtained":[{"floor":2.0,"key":"Poison Potion"},{"floor":4.0,"key":"Energy Potion"},{"floor":7.0,"key":"AttackPotion"},{"floor":16.0,"key":"Explosive Potion"},{"floor":19.0,"key":"EssenceOfSteel"},{"floor":24.0,"key":"FearPotion"},{"floor":35.0,"key":"Explosive Potion"},{"floor":40.0,"key":"Fire Potion"},{"floor":44.0,"key":"Block Potion"}],"is_trial":false,"path_per_floor":["M","M","?","M","?","R","E","R","T","E","R","?","M","?","R","B",null,"M","?","M","?","?","R","M","R","T","R","$","E","R","?","R","B",null,"M","?","M","?","?","E","R","E","T","?","R","E","R","$","R","B",null],"character_chosen":"DEFECT","items_purchased":["Molten Egg 2","Gash+1","Fruit Juice","SpeedPotion","Rebound+1"],"campfire_rested":8,"item_purchase_floors":[28,28,48,48,48],"current_hp_per_floor":[68,67,67,64,53,75,30,52,52,52,74,59,59,51,73,53,70,62,3,3,3,3,25,27,49,49,71,71,48,70,70,70,40,66,34,34,29,66,66,66,66,57,57,59,59,61,61,66,66,2],"gold":145,"neow_bonus":"ONE_RARE_RELIC","is_prod":false,"is_daily":false,"chose_seed":false,"campfire_upgraded":0,"win_rate":0,"timestamp":1550061064,"path_taken":["M","M","?","?","?","R","E","R","T","E","R","?","M","?","R","BOSS","M","?","M","?","?","R","M","R","T","R","$","E","R","?","R","BOSS","M","?","M","?","?","E","R","E","T","?","R","E","R","$","R","BOSS"],"build_version":"2019-01-23","purchased_purges":2,"victory":true,"max_hp_per_floor":[75,75,75,75,75,75,75,75,75,75,75,75,75,75,75,75,75,75,75,75,75,75,75,75,75,75,75,75,75,75,75,75,75,75,75,75,75,66,66,66,66,66,66,66,66,66,66,71,71,71],"card_choices":[{"not_picked":["Redo","Rebound"],"picked":"Melter","floor":1.0},{"not_picked":["Go for the Eyes","Leap"],"picked":"Gash","floor":2.0},{"not_picked":["Beam Cell","Streamline"],"picked":"Reprogram","floor":4.0},{"not_picked":["Turbo","Rebound"],"picked":"Undo","floor":7.0},{"not_picked":["Go for the Eyes","Rainbow"],"picked":"Buffer","floor":10.0},{"not_picked":["Coolheaded","Beam Cell"],"picked":"Leap","floor":13.0},{"not_picked":["Echo Form","Core Surge"],"picked":"Electrodynamics","floor":16.0},{"not_picked":["Coolheaded","Compile Driver"],"picked":"Double Energy+1","floor":18.0},{"not_picked":["Rebound","Sweeping Beam"],"picked":"Gash","floor":19.0},{"not_picked":["Sunder+1","Loop+1"],"picked":"Leap","floor":20.0},{"not_picked":["Loop","Static Discharge"],"picked":"Echo Form","floor":24.0},{"not_picked":["Melter+1","Compile Driver+1"],"picked":"Undo","floor":29.0},{"not_picked":["Biased Cognition","Echo Form"],"picked":"Fission","floor":33.0},{"not_picked":["Coolheaded","Go for the Eyes+1"],"picked":"Gash+1","floor":35.0},{"not_picked":["Impatience","Finesse"],"picked":"Dramatic Entrance+1","floor":36.0},{"not_picked":["Steam+1","Turbo","Heatsinks+1"],"picked":"SKIP","floor":37.0},{"not_picked":["Leap","Compile Driver+1","Rebound+1"],"picked":"SKIP","floor":40.0},{"not_picked":["Turbo+1","Cold Snap+1"],"picked":"Gash+1","floor":42.0},{"not_picked":["Sweeping Beam+1","Leap"],"picked":"Biased Cognition","floor":46.0}],"player_experience":608306,"relics_obtained":[{"floor":7.0,"key":"PreservedInsect"},{"floor":9.0,"key":"Bag of Preparation"},{"floor":10.0,"key":"Omamori"},{"floor":14.0,"key":"Odd Mushroom"},{"floor":19.0,"key":"Shovel"},{"floor":19.0,"key":"Shuriken"},{"floor":26.0,"key":"Blue Candle"},{"floor":29.0,"key":"Whetstone"},{"floor":32.0,"key":"Vajra"},{"floor":40.0,"key":"Ancient Tea Set"},{"floor":41.0,"key":"The Courier"},{"floor":42.0,"key":"Sundial"},{"floor":43.0,"key":"Art of War"},{"floor":44.0,"key":"Unceasing Top"},{"floor":45.0,"key":"Bottled Tornado"},{"floor":46.0,"key":"DataDisk"},{"floor":47.0,"key":"Regal Pillow"},{"floor":49.0,"key":"Bronze Scales"}],"event_choices":[{"damage_healed":0.0,"max_hp_gain":0.0,"max_hp_loss":0.0,"gold_gain":0.0,"event_name":"Match and Keep!","player_choice":"2 cards matched","floor":3.0,"gold_loss":0.0,"damage_taken":0.0,"cards_obtained":["Conserve Battery","Panacea"]},{"damage_healed":0.0,"max_hp_gain":0.0,"max_hp_loss":0.0,"gold_gain":75.0,"event_name":"World of Goop","player_choice":"Gather Gold","floor":5.0,"gold_loss":0.0,"damage_taken":11.0},{"damage_healed":0.0,"max_hp_gain":0.0,"max_hp_loss":0.0,"gold_gain":0.0,"event_name":"Shining Light","player_choice":"Entered Light","floor":12.0,"gold_loss":0.0,"damage_taken":15.0,"cards_upgraded":["Melter","Strike_B"]},{"damage_healed":0.0,"max_hp_gain":0.0,"max_hp_loss":0.0,"gold_gain":0.0,"event_name":"Mushrooms","player_choice":"Fought Mushrooms","floor":14.0,"gold_loss":0.0,"damage_taken":0.0},{"damage_healed":0.0,"max_hp_gain":0.0,"max_hp_loss":0.0,"gold_gain":0.0,"event_name":"Colosseum","player_choice":"Fight","floor":19.0,"gold_loss":0.0,"damage_taken":0.0},{"damage_healed":0.0,"max_hp_gain":0.0,"max_hp_loss":0.0,"gold_gain":0.0,"event_name":"Colosseum","player_choice":"Fought Nobs","floor":19.0,"gold_loss":0.0,"damage_taken":0.0},{"damage_healed":0.0,"max_hp_gain":0.0,"max_hp_loss":0.0,"gold_gain":0.0,"event_name":"Addict","player_choice":"Obtained Relic","floor":21.0,"gold_loss":85.0,"damage_taken":0.0,"relics_obtained":["Blood Vial"]},{"damage_healed":0.0,"max_hp_gain":0.0,"max_hp_loss":0.0,"gold_gain":0.0,"event_name":"Cursed Tome","player_choice":"Ignored","floor":22.0,"gold_loss":0.0,"damage_taken":0.0},{"damage_healed":0.0,"max_hp_gain":0.0,"max_hp_loss":0.0,"gold_gain":0.0,"event_name":"Back to Basics","player_choice":"Simplicity","floor":31.0,"gold_loss":0.0,"damage_taken":0.0,"cards_upgraded":["Defend_B","Defend_B","Defend_B","Defend_B"]},{"damage_healed":0.0,"max_hp_gain":0.0,"max_hp_loss":0.0,"gold_gain":0.0,"event_name":"SensoryStone","player_choice":"Memory 1","floor":36.0,"gold_loss":0.0,"damage_taken":0.0},{"damage_healed":66.0,"max_hp_gain":0.0,"max_hp_loss":9.0,"gold_gain":0.0,"event_name":"The Moai Head","player_choice":"Heal","floor":38.0,"gold_loss":0.0,"damage_taken":0.0},{"cards_removed":["Panacea"],"damage_healed":0.0,"max_hp_gain":0.0,"max_hp_loss":0.0,"gold_gain":0.0,"event_name":"Falling","player_choice":"Removed Skill","floor":39.0,"gold_loss":0.0,"damage_taken":0.0},{"damage_healed":0.0,"max_hp_gain":0.0,"max_hp_loss":0.0,"gold_gain":0.0,"event_name":"MindBloom","player_choice":"Fight","floor":44.0,"gold_loss":0.0,"damage_taken":0.0}],"is_beta":false,"boss_relics":[{"not_picked":["Philosopher\u0027s Stone","Snecko Eye"],"picked":"Fusion Hammer"},{"not_picked":["Nuclear Battery","FrozenCore"],"picked":"Runic Pyramid"}],"items_purged_floors":[28,48],"is_endless":false,"potions_floor_spawned":[2,4,7,16,19,19,24,35,40,44],"ascension_level":7}