{"gold_per_floor":[365,365,157,157,168,168,197,197,197,226,239,239,253,312,312,312],"floor_reached":16,"playtime":490,"items_purged":["Strike_R"],"score":236,"play_id":"6af186d0-f611-471c-95e9-f9b70dfdc940","local_time":"20190405131536","is_ascension_mode":true,"campfire_choices":[{"data":"Bash","floor":6,"key":"SMITH"},{"data":"Clothesline","floor":8,"key":"SMITH"},{"data":"Rampage","floor":12,"key":"SMITH"},{"data":"Inflame","floor":15,"key":"SMITH"}],"neow_cost":"CURSE","seed_source_timestamp":37651177020334,"circlet_count":0,"master_deck":["AscendersBane","Strike_R","Strike_R","Strike_R","Strike_R","Defend_R","Defend_R","Defend_R","Defend_R","Bash+1","Whirlwind+1","Clothesline+1","Rampage+1","Inflame+1","Anger","Disarm+1"],"relics":["Burning Blood","Dream Catcher","Toxic Egg 2","Blood Vial","Tiny Chest"],"potions_floor_usage":[14],"damage_taken":[{"damage":1,"enemies":"Cultist","floor":1,"turns":3},{"damage":0,"enemies":"2 Louse","floor":5,"turns":1},{"damage":20,"enemies":"3 Sentries","floor":7,"turns":4},{"damage":26,"enemies":"Gremlin Nob","floor":10,"turns":4},{"damage":7,"enemies":"Jaw Worm","floor":11,"turns":4},{"damage":10,"enemies":"Large Slime","floor":13,"turns":4},{"damage":15,"enemies":"3 Sentries","floor":14,"turns":3},{"damage":33,"enemies":"The Guardian","floor":16,"turns":10}],"seed_played":"3936995878137377679","potions_obtained":[{"floor":5,"key":"Strength Potion"}],"is_trial":false,"path_per_floor":["M","?","$","?","M","R","E","R","T","E","M","R","M","E","R","B"],"character_chosen":"IRONCLAD","items_purchased":["Whirlwind","FearPotion"],"campfire_rested":0,"item_purchase_floors":[3,3],"current_hp_per_floor":[73,66,66,66,72,72,58,58,58,38,39,39,37,30,30,0],"gold":312,"neow_bonus":"TWO_FIFTY_GOLD","is_prod":false,"is_daily":false,"chose_seed":false,"campfire_upgraded":4,"win_rate":0,"timestamp":1554484536,"path_taken":["M","?","$","?","M","R","E","R","T","E","M","R","M","E","R","BOSS"],"build_version":"2019-01-23","purchased_purges":1,"victory":false,"max_hp_per_floor":[75,75,75,75,75,75,75,75,75,75,75,75,75,75,75,75],"card_choices":[{"not_picked":["Havoc","Seeing Red","Fire Breathing"],"picked":"SKIP","floor":1},{"not_picked":["Warcry","Clash"],"picked":"Clothesline","floor":5},{"not_picked":["Demon Form","Flex"],"picked":"Rampage","floor":7},{"not_picked":["Double Tap+1","Headbutt"],"picked":"Inflame","floor":10},{"not_picked":["Rage+1","Pummel"],"picked":"Anger","floor":11},{"not_picked":["Sentinel+1","Bloodletting+1"],"picked":"Disarm+1","floor":13},{"not_picked":["Evolve","Combust","Whirlwind"],"picked":"SKIP","floor":14}],"player_experience":534372,"relics_obtained":[{"floor":7,"key":"Dream Catcher"},{"floor":9,"key":"Toxic Egg 2"},{"floor":10,"key":"Blood Vial"},{"floor":14,"key":"Tiny Chest"}],"event_choices":[{"cards_removed":["Normality"],"damage_healed":0,"gold_gain":0,"player_choice":"Card Removal","damage_taken":7,"max_hp_gain":0,"max_hp_loss":0,"event_name":"Golden Wing","floor":2,"gold_loss":0},{"damage_healed":0,"gold_gain":0,"player_choice":"Grow","damage_taken":0,"max_hp_gain":0,"max_hp_loss":0,"event_name":"Living Wall","floor":4,"gold_loss":0,"cards_upgraded":["Whirlwind"]}],"is_beta":false,"boss_relics":[],"items_purged_floors":[3],"is_endless":false,"potions_floor_spawned":[5,7,10],"killed_by":"The Guardian","ascension_level":20}