{"gold_per_floor":[109,34,48,48,48,48,72,91,91,12,24,24,51,71,71,145,145,161,161,146,46,46,46,71,71,71,91,91,91,91,0,0,76,76,94,194,194,194,214,214,244,259,259,259,271,288,288,288,288,288,288,288,33,68,68],"floor_reached":55,"playtime":5673,"items_purged":["Dualcast","Coolheaded"],"score":1099,"play_id":"0c51a0d7-32a9-47bf-b9d8-f09e39166c09","local_time":"20190228014248","is_ascension_mode":true,"campfire_choices":[{"data":"Sunder","floor":6.0,"key":"SMITH"},{"data":"Reinforced Body","floor":12.0,"key":"SMITH"},{"floor":15.0,"key":"REST"},{"data":"Streamline","floor":23.0,"key":"SMITH"},{"data":"Auto Shields","floor":30.0,"key":"SMITH"},{"floor":32.0,"key":"REST"},{"data":"Seek","floor":40.0,"key":"SMITH"},{"floor":44.0,"key":"RECALL"},{"floor":49.0,"key":"REST"},{"floor":52.0,"key":"REST"}],"neow_cost":"NONE","seed_source_timestamp":206507574432818,"circlet_count":0,"master_deck":["AscendersBane","Core Surge","Gash","Conserve Battery","Streamline+1","Genetic Algorithm","Sunder+1","Auto Shields+1","Reinforced Body+1","FTL","Conserve Battery","Echo Form","Sweeping Beam+1","Necronomicurse","Seek+1","Gash","Panache","Skim","Gash","BootSequence+1","Skim"],"special_seed":0,"relics":["Pandora\u0027s Box","Odd Mushroom","Mercury Hourglass","Orichalcum","Sozu","Pear","Smiling Mask","Necronomicon","Nuclear Battery","Calipers","Ancient Tea Set","Peace Pipe","Shuriken","Vajra"],"potions_floor_usage":[],"damage_taken":[{"damage":0.0,"enemies":"Cultist","floor":1.0,"turns":2.0},{"damage":4.0,"enemies":"Jaw Worm","floor":3.0,"turns":3.0},{"damage":1.0,"enemies":"The Mushroom Lair","floor":7.0,"turns":3.0},{"damage":0.0,"enemies":"2 Louse","floor":8.0,"turns":2.0},{"damage":0.0,"enemies":"Looter","floor":11.0,"turns":3.0},{"damage":0.0,"enemies":"3 Louse","floor":14.0,"turns":2.0},{"damage":3.0,"enemies":"The Guardian","floor":16.0,"turns":9.0},{"damage":0.0,"enemies":"Chosen","floor":18.0,"turns":5.0},{"damage":0.0,"enemies":"2 Thieves","floor":20.0,"turns":4.0},{"damage":1.0,"enemies":"Book of Stabbing","floor":24.0,"turns":6.0},{"damage":0.0,"enemies":"Cultist and Chosen","floor":27.0,"turns":4.0},{"damage":20.0,"enemies":"Automaton","floor":33.0,"turns":10.0},{"damage":6.0,"enemies":"Orb Walker","floor":35.0,"turns":3.0},{"damage":0.0,"enemies":"Mind Bloom Boss Battle","floor":36.0,"turns":5.0},{"damage":0.0,"enemies":"3 Darklings","floor":39.0,"turns":4.0},{"damage":16.0,"enemies":"Reptomancer","floor":41.0,"turns":6.0},{"damage":0.0,"enemies":"Sphere and 2 Shapes","floor":42.0,"turns":2.0},{"damage":10.0,"enemies":"Spire Growth","floor":45.0,"turns":5.0},{"damage":0.0,"enemies":"Transient","floor":46.0,"turns":5.0},{"damage":23.0,"enemies":"Donu and Deca","floor":50.0,"turns":7.0},{"damage":21.0,"enemies":"Shield and Spear","floor":54.0,"turns":5.0},{"damage":60,"enemies":"The Heart","floor":55,"turns":6}],"seed_played":"696815810575935794","potions_obtained":[{"floor":3.0,"key":"Strength Potion"},{"floor":7.0,"key":"AttackPotion"}],"is_trial":false,"path_per_floor":["M","$","M","$","?","R","?","M","T","$","M","R","T","M","R","B",null,"M","?","M","$","$","R","E","$","T","M","?","?","R","?","R","B",null,"M","?","?","$","M","R","E","M","T","R","M","M","T","?","R","B",null,"R","$","E","B"],"character_chosen":"DEFECT","items_purchased":["FTL","Shuriken"],"campfire_rested":4,"item_purchase_floors":[10,53],"current_hp_per_floor":[68,68,64,64,57,57,56,56,56,56,56,56,56,56,75,72,74,74,67,67,67,67,67,76,76,76,76,76,60,60,60,85,65,80,74,74,74,74,74,74,58,58,58,58,48,48,48,48,72,49,73,81,81,60,0],"gold":68,"neow_bonus":"BOSS_RELIC","is_prod":false,"is_daily":false,"chose_seed":false,"campfire_upgraded":5,"win_rate":0,"timestamp":1551310968,"path_taken":["M","$","M","?","?","R","?","M","T","$","M","R","?","M","R","BOSS","M","?","M","?","$","R","E","$","T","M","?","?","R","?","R","BOSS","M","?","?","?","M","R","E","M","T","R","?","?","?","?","R","BOSS","R","$","E","BOSS"],"build_version":"2019-01-23","purchased_purges":2,"victory":false,"max_hp_per_floor":[75,75,75,75,75,75,75,75,75,75,75,75,75,75,75,75,75,75,75,75,75,75,75,85,85,85,85,85,85,85,85,85,85,85,85,85,85,85,85,85,85,85,85,85,85,85,85,81,81,81,81,81,81,81,81],"card_choices":[{"not_picked":["Steam","Recycle","Stack"],"picked":"SKIP","floor":1.0},{"not_picked":["Ball Lightning","Sweeping Beam"],"picked":"Auto Shields","floor":3.0},{"not_picked":["Force Field","Streamline"],"picked":"Reinforced Body","floor":7.0},{"not_picked":["Auto Shields","Double Energy","Hologram"],"picked":"SKIP","floor":8.0},{"not_picked":["Steam Power","Recycle"],"picked":"Conserve Battery","floor":11.0},{"not_picked":["Go for the Eyes","Defragment","Compile Driver"],"picked":"SKIP","floor":14.0},{"not_picked":["Meteor Strike","Multi-Cast"],"picked":"Echo Form","floor":16.0},{"not_picked":["BootSequence","Darkness"],"picked":"Sweeping Beam+1","floor":18.0},{"not_picked":["Compile Driver","Barrage","Heatsinks"],"picked":"SKIP","floor":20.0},{"not_picked":["Hello World","Stack","Rebound"],"picked":"SKIP","floor":24.0},{"not_picked":["Melter","Chaos+1","Darkness"],"picked":"SKIP","floor":27.0},{"not_picked":["Biased Cognition","Fission"],"picked":"Seek","floor":33.0},{"not_picked":["Beam Cell","Fusion"],"picked":"Gash","floor":35.0},{"not_picked":["Jack Of All Trades","Discovery"],"picked":"Panache","floor":37.0},{"not_picked":["Coolheaded","Recycle","Sweeping Beam"],"picked":"SKIP","floor":39.0},{"not_picked":["Turbo+1","Redo+1"],"picked":"Skim","floor":41.0},{"not_picked":["Leap","Tempest","Force Field"],"picked":"SKIP","floor":42.0},{"not_picked":["Melter","Compile Driver"],"picked":"Gash","floor":45.0},{"not_picked":["Beam Cell","Steam Power"],"picked":"BootSequence+1","floor":46.0},{"not_picked":["All For One","Static Discharge"],"picked":"Skim","floor":54.0}],"player_experience":699635,"relics_obtained":[{"floor":7.0,"key":"Odd Mushroom"},{"floor":9.0,"key":"Mercury Hourglass"},{"floor":13.0,"key":"Orichalcum"},{"floor":24.0,"key":"Pear"},{"floor":26.0,"key":"Smiling Mask"},{"floor":29.0,"key":"Necronomicon"},{"floor":36.0,"key":"Calipers"},{"floor":41.0,"key":"Ancient Tea Set"},{"floor":47.0,"key":"Peace Pipe"},{"floor":54.0,"key":"Vajra"}],"event_choices":[{"cards_removed":["Zap"],"damage_healed":0.0,"max_hp_gain":0.0,"max_hp_loss":0.0,"gold_gain":0.0,"event_name":"Golden Wing","player_choice":"Card Removal","floor":5.0,"gold_loss":0.0,"damage_taken":7.0},{"damage_healed":0.0,"max_hp_gain":0.0,"max_hp_loss":0.0,"gold_gain":0.0,"event_name":"Mushrooms","player_choice":"Fought Mushrooms","floor":7.0,"gold_loss":0.0,"damage_taken":0.0},{"damage_healed":0.0,"max_hp_gain":0.0,"max_hp_loss":0.0,"gold_gain":0.0,"event_name":"Knowing Skull","player_choice":"","floor":19.0,"potions_obtained":[],"gold_loss":0.0,"damage_taken":7.0,"cards_obtained":[]},{"cards_removed":["Steam"],"damage_healed":0.0,"max_hp_gain":0.0,"max_hp_loss":0.0,"gold_gain":0.0,"event_name":"Back to Basics","player_choice":"Elegance","floor":28.0,"gold_loss":0.0,"damage_taken":0.0},{"damage_healed":0.0,"max_hp_gain":0.0,"max_hp_loss":0.0,"gold_gain":0.0,"event_name":"Cursed Tome","player_choice":"Obtained Book","floor":29.0,"gold_loss":0.0,"damage_taken":16.0},{"damage_healed":0.0,"max_hp_gain":0.0,"max_hp_loss":0.0,"gold_gain":0.0,"event_name":"Masked Bandits","player_choice":"Paid Fearfully","floor":31.0,"gold_loss":91.0,"damage_taken":0.0},{"damage_healed":0.0,"max_hp_gain":0.0,"max_hp_loss":0.0,"gold_gain":0.0,"event_name":"MindBloom","player_choice":"Fight","floor":36.0,"gold_loss":0.0,"damage_taken":0.0},{"damage_healed":0.0,"max_hp_gain":0.0,"max_hp_loss":0.0,"gold_gain":0.0,"event_name":"SensoryStone","player_choice":"Memory 1","floor":37.0,"gold_loss":0.0,"damage_taken":0.0},{"damage_healed":0.0,"max_hp_gain":0.0,"max_hp_loss":4.0,"gold_gain":0.0,"event_name":"Winding Halls","player_choice":"Max HP","floor":48.0,"gold_loss":0.0,"damage_taken":0.0}],"is_beta":false,"boss_relics":[{"not_picked":["Astrolabe","Runic Dome"],"picked":"Sozu"},{"not_picked":["Cursed Key","Tiny House"],"picked":"Nuclear Battery"}],"items_purged_floors":[2,21],"is_endless":false,"potions_floor_spawned":[3,7,11,18,20,27,36,39,54],"killed_by":"The Heart","ascension_level":13}