{"gold_per_floor":[116,131,131,150,150,178,178,197,250,278,290,302,314,342,354,440,452,477,74,85,85,85,85,85,85,85,85],"floor_reached":27,"playtime":1970,"items_purged":["Strike_B"],"score":404,"play_id":"2f1ca90b-17d3-456b-a6bc-c0e89cc2985d","local_time":"20190308210040","is_ascension_mode":true,"campfire_choices":[{"data":"Reinforced Body","floor":7,"key":"SMITH"},{"floor":11,"key":"REST"},{"floor":13,"key":"REST"},{"floor":15,"key":"REST"},{"floor":23,"key":"REST"},{"floor":25,"key":"REST"}],"neow_cost":"TEN_PERCENT_HP_LOSS","seed_source_timestamp":587846468558969,"circlet_count":0,"master_deck":["AscendersBane","Strike_B","Defend_B","Defend_B","Defend_B+1","Zap","Dualcast","Machine Learning","Reinforced Body+1","Capacitor+1","Tempest","Rainbow","Creative AI","Conserve Battery"],"relics":["Cracked Core","Ornamental Fan","Art of War","MawBank","Fusion Hammer","DataDisk","Strange Spoon","Matryoshka"],"potions_floor_usage":[6,14,14,20,21,24],"damage_taken":[{"damage":1,"enemies":"Cultist","floor":1,"turns":3},{"damage":0,"enemies":"Jaw Worm","floor":2,"turns":3},{"damage":2,"enemies":"2 Louse","floor":4,"turns":4},{"damage":35,"enemies":"3 Sentries","floor":6,"turns":10},{"damage":0,"enemies":"Red Slaver","floor":8,"turns":3},{"damage":16,"enemies":"3 Louse","floor":10,"turns":3},{"damage":3,"enemies":"Exordium Thugs","floor":14,"turns":5},{"damage":21,"enemies":"Slime Boss","floor":16,"turns":11},{"damage":4,"enemies":"Shell Parasite","floor":18,"turns":6},{"damage":9,"enemies":"Chosen","floor":20,"turns":4},{"damage":9,"enemies":"Colosseum Slavers","floor":21,"turns":6},{"damage":13,"enemies":"Gremlin Leader","floor":24,"turns":2},{"damage":64,"enemies":"3 Cultists","floor":27,"turns":6}],"seed_played":"7550819436607838351","potions_obtained":[{"floor":1,"key":"Regen Potion"},{"floor":2,"key":"Weak Potion"},{"floor":10,"key":"AttackPotion"},{"floor":16,"key":"Block Potion"},{"floor":18,"key":"GamblersBrew"},{"floor":20,"key":"SmokeBomb"}],"is_trial":false,"path_per_floor":["M","M","?","M","?","E","R","M","T","M","R","?","R","M","R","B",null,"M","$","M","?","$","R","E","R","T","M"],"character_chosen":"DEFECT","items_purchased":["DataDisk","Strange Spoon"],"campfire_rested":5,"item_purchase_floors":[19,19],"current_hp_per_floor":[63,63,63,61,61,41,41,41,41,25,44,25,44,41,60,39,58,54,54,45,36,36,55,42,61,61,0],"gold":85,"neow_bonus":"TRANSFORM_TWO_CARDS","is_prod":false,"is_daily":false,"chose_seed":false,"campfire_upgraded":1,"win_rate":0,"timestamp":1552071640,"path_taken":["M","?","?","?","?","E","R","?","T","M","R","?","R","M","R","BOSS","M","$","M","?","$","R","E","R","T","M"],"build_version":"2019-01-23","purchased_purges":1,"victory":false,"max_hp_per_floor":[64,64,64,64,64,64,64,64,64,64,64,64,64,64,64,64,64,64,64,64,64,64,64,64,64,64,64],"card_choices":[{"not_picked":["Consume","Glacier"],"picked":"Reinforced Body","floor":1},{"not_picked":["Coolheaded","Steam"],"picked":"Capacitor","floor":2},{"not_picked":["Stack","Hologram","Melter"],"picked":"SKIP","floor":4},{"not_picked":["Compile Driver","Sweeping Beam"],"picked":"Tempest","floor":6},{"not_picked":["Doom and Gloom","Hologram"],"picked":"Rainbow","floor":8},{"not_picked":["Compile Driver","Aggregate","Darkness"],"picked":"SKIP","floor":10},{"not_picked":["Hologram","Recycle","Rebound"],"picked":"SKIP","floor":14},{"not_picked":["Buffer","Meteor Strike"],"picked":"Creative AI","floor":16},{"not_picked":["Loop+1","Stack"],"picked":"Conserve Battery","floor":18},{"not_picked":["Coolheaded","Rebound","Stack"],"picked":"SKIP","floor":20}],"player_experience":731612,"relics_obtained":[{"floor":6,"key":"Art of War"},{"floor":9,"key":"MawBank"},{"floor":26,"key":"Matryoshka"}],"event_choices":[{"cards_removed":["Strike_B"],"damage_healed":0,"gold_gain":0,"player_choice":"Card Removal","damage_taken":0,"max_hp_gain":0,"max_hp_loss":0,"event_name":"Wheel of Change","floor":3,"gold_loss":0},{"cards_removed":["Darkness"],"damage_healed":0,"gold_gain":0,"player_choice":"Gave Card","damage_taken":0,"relics_obtained":["Ornamental Fan"],"max_hp_gain":0,"max_hp_loss":0,"event_name":"WeMeetAgain","floor":5,"gold_loss":0},{"damage_healed":0,"gold_gain":0,"player_choice":"Entered Light","damage_taken":19,"max_hp_gain":0,"max_hp_loss":0,"event_name":"Shining Light","floor":12,"gold_loss":0,"cards_upgraded":["Defend_B","Capacitor"]},{"damage_healed":0,"gold_gain":0,"player_choice":"Fight","damage_taken":0,"max_hp_gain":0,"max_hp_loss":0,"event_name":"Colosseum","floor":21,"gold_loss":0},{"damage_healed":0,"gold_gain":0,"player_choice":"Fled From Nobs","damage_taken":0,"max_hp_gain":0,"max_hp_loss":0,"event_name":"Colosseum","floor":21,"gold_loss":0}],"is_beta":false,"boss_relics":[{"not_picked":["Coffee Dripper","Philosopher\u0027s Stone"],"picked":"Fusion Hammer"}],"items_purged_floors":[19],"is_endless":false,"potions_floor_spawned":[1,2,10,16,18,20],"killed_by":"3 Cultists","ascension_level":15}