{"gold_per_floor":[117,128,145,156,172,206,193,204,231,231,231,331,331,365,365,464,464,478,498,518,529,544,544],"floor_reached":23,"playtime":1278,"items_purged":[],"score":324,"play_id":"b607808b-3a56-417a-99c0-b3100355d9e8","local_time":"20181214203748","is_ascension_mode":true,"campfire_choices":[{"data":"Sword Boomerang","floor":11,"key":"SMITH"},{"data":"Pommel Strike","floor":13,"key":"SMITH"},{"data":"Armaments","floor":15,"key":"SMITH"}],"neow_cost":"NONE","seed_source_timestamp":123231492964557,"circlet_count":0,"master_deck":["AscendersBane","Strike_R","Strike_R","Strike_R","Strike_R","Strike_R","Defend_R","Defend_R","Defend_R","Defend_R","Bash+1","Armaments+1","Flame Barrier","Corruption","Cleave","Shrug It Off","Pommel Strike+1","Sword Boomerang+1","Intimidate","Sword Boomerang+1","Thunderclap","Fiend Fire","Immolate","Shrug It Off","Clothesline","Burning Pact+1","Shockwave","Clothesline","Flame Barrier","Spot Weakness"],"relics":["Burning Blood","Prayer Wheel","Blood Vial","Darkstone Periapt","Sozu"],"potions_floor_usage":[14,20],"damage_taken":[{"damage":0,"enemies":"Small Slimes","floor":1,"turns":3},{"damage":1,"enemies":"Cultist","floor":2,"turns":3},{"damage":0,"enemies":"2 Louse","floor":3,"turns":4},{"damage":7,"enemies":"Looter","floor":4,"turns":5},{"damage":9,"enemies":"Blue Slaver","floor":5,"turns":5},{"damage":40,"enemies":"3 Sentries","floor":6,"turns":10},{"damage":8,"enemies":"Exordium Thugs","floor":7,"turns":4},{"damage":0,"enemies":"3 Louse","floor":8,"turns":3},{"damage":8,"enemies":"Lagavulin","floor":14,"turns":7},{"damage":44,"enemies":"The Guardian","floor":16,"turns":13},{"damage":10,"enemies":"Spheric Guardian","floor":18,"turns":4},{"damage":9,"enemies":"3 Byrds","floor":19,"turns":4},{"damage":19,"enemies":"Centurion and Healer","floor":20,"turns":6},{"damage":10,"enemies":"Snake Plant","floor":21,"turns":4},{"damage":45,"enemies":"Shelled Parasite and Fungi","floor":22,"turns":6},{"damage":15,"enemies":"Slavers","floor":23,"turns":1}],"seed_played":"-7074045832713585707","potions_obtained":[{"floor":2,"key":"Regen Potion"},{"floor":6,"key":"FearPotion"},{"floor":14,"key":"Poison Potion"}],"is_trial":false,"path_per_floor":["M","M","M","M","M","E","M","M","T","?","R","?","R","E","R","B",null,"M","M","M","M","M","E"],"character_chosen":"IRONCLAD","items_purchased":[],"campfire_rested":0,"item_purchase_floors":[],"current_hp_per_floor":[78,80,80,79,76,42,40,46,46,46,46,46,46,61,61,25,66,64,63,52,50,13,0],"gold":544,"neow_bonus":"UPGRADE_CARD","is_prod":false,"is_daily":false,"chose_seed":false,"campfire_upgraded":3,"win_rate":0,"timestamp":1544837868,"path_taken":["M","M","M","M","M","E","M","M","T","?","R","?","R","E","R","BOSS","M","M","?","M","M","E"],"build_version":"2018-12-13","purchased_purges":0,"victory":false,"max_hp_per_floor":[80,80,80,80,80,80,80,80,80,80,80,80,80,80,80,80,80,80,80,80,80,80,80],"card_choices":[{"not_picked":["Havoc","Wild Strike"],"picked":"Armaments","floor":1},{"not_picked":["Perfected Strike","Rupture"],"picked":"Flame Barrier","floor":2},{"not_picked":["Iron Wave","Clothesline"],"picked":"Corruption","floor":3},{"not_picked":["True Grit","Iron Wave"],"picked":"Cleave","floor":4},{"not_picked":["Limit Break","True Grit"],"picked":"Shrug It Off","floor":5},{"not_picked":["Rage","Heavy Blade"],"picked":"Pommel Strike","floor":6},{"not_picked":["Anger","Flame Barrier"],"picked":"Sword Boomerang","floor":7},{"not_picked":["Seeing Red","Sentinel"],"picked":"Intimidate","floor":7},{"not_picked":["Second Wind","Warcry"],"picked":"Sword Boomerang","floor":8},{"not_picked":["Perfected Strike","Rupture"],"picked":"Thunderclap","floor":8},{"not_picked":["Havoc","Dual Wield"],"picked":"Fiend Fire","floor":14},{"not_picked":["Bludgeon","Fiend Fire"],"picked":"Immolate","floor":16},{"not_picked":["Second Wind","Combust","Seeing Red"],"picked":"SKIP","floor":18},{"not_picked":["Perfected Strike","Wild Strike+1","Sword Boomerang"],"picked":"SKIP","floor":18},{"not_picked":["Perfected Strike","Anger"],"picked":"Shrug It Off","floor":19},{"not_picked":["Shrug It Off","Combust"],"picked":"Clothesline","floor":19},{"not_picked":["Flex","Infernal Blade+1"],"picked":"Burning Pact+1","floor":20},{"not_picked":["Power Through","Iron Wave"],"picked":"Shockwave","floor":20},{"not_picked":["Dual Wield","Rupture"],"picked":"Clothesline","floor":21},{"not_picked":["Blood for Blood+1","Carnage"],"picked":"Flame Barrier","floor":21},{"not_picked":["Whirlwind","Infernal Blade"],"picked":"Spot Weakness","floor":22},{"not_picked":["Flex","Iron Wave","Clothesline"],"picked":"SKIP","floor":22}],"player_experience":330558,"relics_obtained":[{"floor":6,"key":"Prayer Wheel"},{"floor":9,"key":"Blood Vial"},{"floor":14,"key":"Darkstone Periapt"}],"event_choices":[{"damage_healed":0,"gold_gain":0,"player_choice":"Grow","damage_taken":0,"max_hp_gain":0,"max_hp_loss":0,"event_name":"Living Wall","floor":10,"gold_loss":0,"cards_upgraded":["Sword Boomerang"]},{"damage_healed":0,"gold_gain":100,"player_choice":"Pray","damage_taken":0,"max_hp_gain":0,"max_hp_loss":0,"event_name":"Golden Shrine","floor":12,"gold_loss":0}],"is_beta":false,"boss_relics":[{"not_picked":["Lizard Tail","Philosopher\u0027s Stone"],"picked":"Sozu"}],"items_purged_floors":[],"is_endless":false,"potions_floor_spawned":[2,6,7,14,21],"killed_by":"Slavers","ascension_level":11}