{"gold_per_floor":[112,14,28,28,28,28,61,61,61,77,6,31,31,57,57,162,162,162,13,13,13,13,13,13,13,13,13,13,13,13,13,13,13,13,13,13,13,13,13,13,13,13,13,13,13,13,13,13,13,13,13,13,13,13],"floor_reached":54,"playtime":4100,"items_purged":["Strike_R"],"score":1162,"play_id":"03329848-da9d-448b-a669-de325cdb4928","local_time":"20190128010848","is_ascension_mode":true,"campfire_choices":[{"data":"True Grit","floor":6.0,"key":"SMITH"},{"data":"Bash","floor":8.0,"key":"SMITH"},{"floor":13.0,"key":"REST"},{"data":"Limit Break","floor":15.0,"key":"SMITH"},{"floor":23.0,"key":"REST"},{"floor":25.0,"key":"REST"},{"floor":32.0,"key":"REST"},{"floor":40.0,"key":"REST"},{"floor":44.0,"key":"RECALL"},{"floor":49.0,"key":"REST"},{"data":"Limit Break","floor":52.0,"key":"SMITH"}],"neow_cost":"NONE","seed_source_timestamp":1403573610153692,"circlet_count":0,"master_deck":["AscendersBane","Strike_R","Strike_R","Strike_R","Defend_R+1","Defend_R+1","Defend_R","Defend_R","Bash+1","Headbutt","True Grit+1","Ghostly Armor","Sentinel","Inflame","Cleave","Limit Break+1","Reaper","Headbutt+1","Whirlwind","Spot Weakness","Limit Break+1","Spot Weakness","Impervious","Shrug It Off","Ghostly Armor","Parasite"],"special_seed":0,"relics":["Burning Blood","NeowsBlessing","CultistMask","Blood Vial","Question Card","Ancient Tea Set","Matryoshka","Ectoplasm","PreservedInsect","Bag of Marbles","War Paint","Lantern","Nilry\u0027s Codex","Busted Crown","Magic Flower","Shuriken","Paper Frog"],"potions_floor_usage":[],"damage_taken":[{"damage":0.0,"enemies":"2 Louse","floor":1.0,"turns":1.0},{"damage":0.0,"enemies":"Cultist","floor":3.0,"turns":1.0},{"damage":0.0,"enemies":"Gremlin Nob","floor":7.0,"turns":1.0},{"damage":0.0,"enemies":"Small Slimes","floor":10.0,"turns":5.0},{"damage":40.0,"enemies":"3 Sentries","floor":12.0,"turns":14.0},{"damage":8.0,"enemies":"Gremlin Nob","floor":14.0,"turns":4.0},{"damage":52.0,"enemies":"The Guardian","floor":16.0,"turns":10.0},{"damage":21.0,"enemies":"Shell Parasite","floor":18.0,"turns":5.0},{"damage":17.0,"enemies":"Chosen","floor":20.0,"turns":5.0},{"damage":29.0,"enemies":"3 Cultists","floor":21.0,"turns":5.0},{"damage":32.0,"enemies":"Cultist and Chosen","floor":22.0,"turns":8.0},{"damage":20.0,"enemies":"Gremlin Leader","floor":24.0,"turns":4.0},{"damage":24.0,"enemies":"Snake Plant","floor":29.0,"turns":2.0},{"damage":19.0,"enemies":"Centurion and Healer","floor":30.0,"turns":6.0},{"damage":58.0,"enemies":"Collector","floor":33.0,"turns":7.0},{"damage":34.0,"enemies":"3 Darklings","floor":35.0,"turns":3.0},{"damage":32.0,"enemies":"Mind Bloom Boss Battle","floor":36.0,"turns":10.0},{"damage":24.0,"enemies":"3 Shapes","floor":39.0,"turns":2.0},{"damage":8.0,"enemies":"Giant Head","floor":41.0,"turns":4.0},{"damage":11.0,"enemies":"Writhing Mass","floor":46.0,"turns":4.0},{"damage":19.0,"enemies":"3 Darklings","floor":48.0,"turns":5.0},{"damage":85.0,"enemies":"Awakened One","floor":50.0,"turns":10.0},{"damage":81,"enemies":"Shield and Spear","floor":54,"turns":5}],"seed_played":"-3415934450681165957","potions_obtained":[{"floor":3.0,"key":"Poison Potion"},{"floor":12.0,"key":"Strength Potion"},{"floor":16.0,"key":"PowerPotion"},{"floor":18.0,"key":"Ancient Potion"},{"floor":20.0,"key":"Fire Potion"},{"floor":22.0,"key":"Fruit Juice"},{"floor":29.0,"key":"Dexterity Potion"},{"floor":33.0,"key":"BloodPotion"},{"floor":36.0,"key":"Poison Potion"},{"floor":41.0,"key":"Ancient Potion"},{"floor":46.0,"key":"SpeedPotion"}],"is_trial":false,"path_per_floor":["M","$","M","?","$","R","E","R","T","M","$","E","R","E","R","B",null,"M","$","M","M","M","R","E","R","T","?","?","M","M","?","R","B",null,"M","?","?","?","M","R","E","$","T","R","$","M","?","M","R","B",null,"R","$","E"],"character_chosen":"IRONCLAD","items_purchased":["Warcry","Inflame","PreservedInsect"],"campfire_rested":6,"item_purchase_floors":[2,11,19],"current_hp_per_floor":[78,78,80,80,80,80,80,80,80,80,80,46,70,70,70,26,67,54,54,57,36,28,52,45,70,70,54,54,46,52,52,77,55,78,52,54,54,54,42,67,85,85,85,85,85,83,81,71,81,66,77,77,77,0],"gold":13,"neow_bonus":"THREE_ENEMY_KILL","is_prod":false,"is_daily":false,"chose_seed":false,"campfire_upgraded":4,"win_rate":0,"timestamp":1548630528,"path_taken":["M","$","M","?","?","R","E","R","T","?","?","E","R","E","R","BOSS","M","$","M","?","M","R","E","R","T","?","?","?","M","?","R","BOSS","M","?","?","?","?","R","E","$","T","R","$","M","?","M","R","BOSS","R","$","E"],"build_version":"2019-01-23","purchased_purges":1,"victory":false,"max_hp_per_floor":[80,80,80,80,80,80,80,80,80,80,80,80,80,80,80,80,80,80,80,80,80,80,80,85,85,85,85,85,85,85,85,85,85,85,85,85,85,85,85,85,85,85,85,85,85,85,81,81,81,81,81,81,81,81],"card_choices":[{"not_picked":["Flex","Clothesline"],"picked":"Headbutt","floor":1.0},{"not_picked":["Thunderclap","Carnage"],"picked":"True Grit","floor":3.0},{"not_picked":["Pommel Strike","Cleave"],"picked":"Ghostly Armor","floor":7.0},{"not_picked":["Thunderclap","Wild Strike","Heavy Blade"],"picked":"Sentinel","floor":10.0},{"not_picked":["True Grit","Body Slam","Havoc"],"picked":"Cleave","floor":12.0},{"not_picked":["Cleave","Thunderclap","Hemokinesis"],"picked":"Limit Break","floor":14.0},{"not_picked":["Limit Break","Feed","Immolate"],"picked":"Reaper","floor":16.0},{"not_picked":["Sword Boomerang","Clothesline","Power Through"],"picked":"Headbutt+1","floor":18.0},{"not_picked":["Perfected Strike","Combust","Sentinel"],"picked":"Whirlwind","floor":20.0},{"not_picked":["Heavy Blade","Hemokinesis","Armaments","Cleave"],"picked":"SKIP","floor":21.0},{"not_picked":["Corruption","Entrench","Armaments"],"picked":"Spot Weakness","floor":22.0},{"not_picked":["Fiend Fire","True Grit","Battle Trance"],"picked":"Limit Break","floor":24.0},{"not_picked":["Havoc","Clothesline","Sword Boomerang+1","Pommel Strike"],"picked":"SKIP","floor":29.0},{"not_picked":["Entrench","Sword Boomerang","Heavy Blade"],"picked":"Spot Weakness","floor":30.0},{"not_picked":["Feed","Dark Embrace","Reaper"],"picked":"Impervious","floor":33.0},{"not_picked":["Havoc"],"picked":"Shrug It Off","floor":35.0},{"not_picked":["Blood for Blood+1","Clothesline"],"picked":"SKIP","floor":39.0},{"not_picked":["Headbutt"],"picked":"Ghostly Armor","floor":41.0},{"not_picked":["Cleave","Evolve"],"picked":"SKIP","floor":46.0},{"not_picked":["Sword Boomerang","Pommel Strike"],"picked":"SKIP","floor":48.0}],"player_experience":404616,"relics_obtained":[{"floor":7.0,"key":"Blood Vial"},{"floor":9.0,"key":"Question Card"},{"floor":12.0,"key":"Ancient Tea Set"},{"floor":14.0,"key":"Matryoshka"},{"floor":24.0,"key":"Bag of Marbles"},{"floor":26.0,"key":"War Paint"},{"floor":26.0,"key":"Lantern"},{"floor":27.0,"key":"Nilry\u0027s Codex"},{"floor":36.0,"key":"Magic Flower"},{"floor":41.0,"key":"Shuriken"},{"floor":43.0,"key":"Paper Frog"}],"event_choices":[{"damage_healed":0.0,"max_hp_gain":0.0,"max_hp_loss":0.0,"gold_gain":0.0,"event_name":"FaceTrader","player_choice":"Trade","floor":4.0,"gold_loss":0.0,"damage_taken":0.0,"relics_obtained":["CultistMask"]},{"damage_healed":0.0,"max_hp_gain":0.0,"max_hp_loss":0.0,"gold_gain":0.0,"event_name":"Cursed Tome","player_choice":"Obtained Book","floor":27.0,"gold_loss":0.0,"damage_taken":16.0},{"cards_removed":["Strike_R"],"damage_healed":0.0,"max_hp_gain":0.0,"max_hp_loss":0.0,"gold_gain":0.0,"event_name":"Purifier","player_choice":"Purged","floor":28.0,"gold_loss":0.0,"damage_taken":0.0},{"damage_healed":0.0,"max_hp_gain":0.0,"max_hp_loss":0.0,"gold_gain":99.0,"event_name":"Nest","player_choice":"Stole From Cult","floor":31.0,"gold_loss":0.0,"damage_taken":0.0},{"damage_healed":0.0,"max_hp_gain":0.0,"max_hp_loss":0.0,"gold_gain":0.0,"event_name":"MindBloom","player_choice":"Fight","floor":36.0,"gold_loss":0.0,"damage_taken":0.0},{"damage_healed":0.0,"max_hp_gain":0.0,"max_hp_loss":0.0,"gold_gain":0.0,"event_name":"Mysterious Sphere","player_choice":"Ignored","floor":37.0,"gold_loss":0.0,"damage_taken":0.0},{"cards_removed":["Warcry"],"damage_healed":0.0,"max_hp_gain":0.0,"max_hp_loss":0.0,"gold_gain":0.0,"event_name":"Falling","player_choice":"Removed Skill","floor":38.0,"gold_loss":0.0,"damage_taken":0.0},{"damage_healed":0.0,"max_hp_gain":0.0,"max_hp_loss":4.0,"gold_gain":0.0,"event_name":"Winding Halls","player_choice":"Max HP","floor":47.0,"gold_loss":0.0,"damage_taken":0.0}],"is_beta":false,"boss_relics":[{"not_picked":["Lizard Tail","Astrolabe"],"picked":"Ectoplasm"},{"not_picked":["Pandora\u0027s Box","Coffee Dripper"],"picked":"Busted Crown"}],"items_purged_floors":[2],"is_endless":false,"potions_floor_spawned":[3,12,16,18,20,22,29,33,36,41,46],"killed_by":"Shield and Spear","ascension_level":12}