{"gold_per_floor":[360,23,98,108,36,36,52,77,134,134,153,153,37,68,68,172,172,185,195,195,243,263,263,279,297,297,30,43,78,177,190,190,288,288,304,314,39,39,59,85,85,119,119,119,131,131,0,0,0,0],"floor_reached":51,"playtime":2462,"items_purged":[],"score":872,"play_id":"9f5021f4-4e7c-422f-951e-7767add05c0f","local_time":"20181202024145","is_ascension_mode":true,"campfire_choices":[{"data":"Corruption","floor":6,"key":"SMITH"},{"data":"Feel No Pain","floor":10,"key":"SMITH"},{"data":"Spot Weakness","floor":12,"key":"SMITH"},{"data":"Bash","floor":15,"key":"SMITH"},{"data":"Corruption","floor":23,"key":"SMITH"},{"floor":32,"key":"REST"},{"floor":41,"key":"RECALL"},{"floor":44,"key":"REST"},{"floor":49,"key":"REST"}],"neow_cost":"TEN_PERCENT_HP_LOSS","seed_source_timestamp":196772874572515,"circlet_count":0,"master_deck":["Strike_R","Strike_R","Strike_R","Strike_R","Strike_R","Defend_R","Defend_R","Defend_R","Defend_R","Bash+1","Feel No Pain+1","Corruption+1","Twin Strike+1","Thunderclap+1","Spot Weakness+1","Clothesline+1","Pommel Strike+1","Whirlwind+1","Corruption+1","Shockwave","Barricade","Intimidate","True Grit","Warcry","Entrench+1","Shrug It Off+1","Feed+1","Clothesline+1","Offering+1","Flex+1","Flame Barrier+1","Metallicize","Noxious Fumes","Cloak And Dagger+1","Bouncing Flask+1","Master of Strategy+1"],"relics":["Burning Blood","Molten Egg 2","Centennial Puzzle","Tiny Chest","Self Forming Clay","Philosopher\u0027s Stone","Nilry\u0027s Codex","Bag of Preparation","Toxic Egg 2","Chemical X","Oddly Smooth Stone","Fusion Hammer","PrismaticShard","Mercury Hourglass","Frozen Egg 2","Dodecahedron","Red Mask"],"potions_floor_usage":[14,16,33,40,50,50],"damage_taken":[{"damage":6,"enemies":"Small Slimes","floor":1,"turns":3},{"damage":2,"enemies":"2 Louse","floor":4,"turns":2},{"damage":8,"enemies":"Jaw Worm","floor":7,"turns":3},{"damage":20,"enemies":"3 Sentries","floor":8,"turns":7},{"damage":5,"enemies":"Looter","floor":11,"turns":3},{"damage":14,"enemies":"Lagavulin","floor":14,"turns":4},{"damage":6,"enemies":"Slime Boss","floor":16,"turns":5},{"damage":18,"enemies":"2 Thieves","floor":18,"turns":3},{"damage":11,"enemies":"Shell Parasite","floor":19,"turns":3},{"damage":0,"enemies":"Cultist and Chosen","floor":22,"turns":3},{"damage":11,"enemies":"Shelled Parasite and Fungi","floor":24,"turns":4},{"damage":3,"enemies":"Centurion and Healer","floor":25,"turns":5},{"damage":1,"enemies":"Snecko","floor":28,"turns":3},{"damage":17,"enemies":"Gremlin Leader","floor":29,"turns":4},{"damage":12,"enemies":"Snake Plant","floor":31,"turns":5},{"damage":19,"enemies":"Collector","floor":33,"turns":8},{"damage":14,"enemies":"3 Darklings","floor":35,"turns":3},{"damage":6,"enemies":"3 Shapes","floor":36,"turns":2},{"damage":6,"enemies":"Jaw Worm Horde","floor":39,"turns":3},{"damage":20,"enemies":"Nemesis","floor":40,"turns":5},{"damage":8,"enemies":"Reptomancer","floor":42,"turns":5},{"damage":6,"enemies":"Writhing Mass","floor":45,"turns":3},{"damage":28,"enemies":"Time Eater","floor":50,"turns":11}],"seed_played":"-6805504869536512405","potions_obtained":[{"floor":1,"key":"SneckoOil"},{"floor":7,"key":"Energy Potion"},{"floor":11,"key":"AttackPotion"},{"floor":19,"key":"Block Potion"},{"floor":22,"key":"FearPotion"},{"floor":28,"key":"SpeedPotion"},{"floor":29,"key":"PowerPotion"},{"floor":33,"key":"Energy Potion"},{"floor":42,"key":"AttackPotion"}],"is_trial":false,"path_per_floor":["M","$","?","M","$","R","M","E","T","R","M","R","$","E","R","B",null,"M","M","?","T","M","R","M","M","T","$","M","E","?","M","R","B",null,"M","M","$","?","M","E","R","E","T","R","M","?","?","?","R","B",null],"character_chosen":"IRONCLAD","items_purchased":["Corruption","Molten Egg 2","Twin Strike+1","Reckless Charge+1","Whirlwind+1","Corruption","Entrench+1","Chemical X","Metallicize","PrismaticShard"],"campfire_rested":3,"item_purchase_floors":[2,2,2,5,13,13,27,27,37,37],"current_hp_per_floor":[72,72,61,65,65,65,63,49,49,49,50,50,50,42,42,42,72,60,55,39,39,45,45,40,43,43,43,48,37,37,31,52,39,72,68,72,72,80,80,66,66,64,64,80,84,84,84,80,80,58],"gold":0,"neow_bonus":"TWO_FIFTY_GOLD","is_prod":false,"is_daily":false,"chose_seed":false,"campfire_upgraded":5,"win_rate":0,"timestamp":1543736505,"path_taken":["M","$","?","M","$","R","M","E","T","R","M","R","$","E","R","BOSS","M","M","?","?","M","R","M","M","T","$","M","E","?","M","R","BOSS","M","M","$","?","M","E","R","E","T","R","?","?","?","?","R","BOSS"],"build_version":"2018-11-15","purchased_purges":0,"victory":true,"max_hp_per_floor":[72,72,72,72,72,72,72,72,72,72,72,72,72,72,72,72,72,72,72,72,72,72,72,72,72,72,72,72,72,72,72,72,72,72,76,80,80,80,80,80,80,80,80,80,84,84,84,80,80,80],"card_choices":[{"not_picked":["Carnage","Warcry"],"picked":"Feel No Pain","floor":1},{"not_picked":["Dual Wield","Blood for Blood+1"],"picked":"Thunderclap+1","floor":4},{"not_picked":["Clash+1","Metallicize"],"picked":"Spot Weakness","floor":7},{"not_picked":["True Grit","Twin Strike+1"],"picked":"Clothesline+1","floor":8},{"not_picked":["Carnage+1","Fire Breathing"],"picked":"Pommel Strike+1","floor":11},{"not_picked":["Hemokinesis+1","Sever Soul+1"],"picked":"Shockwave","floor":14},{"not_picked":["Impervious","Demon Form"],"picked":"Barricade","floor":16},{"not_picked":["Rampage+1","Cleave+1"],"picked":"Intimidate","floor":18},{"not_picked":["Fire Breathing+1","Thunderclap+1"],"picked":"True Grit","floor":19},{"not_picked":["Thunderclap+1","Fire Breathing","Evolve+1"],"picked":"SKIP","floor":22},{"not_picked":["Rupture+1","Wild Strike+1","Bloodletting"],"picked":"SKIP","floor":24},{"not_picked":["Blood for Blood+1","Clothesline+1"],"picked":"Warcry","floor":25},{"not_picked":["Wild Strike+1","Cleave+1"],"picked":"Shrug It Off+1","floor":28},{"not_picked":["Barricade","Headbutt+1"],"picked":"Feed+1","floor":29},{"not_picked":["Clash+1","Sword Boomerang+1"],"picked":"Clothesline+1","floor":31},{"not_picked":["Exhume+1","Feed+1"],"picked":"Offering+1","floor":33},{"not_picked":["Perfected Strike+1","Bloodletting+1"],"picked":"Flex+1","floor":35},{"not_picked":["Twin Strike+1","Metallicize"],"picked":"Flame Barrier+1","floor":36},{"not_picked":["Cloak And Dagger+1","PiercingWail+1"],"picked":"Noxious Fumes","floor":39},{"not_picked":["Armaments+1","Armaments+1"],"picked":"Cloak And Dagger+1","floor":40},{"not_picked":["Loop","Sever Soul+1"],"picked":"Bouncing Flask+1","floor":42},{"not_picked":["Cleave+1","Slice+1","Lockon+1"],"picked":"SKIP","floor":45},{"not_picked":["Good Instincts+1","Finesse+1"],"picked":"Master of Strategy+1","floor":46}],"player_experience":266035,"relics_obtained":[{"floor":8,"key":"Centennial Puzzle"},{"floor":9,"key":"Tiny Chest"},{"floor":14,"key":"Self Forming Clay"},{"floor":20,"key":"Nilry\u0027s Codex"},{"floor":21,"key":"Bag of Preparation"},{"floor":26,"key":"Toxic Egg 2"},{"floor":29,"key":"Oddly Smooth Stone"},{"floor":40,"key":"Mercury Hourglass"},{"floor":42,"key":"Frozen Egg 2"},{"floor":43,"key":"Dodecahedron"}],"event_choices":[{"damage_healed":0,"gold_gain":75,"player_choice":"Gather Gold","damage_taken":11,"max_hp_gain":0,"max_hp_loss":0,"event_name":"World of Goop","floor":3,"gold_loss":0},{"damage_healed":0,"gold_gain":0,"player_choice":"Obtained Book","damage_taken":16,"max_hp_gain":0,"max_hp_loss":0,"event_name":"Cursed Tome","floor":20,"gold_loss":0},{"damage_healed":0,"gold_gain":99,"player_choice":"Stole From Cult","damage_taken":0,"max_hp_gain":0,"max_hp_loss":0,"event_name":"Nest","floor":30,"gold_loss":0},{"cards_removed":["Reckless Charge"],"damage_healed":8,"gold_gain":0,"player_choice":"Offered Uncommon","damage_taken":0,"max_hp_gain":0,"max_hp_loss":0,"event_name":"Bonfire Elementals","floor":38,"gold_loss":0},{"damage_healed":0,"gold_gain":0,"player_choice":"Memory 1","damage_taken":0,"max_hp_gain":0,"max_hp_loss":0,"event_name":"SensoryStone","floor":46,"gold_loss":0},{"damage_healed":0,"gold_gain":0,"player_choice":"Paid","damage_taken":0,"relics_obtained":["Red Mask"],"max_hp_gain":0,"max_hp_loss":0,"event_name":"Tomb of Lord Red Mask","floor":47,"gold_loss":131},{"damage_healed":0,"gold_gain":0,"player_choice":"Max HP","damage_taken":0,"max_hp_gain":0,"max_hp_loss":4,"event_name":"Winding Halls","floor":48,"gold_loss":0}],"is_beta":false,"boss_relics":[{"not_picked":["Ectoplasm","Runic Cube"],"picked":"Philosopher\u0027s Stone"},{"not_picked":["Black Blood","Calling Bell"],"picked":"Fusion Hammer"}],"items_purged_floors":[],"is_endless":false,"potions_floor_spawned":[1,7,11,19,22,28,29,33,42,45],"ascension_level":1}