{"gold_per_floor":[109,127,107,120,45,45,45,10,10,10,30,30,42,42,42,118,118,118,18,18,18,18,18,18,18,18,18,18,18,18,18,18,18],"floor_reached":33,"playtime":1987,"items_purged":["Strike_R","Strike_R"],"score":495,"play_id":"913e2817-aefc-4b0b-8356-6a8b059924b5","local_time":"20190214135049","is_ascension_mode":true,"campfire_choices":[{"floor":6.0,"key":"REST"},{"data":"Flame Barrier","floor":10.0,"key":"SMITH"},{"data":"Bash","floor":12.0,"key":"SMITH"},{"data":"Defend_R","floor":15.0,"key":"SMITH"},{"floor":23.0,"key":"REST"},{"data":"Feed","floor":28,"key":"SMITH"},{"data":"Defend_R","floor":30,"key":"SMITH"},{"floor":32,"key":"REST"}],"neow_cost":"NONE","seed_source_timestamp":19428751108884,"circlet_count":0,"master_deck":["AscendersBane","Strike_R","Defend_R+1","Defend_R","Defend_R+1","Bash+1","Pommel Strike","Dropkick","Flame Barrier+1","Feed+1","Headbutt+1","Pommel Strike+1"],"special_seed":0,"relics":["Empty Cage","Lantern","Ectoplasm","Pear"],"potions_floor_usage":[33,33],"damage_taken":[{"damage":28.0,"enemies":"Jaw Worm","floor":1.0,"turns":6.0},{"damage":1.0,"enemies":"Cultist","floor":2.0,"turns":3.0},{"damage":4.0,"enemies":"Small Slimes","floor":4.0,"turns":4.0},{"damage":0.0,"enemies":"2 Fungi Beasts","floor":11.0,"turns":3.0},{"damage":2.0,"enemies":"Exordium Wildlife","floor":13.0,"turns":4.0},{"damage":7.0,"enemies":"The Guardian","floor":16.0,"turns":13.0},{"damage":3.0,"enemies":"Shell Parasite","floor":18.0,"turns":5.0},{"damage":2.0,"enemies":"Chosen","floor":20.0,"turns":5.0},{"damage":25.0,"enemies":"3 Cultists","floor":21.0,"turns":6.0},{"damage":2.0,"enemies":"Chosen and Byrds","floor":22.0,"turns":7.0},{"damage":14,"enemies":"Centurion and Healer","floor":24,"turns":5},{"damage":123,"enemies":"Champ","floor":33,"turns":14}],"seed_played":"-1343877630307329488","potions_obtained":[{"floor":2.0,"key":"Regen Potion"},{"floor":3.0,"key":"Block Potion"},{"floor":20.0,"key":"Fruit Juice"},{"floor":21.0,"key":"Dexterity Potion"},{"floor":24,"key":"SpeedPotion"}],"is_trial":false,"path_per_floor":["M","M","?","M","$","R","?","?","T","R","M","R","M","?","R","B",null,"M","$","M","M","M","R","M","$","T","?","R","$","R","$","R","B"],"character_chosen":"IRONCLAD","items_purchased":[],"campfire_rested":3,"item_purchase_floors":[],"current_hp_per_floor":[40,39,39,35,35,57,50,68,68,68,68,68,66,66,66,68,73,73,73,71,54,55,81,70,70,80,80,80,80,80,80,102,0],"gold":18,"neow_bonus":"BOSS_RELIC","is_prod":false,"is_daily":false,"chose_seed":false,"campfire_upgraded":5,"win_rate":0,"timestamp":1550145049,"path_taken":["M","M","?","?","$","R","?","?","T","R","M","R","M","?","R","BOSS","M","$","M","M","M","R","M","?","T","?","R","?","R","?","R","BOSS"],"build_version":"2019-01-23","purchased_purges":2,"victory":false,"max_hp_per_floor":[75,75,75,75,75,75,75,75,75,75,75,75,75,75,75,75,75,78,78,78,86,89,89,92,92,102,102,102,102,102,102,102,102],"card_choices":[{"not_picked":["Twin Strike","Carnage"],"picked":"Pommel Strike","floor":1.0},{"not_picked":["Anger","Heavy Blade"],"picked":"Dropkick","floor":2.0},{"not_picked":["Perfected Strike","Offering"],"picked":"Flame Barrier","floor":4.0},{"not_picked":["Perfected Strike","Havoc","Body Slam"],"picked":"SKIP","floor":11.0},{"not_picked":["Flex","Wild Strike","Heavy Blade"],"picked":"SKIP","floor":13.0},{"not_picked":["Reaper","Bludgeon"],"picked":"Feed","floor":16.0},{"not_picked":["Heavy Blade","Reckless Charge"],"picked":"Headbutt+1","floor":18.0},{"not_picked":["True Grit","Pummel","Armaments"],"picked":"SKIP","floor":20.0},{"not_picked":["Headbutt","Body Slam"],"picked":"Pommel Strike+1","floor":21.0},{"not_picked":["Second Wind","Twin Strike","Shrug It Off"],"picked":"SKIP","floor":22.0},{"not_picked":["Iron Wave","Entrench","Perfected Strike"],"picked":"SKIP","floor":24}],"player_experience":615014,"relics_obtained":[{"floor":9.0,"key":"Lantern"},{"floor":26,"key":"Pear"}],"event_choices":[{"damage_healed":0.0,"max_hp_gain":0.0,"max_hp_loss":0.0,"gold_gain":0.0,"event_name":"The Woman in Blue","player_choice":"Bought 1 Potion","floor":3.0,"gold_loss":0.0,"damage_taken":0.0},{"cards_removed":["Defend_R"],"damage_healed":0.0,"max_hp_gain":0.0,"max_hp_loss":0.0,"gold_gain":0.0,"event_name":"Golden Wing","player_choice":"Card Removal","floor":7.0,"gold_loss":0.0,"damage_taken":7.0},{"damage_healed":18.0,"max_hp_gain":0.0,"max_hp_loss":0.0,"gold_gain":0.0,"event_name":"The Cleric","player_choice":"Healed","floor":8.0,"gold_loss":35.0,"damage_taken":0.0},{"damage_healed":0.0,"max_hp_gain":0.0,"max_hp_loss":0.0,"gold_gain":0.0,"event_name":"Transmorgrifier","player_choice":"Ignored","floor":14.0,"gold_loss":0.0,"damage_taken":0.0}],"is_beta":false,"boss_relics":[{"not_picked":["Busted Crown","Runic Pyramid"],"picked":"Ectoplasm"}],"items_purged_floors":[5,19],"is_endless":false,"potions_floor_spawned":[2,4,11,20,21,24],"killed_by":"Champ","ascension_level":20}