{"gold_per_floor":[116,130,108,108,108,143,163,173,173,173,223,223,251,262,262,357,357,376,44,59,79,92,92,118,118,148,148,148,148,173,173],"floor_reached":31,"playtime":1673,"items_purged":["Strike_R"],"score":354,"play_id":"7d3802e6-a789-4c10-a388-1f72412e95ff","local_time":"20190508210000","is_ascension_mode":true,"campfire_choices":[{"data":"Armaments","floor":10,"key":"SMITH"},{"floor":12,"key":"REST"},{"floor":15,"key":"REST"},{"data":"Armaments","floor":23,"key":"SMITH"},{"floor":27,"key":"REST"},{"floor":29,"key":"REST"}],"neow_cost":"TEN_PERCENT_HP_LOSS","seed_source_timestamp":2096808233196439,"circlet_count":0,"master_deck":["Strike_R","Strike_R","Strike_R","Strike_R","Defend_R","Defend_R","Defend_R","Defend_R","Bash","Juggernaut+1","Power Through","Armaments+1","Iron Wave","True Grit","Iron Wave","Iron Wave","Armaments+1","Doubt","Decay"],"relics":["Burning Blood","Shuriken","Du-Vu Doll","Potion Belt","WingedGreaves","Cursed Key","Bottled Tornado","Blue Candle","Tiny Chest","Dream Catcher"],"potions_floor_usage":[13,16,18,25,31],"damage_taken":[{"damage":2,"enemies":"2 Louse","floor":1,"turns":2},{"damage":1,"enemies":"Cultist","floor":2,"turns":5},{"damage":35,"enemies":"3 Sentries","floor":6,"turns":10},{"damage":2,"enemies":"Jaw Worm","floor":7,"turns":4},{"damage":6,"enemies":"Looter","floor":8,"turns":4},{"damage":32,"enemies":"Gremlin Nob","floor":13,"turns":5},{"damage":40,"enemies":"Gremlin Gang","floor":14,"turns":6},{"damage":13,"enemies":"The Guardian","floor":16,"turns":10},{"damage":9,"enemies":"3 Byrds","floor":18,"turns":4},{"damage":0,"enemies":"Chosen","floor":20,"turns":4},{"damage":1,"enemies":"Snecko","floor":21,"turns":4},{"damage":9,"enemies":"Shelled Parasite and Fungi","floor":22,"turns":6},{"damage":49,"enemies":"Book of Stabbing","floor":24,"turns":6},{"damage":15,"enemies":"Colosseum Slavers","floor":25,"turns":4},{"damage":51,"enemies":"Gremlin Leader","floor":30,"turns":8},{"damage":13,"enemies":"Snake Plant","floor":31,"turns":3}],"seed_played":"-6037817113708498408","potions_obtained":[{"floor":2,"key":"Poison Potion"},{"floor":8,"key":"BloodPotion"},{"floor":14,"key":"Fire Potion"},{"floor":16,"key":"EssenceOfSteel"},{"floor":22,"key":"Strength Potion"}],"is_trial":false,"path_per_floor":["M","M","?","?","?","E","M","M","T","R","T","R","E","M","R","B",null,"M","$","M","M","M","R","E","?","T","R","?","R","E","M"],"character_chosen":"IRONCLAD","items_purchased":["Bottled Tornado"],"campfire_rested":4,"item_purchase_floors":[19],"current_hp_per_floor":[72,72,72,72,72,43,47,47,47,47,47,68,49,15,36,29,61,58,58,64,69,66,66,23,14,14,35,35,56,11,0],"gold":173,"neow_bonus":"THREE_RARE_CARDS","is_prod":false,"is_daily":false,"chose_seed":false,"campfire_upgraded":2,"win_rate":0,"timestamp":1557363600,"path_taken":["M","M","?","?","?","E","M","M","T","R","?","R","E","M","R","BOSS","M","$","?","M","M","R","E","?","T","R","?","R","E","M"],"build_version":"2019-01-23","purchased_purges":1,"victory":false,"max_hp_per_floor":[72,72,72,72,72,72,72,72,72,72,72,72,72,72,72,72,72,72,72,72,72,72,72,72,72,72,72,72,72,72,72],"card_choices":[{"not_picked":["Fiend Fire","Reaper"],"picked":"Juggernaut","floor":0},{"not_picked":["Heavy Blade","Clash"],"picked":"Power Through","floor":1},{"not_picked":["Cleave","Anger","Pommel Strike"],"picked":"SKIP","floor":2},{"not_picked":["Cleave","Perfected Strike"],"picked":"Armaments","floor":6},{"not_picked":["Feel No Pain","Sword Boomerang"],"picked":"Iron Wave","floor":7},{"not_picked":["Body Slam","Wild Strike"],"picked":"True Grit","floor":8},{"not_picked":["True Grit","Rupture"],"picked":"Iron Wave","floor":13},{"not_picked":["Offering","Havoc"],"picked":"Iron Wave","floor":14},{"not_picked":["Rampage","Havoc"],"picked":"Armaments","floor":18},{"not_picked":["Perfected Strike","Evolve","Corruption+1"],"picked":"SKIP","floor":20},{"not_picked":["Dropkick+1","Heavy Blade+1","Thunderclap"],"picked":"SKIP","floor":21},{"not_picked":["Disarm+1","Burning Pact","Anger"],"picked":"SKIP","floor":22},{"not_picked":["Disarm+1","Burning Pact","Anger"],"picked":"SKIP","floor":22},{"not_picked":["Clash","Pummel+1","Cleave"],"picked":"SKIP","floor":24},{"not_picked":["Battle Trance","Dark Embrace","Clothesline"],"picked":"SKIP","floor":30}],"player_experience":194927,"relics_obtained":[{"floor":6,"key":"Shuriken"},{"floor":9,"key":"Du-Vu Doll"},{"floor":11,"key":"Potion Belt"},{"floor":13,"key":"WingedGreaves"},{"floor":24,"key":"Blue Candle"},{"floor":26,"key":"Tiny Chest"},{"floor":30,"key":"Dream Catcher"}],"event_choices":[{"damage_healed":0,"gold_gain":0,"player_choice":"Left Gold","damage_taken":0,"max_hp_gain":0,"max_hp_loss":0,"event_name":"World of Goop","floor":3,"gold_loss":22},{"damage_healed":0,"gold_gain":0,"player_choice":"Ignored","damage_taken":0,"max_hp_gain":0,"max_hp_loss":0,"event_name":"Golden Idol","floor":4,"gold_loss":0},{"damage_healed":0,"gold_gain":0,"player_choice":"Grow","damage_taken":0,"max_hp_gain":0,"max_hp_loss":0,"event_name":"Living Wall","floor":5,"gold_loss":0,"cards_upgraded":["Juggernaut"]},{"damage_healed":0,"gold_gain":0,"player_choice":"Fight","damage_taken":0,"max_hp_gain":0,"max_hp_loss":0,"event_name":"Colosseum","floor":25,"gold_loss":0},{"damage_healed":0,"gold_gain":0,"player_choice":"Fled From Nobs","damage_taken":0,"max_hp_gain":0,"max_hp_loss":0,"event_name":"Colosseum","floor":25,"gold_loss":0},{"damage_healed":0,"gold_gain":0,"player_choice":"Smashed Altar","damage_taken":0,"max_hp_gain":0,"max_hp_loss":0,"event_name":"Forgotten Altar","floor":28,"gold_loss":0,"cards_obtained":["Decay"]}],"is_beta":false,"boss_relics":[{"not_picked":["Busted Crown","Fusion Hammer"],"picked":"Cursed Key"}],"items_purged_floors":[19],"is_endless":false,"potions_floor_spawned":[2,8,14,16,22,25],"killed_by":"Snake Plant","ascension_level":5}