{"gold_per_floor":[111,111,121,138,148,174,174,185,185,196,196,471,504,31,31,31],"floor_reached":16,"playtime":799,"items_purged":["Regret"],"score":324,"play_id":"bb6073dd-01ea-4776-84d4-fbc99ab6c8b9","local_time":"20190518114320","is_ascension_mode":true,"campfire_choices":[{"data":"Bash","floor":7.0,"key":"SMITH"},{"data":"Clothesline","floor":11.0,"key":"SMITH"},{"data":"True Grit","floor":15.0,"key":"SMITH"}],"neow_cost":"NONE","seed_source_timestamp":0,"circlet_count":0,"master_deck":["AscendersBane","Strike_R","Strike_R","Strike_R","Strike_R","Strike_R","Defend_R","Defend_R","Defend_R","Defend_R","Bash+1","Flame Barrier","Twin Strike","Anger","Ghostly Armor","Clothesline+1","Shrug It Off","Corruption","Metallicize+1","True Grit+1"],"special_seed":0,"relics":["Burning Blood","Blood Vial","Kunai","Prayer Wheel","Frozen Egg 2"],"potions_floor_usage":[16],"damage_taken":[{"damage":8.0,"enemies":"Jaw Worm","floor":1.0,"turns":6.0},{"damage":1.0,"enemies":"Cultist","floor":3.0,"turns":3.0},{"damage":6.0,"enemies":"2 Louse","floor":4.0,"turns":3.0},{"damage":22.0,"enemies":"Gremlin Gang","floor":5.0,"turns":6.0},{"damage":18.0,"enemies":"Lagavulin","floor":6.0,"turns":6.0},{"damage":1.0,"enemies":"Looter","floor":8.0,"turns":4.0},{"damage":11.0,"enemies":"Red Slaver","floor":10.0,"turns":5.0},{"damage":37.0,"enemies":"3 Sentries","floor":13.0,"turns":9.0},{"damage":32,"enemies":"The Guardian","floor":16,"turns":14}],"seed_played":"-6083854955779140542","potions_obtained":[{"floor":1.0,"key":"Weak Potion"},{"floor":2.0,"key":"Swift Potion"},{"floor":6.0,"key":"Strength Potion"},{"floor":13.0,"key":"FearPotion"}],"is_trial":false,"path_per_floor":["M","?","M","M","M","E","R","M","T","M","R","?","E","$","R","B"],"character_chosen":"IRONCLAD","items_purchased":["Frozen Egg 2","Metallicize+1","True Grit"],"campfire_rested":0,"item_purchase_floors":[14,14,14],"current_hp_per_floor":[68,68,75,75,59,49,49,56,56,53,53,53,24,24,24,0],"gold":31,"neow_bonus":"RANDOM_COMMON_RELIC","is_prod":false,"is_daily":false,"chose_seed":false,"campfire_upgraded":3,"win_rate":0,"timestamp":1558194200,"path_taken":["M","?","M","?","M","E","R","M","T","M","R","?","E","$","R","BOSS"],"build_version":"2019-01-23","purchased_purges":1,"victory":false,"max_hp_per_floor":[75,75,75,75,75,75,75,75,75,75,75,75,75,75,75,75],"card_choices":[{"not_picked":["Entrench","Ghostly Armor"],"picked":"Flame Barrier","floor":1.0},{"not_picked":["Warcry","Rupture","Clash"],"picked":"SKIP","floor":3.0},{"not_picked":["Sentinel","Wild Strike"],"picked":"Twin Strike","floor":4.0},{"not_picked":["Heavy Blade","Flex"],"picked":"Anger","floor":5.0},{"not_picked":["Sever Soul","Pummel"],"picked":"Ghostly Armor","floor":6.0},{"not_picked":["Heavy Blade","Iron Wave","Thunderclap"],"picked":"SKIP","floor":8.0},{"not_picked":["Heavy Blade","Juggernaut"],"picked":"Clothesline","floor":10.0},{"not_picked":["Rage","Pommel Strike"],"picked":"Shrug It Off","floor":10.0},{"not_picked":["Wild Strike","Perfected Strike"],"picked":"Corruption","floor":13.0}],"player_experience":632758,"relics_obtained":[{"floor":6.0,"key":"Kunai"},{"floor":9.0,"key":"Prayer Wheel"}],"event_choices":[{"damage_healed":0.0,"max_hp_gain":0.0,"max_hp_loss":0.0,"gold_gain":0.0,"event_name":"Lab","player_choice":"Got Potions","floor":2.0,"gold_loss":0.0,"damage_taken":0.0},{"damage_healed":0.0,"max_hp_gain":0.0,"max_hp_loss":0.0,"gold_gain":275.0,"event_name":"Golden Shrine","player_choice":"Desecrate","floor":12.0,"gold_loss":0.0,"damage_taken":0.0,"cards_obtained":["Regret"]}],"is_beta":false,"boss_relics":[],"items_purged_floors":[14],"is_endless":false,"potions_floor_spawned":[1,6,13],"killed_by":"The Guardian","ascension_level":20}