{"gold_per_floor":[110,110,30,42,56,56,18,18,88,108,122,122,152,168,168,267,267,278,72,91,91,111,111,143,143,143,155,173,173,173],"floor_reached":30,"playtime":2111,"items_purged":["Defend_B"],"score":315,"play_id":"83d3e471-a031-4651-ad68-0b4f6de68da3","local_time":"20190131213900","is_ascension_mode":true,"campfire_choices":[{"floor":6.0,"key":"REST"},{"floor":15.0,"key":"REST"},{"floor":23.0,"key":"REST"},{"floor":29,"key":"REST"}],"neow_cost":"NONE","seed_source_timestamp":1739063802714332,"circlet_count":0,"master_deck":["Strike_B","Strike_B","Defend_B","Defend_B","Defend_B","Zap","Dualcast","BootSequence","Doom and Gloom+1","Darkness+1","Ball Lightning","Reinforced Body","Chill","Fission","Redo","Echo Form","Chill+1","Heatsinks","Conserve Battery","Skim+1","Rip and Tear+1","Auto Shields+1","Conserve Battery","Defragment"],"special_seed":0,"relics":["Fusion Hammer","Gremlin Horn","Turnip","Empty Cage","Omamori","FaceOfCleric","Centennial Puzzle"],"potions_floor_usage":[24,24,30,30],"damage_taken":[{"damage":7.0,"enemies":"Small Slimes","floor":1.0,"turns":3.0},{"damage":7.0,"enemies":"Jaw Worm","floor":4.0,"turns":4.0},{"damage":0.0,"enemies":"2 Louse","floor":5.0,"turns":2.0},{"damage":11.0,"enemies":"Exordium Thugs","floor":10.0,"turns":3.0},{"damage":0.0,"enemies":"2 Fungi Beasts","floor":11.0,"turns":3.0},{"damage":20.0,"enemies":"Lagavulin","floor":13.0,"turns":4.0},{"damage":0.0,"enemies":"Red Slaver","floor":14.0,"turns":3.0},{"damage":3.0,"enemies":"The Guardian","floor":16.0,"turns":6.0},{"damage":30.0,"enemies":"2 Thieves","floor":18.0,"turns":4.0},{"damage":26.0,"enemies":"Chosen","floor":20.0,"turns":5.0},{"damage":8.0,"enemies":"3 Cultists","floor":22.0,"turns":4.0},{"damage":33,"enemies":"Book of Stabbing","floor":24,"turns":6},{"damage":0,"enemies":"Centurion and Healer","floor":27,"turns":5},{"damage":0,"enemies":"Snake Plant","floor":28,"turns":5},{"damage":32,"enemies":"Slavers","floor":30,"turns":6}],"seed_played":"-1877617578001972197","potions_obtained":[{"floor":1.0,"key":"Swift Potion"},{"floor":10.0,"key":"SteroidPotion"},{"floor":13.0,"key":"Fire Potion"},{"floor":14.0,"key":"Poison Potion"},{"floor":18.0,"key":"SteroidPotion"},{"floor":22.0,"key":"Energy Potion"},{"floor":27,"key":"Energy Potion"}],"is_trial":false,"path_per_floor":["M","?","$","M","M","R","$","?","T","M","M","?","E","M","R","B",null,"M","$","M","?","M","R","E","?","T","M","M","R","E"],"character_chosen":"DEFECT","items_purchased":["Doom and Gloom","Reinforced Body","Heatsinks","Conserve Battery"],"campfire_rested":4,"item_purchase_floors":[3,7,19,19],"current_hp_per_floor":[68,73,73,66,66,80,80,80,80,69,69,53,33,33,57,54,74,44,44,18,18,10,34,1,1,1,2,3,27,0],"gold":173,"neow_bonus":"BOSS_RELIC","is_prod":false,"is_daily":false,"chose_seed":false,"campfire_upgraded":0,"win_rate":0,"timestamp":1548963540,"path_taken":["M","?","$","M","M","R","$","?","T","M","M","?","E","?","R","BOSS","M","$","M","?","?","R","E","?","T","M","?","R","E"],"build_version":"2019-01-23","purchased_purges":1,"victory":false,"max_hp_per_floor":[75,80,80,80,80,80,80,80,80,80,80,80,80,80,80,80,80,80,80,80,80,80,80,80,80,80,81,82,82,82],"card_choices":[{"not_picked":["Loop","Scrape"],"picked":"BootSequence","floor":1.0},{"not_picked":["Sweeping Beam","Leap"],"picked":"Darkness","floor":4.0},{"not_picked":["Self Repair","Auto Shields"],"picked":"Ball Lightning","floor":5.0},{"not_picked":["Turbo","Conserve Battery"],"picked":"Chill","floor":10.0},{"not_picked":["Steam","Stack","Hologram"],"picked":"SKIP","floor":11.0},{"not_picked":["Gash","Coolheaded"],"picked":"Fission","floor":13.0},{"not_picked":["Conserve Battery","Undo"],"picked":"Redo","floor":14.0},{"not_picked":["Meteor Strike","Rainbow"],"picked":"Echo Form","floor":16.0},{"not_picked":["FTL+1","Rebound"],"picked":"Chill+1","floor":18.0},{"not_picked":["Go for the Eyes","Doom and Gloom"],"picked":"Skim+1","floor":20.0},{"not_picked":["Sweeping Beam+1","Force Field"],"picked":"Rip and Tear+1","floor":22.0},{"not_picked":["Loop","Conserve Battery"],"picked":"Auto Shields+1","floor":24},{"not_picked":["Barrage","Gash+1"],"picked":"Conserve Battery","floor":27},{"not_picked":["Compile Driver","Doom and Gloom"],"picked":"Defragment","floor":28}],"player_experience":490213,"relics_obtained":[{"floor":9.0,"key":"Gremlin Horn"},{"floor":13.0,"key":"Turnip"},{"floor":24,"key":"Omamori"},{"floor":26,"key":"Centennial Puzzle"}],"event_choices":[{"damage_healed":0.0,"max_hp_gain":5.0,"max_hp_loss":0.0,"gold_gain":0.0,"event_name":"Big Fish","player_choice":"Donut","floor":2.0,"gold_loss":0.0,"damage_taken":0.0},{"damage_healed":0.0,"max_hp_gain":0.0,"max_hp_loss":0.0,"gold_gain":0.0,"event_name":"Liars Game","player_choice":"Ignored","floor":8.0,"gold_loss":0.0,"damage_taken":0.0},{"damage_healed":0.0,"max_hp_gain":0.0,"max_hp_loss":0.0,"gold_gain":0.0,"event_name":"Shining Light","player_choice":"Entered Light","floor":12.0,"gold_loss":0.0,"damage_taken":16.0,"cards_upgraded":["Doom and Gloom","Darkness"]},{"damage_healed":0.0,"max_hp_gain":0.0,"max_hp_loss":0.0,"gold_gain":0.0,"event_name":"The Woman in Blue","player_choice":"Bought 0 Potions","floor":21.0,"gold_loss":0.0,"damage_taken":0.0},{"damage_healed":0,"gold_gain":0,"player_choice":"Trade","damage_taken":0,"relics_obtained":["FaceOfCleric"],"max_hp_gain":0,"max_hp_loss":0,"event_name":"FaceTrader","floor":25,"gold_loss":0}],"is_beta":false,"boss_relics":[{"not_picked":["Tiny House","Runic Dome"],"picked":"Empty Cage"}],"items_purged_floors":[19],"is_endless":false,"potions_floor_spawned":[1,10,13,14,18,22,27],"killed_by":"Slavers","ascension_level":5}