{"gold_per_floor":[16,34,52,67,67,111,111,191,191,229,229,229,229,245,245,369,432,455,470,470,4,4,4,4,4,51,78,78,105,68,82,82,180,180,190,142,159,173,192,192,211,211,211,236,58,74,85,102,102,102],"floor_reached":50,"playtime":3138,"items_purged":["Strike_R+1"],"score":859,"play_id":"95bdf1f4-9e96-4984-b72b-2a19726b9463","local_time":"20181216204003","is_ascension_mode":true,"campfire_choices":[{"data":"Bash","floor":11,"key":"SMITH"},{"data":"Armaments","floor":13,"key":"SMITH"},{"data":"Armaments","floor":15,"key":"SMITH"},{"data":"Pommel Strike","floor":23,"key":"SMITH"},{"data":"Carnage","floor":25,"key":"SMITH"},{"floor":32,"key":"REST"},{"data":"Flex","floor":40,"key":"SMITH"},{"data":"Spot Weakness","floor":42,"key":"SMITH"},{"floor":49,"key":"REST"}],"neow_cost":"NO_GOLD","seed_source_timestamp":294316239286693,"circlet_count":0,"master_deck":["AscendersBane","Strike_R+1","Strike_R+1","Strike_R+1","Strike_R+1","Defend_R+1","Defend_R+1","Defend_R+1","Defend_R+1","Bash+1","Heavy Blade+1","Cleave","Pommel Strike+1","Armaments+1","Flame Barrier","Shrug It Off","Armaments+1","Feed+1","Body Slam","Anger","Pommel Strike+1","Carnage+1","True Grit","Feed+1","Shrug It Off+1","Spot Weakness+1","Sword Boomerang+1","Flex+1","Clothesline","Uppercut+1","True Grit","Headbutt","Shrug It Off"],"relics":["Burning Blood","Bloody Idol","Thread and Needle","Pantograph","Sundial","War Paint","Tiny House","ClockworkSouvenir","Mercury Hourglass","Centennial Puzzle","Whetstone","Dodecahedron","Sozu","Bird Faced Urn","Ornamental Fan"],"potions_floor_usage":[10,10,29,33],"damage_taken":[{"damage":15,"enemies":"Cultist","floor":1,"turns":5},{"damage":7,"enemies":"Small Slimes","floor":2,"turns":4},{"damage":6,"enemies":"2 Louse","floor":3,"turns":3},{"damage":17,"enemies":"Blue Slaver","floor":4,"turns":5},{"damage":37,"enemies":"Gremlin Nob","floor":6,"turns":5},{"damage":16,"enemies":"Lagavulin","floor":10,"turns":6},{"damage":0,"enemies":"2 Fungi Beasts","floor":14,"turns":3},{"damage":63,"enemies":"Slime Boss","floor":16,"turns":15},{"damage":5,"enemies":"Shell Parasite","floor":18,"turns":12},{"damage":0,"enemies":"Chosen","floor":19,"turns":6},{"damage":41,"enemies":"Slavers","floor":27,"turns":5},{"damage":53,"enemies":"Book of Stabbing","floor":29,"turns":6},{"damage":4,"enemies":"Snake Plant","floor":31,"turns":4},{"damage":67,"enemies":"Automaton","floor":33,"turns":11},{"damage":0,"enemies":"3 Shapes","floor":35,"turns":7},{"damage":4,"enemies":"3 Darklings","floor":37,"turns":6},{"damage":16,"enemies":"Spire Growth","floor":38,"turns":5},{"damage":1,"enemies":"Transient","floor":39,"turns":5},{"damage":2,"enemies":"Sphere and 2 Shapes","floor":41,"turns":7},{"damage":60,"enemies":"Nemesis","floor":44,"turns":6},{"damage":31,"enemies":"Maw","floor":46,"turns":8},{"damage":6,"enemies":"Jaw Worm Horde","floor":47,"turns":7},{"damage":23,"enemies":"Sphere and 2 Shapes","floor":48,"turns":5},{"damage":116,"enemies":"Time Eater","floor":50,"turns":11}],"seed_played":"-2752762875238025636","potions_obtained":[{"floor":3,"key":"BloodPotion"},{"floor":6,"key":"PowerPotion"},{"floor":10,"key":"Ancient Potion"},{"floor":14,"key":"LiquidBronze"},{"floor":29,"key":"SteroidPotion"}],"is_trial":false,"path_per_floor":["M","M","M","M","?","E","?","T","T","E","R","?","R","M","R","B",null,"M","M","?","$","?","R","?","R","T","E","?","E","$","M","R","B",null,"M","$","M","M","M","R","M","R","T","E","$","M","M","M","R","B"],"character_chosen":"IRONCLAD","items_purchased":["Carnage","ClockworkSouvenir","Mercury Hourglass","Spot Weakness","Flex","True Grit","Headbutt"],"campfire_rested":2,"item_purchase_floors":[21,21,21,30,36,45,45],"current_hp_per_floor":[79,78,78,67,67,36,36,36,36,34,34,34,34,40,40,8,74,75,84,84,84,84,84,84,84,89,62,62,20,20,31,62,31,86,101,101,108,107,112,112,112,112,112,63,63,43,56,52,90,0],"gold":102,"neow_bonus":"TWENTY_PERCENT_HP_BONUS","is_prod":false,"is_daily":false,"chose_seed":false,"campfire_upgraded":7,"win_rate":0,"timestamp":1545010803,"path_taken":["M","M","M","?","?","E","?","?","T","E","R","?","R","M","R","BOSS","M","M","?","$","?","R","?","R","T","E","?","E","$","M","R","BOSS","M","$","?","M","M","R","M","R","T","E","$","?","M","?","R","BOSS"],"build_version":"2018-12-13","purchased_purges":1,"victory":false,"max_hp_per_floor":[96,96,96,96,89,89,89,89,89,89,89,89,89,89,89,89,94,94,97,97,97,97,97,97,97,97,100,100,100,100,104,104,104,104,108,108,108,112,112,112,112,112,112,112,112,112,120,128,128,128],"card_choices":[{"not_picked":["Havoc","Body Slam"],"picked":"Heavy Blade","floor":1},{"not_picked":["Iron Wave","Seeing Red"],"picked":"Cleave","floor":2},{"not_picked":["Metallicize","Infernal Blade"],"picked":"Pommel Strike","floor":3},{"not_picked":["Iron Wave","Wild Strike"],"picked":"Armaments","floor":4},{"not_picked":["Twin Strike","Rupture"],"picked":"Flame Barrier","floor":6},{"not_picked":["Pommel Strike","Cleave"],"picked":"Shrug It Off","floor":10},{"not_picked":["Wild Strike","Thunderclap"],"picked":"Armaments","floor":14},{"not_picked":["Offering","Reaper"],"picked":"Feed","floor":16},{"not_picked":["Fire Breathing","Perfected Strike"],"picked":"Body Slam","floor":17},{"not_picked":["Dropkick","Headbutt"],"picked":"Anger","floor":18},{"not_picked":["Iron Wave","Wild Strike"],"picked":"Pommel Strike+1","floor":19},{"not_picked":["Evolve","Flame Barrier"],"picked":"True Grit","floor":27},{"not_picked":["Perfected Strike","Cleave+1"],"picked":"Shrug It Off+1","floor":29},{"not_picked":["Wild Strike","Exhume","Shrug It Off"],"picked":"SKIP","floor":31},{"not_picked":["Bloodletting+1","Corruption"],"picked":"Sword Boomerang+1","floor":35},{"not_picked":["Feel No Pain","Fire Breathing","Armaments"],"picked":"SKIP","floor":37},{"not_picked":["Flame Barrier","Flex","Headbutt"],"picked":"SKIP","floor":38},{"not_picked":["Armaments","Body Slam+1"],"picked":"Clothesline","floor":39},{"not_picked":["Twin Strike","Bludgeon","Wild Strike"],"picked":"SKIP","floor":41},{"not_picked":["Impervious","Havoc+1"],"picked":"Uppercut+1","floor":44},{"not_picked":["Wild Strike+1","Combust+1"],"picked":"Shrug It Off","floor":46},{"not_picked":["Iron Wave+1","Pommel Strike","Metallicize+1"],"picked":"SKIP","floor":47},{"not_picked":["Reckless Charge+1","Hemokinesis","Twin Strike+1"],"picked":"SKIP","floor":48}],"player_experience":334682,"relics_obtained":[{"floor":6,"key":"Thread and Needle"},{"floor":8,"key":"Pantograph"},{"floor":9,"key":"Sundial"},{"floor":10,"key":"War Paint"},{"floor":26,"key":"Centennial Puzzle"},{"floor":27,"key":"Whetstone"},{"floor":29,"key":"Dodecahedron"},{"floor":43,"key":"Bird Faced Urn"},{"floor":44,"key":"Ornamental Fan"}],"event_choices":[{"damage_healed":0,"gold_gain":0,"player_choice":"Lose Max HP","damage_taken":0,"relics_obtained":["Golden Idol"],"max_hp_gain":0,"max_hp_loss":7,"event_name":"Golden Idol","floor":5,"gold_loss":0},{"damage_healed":0,"gold_gain":0,"player_choice":"Fled","damage_taken":0,"max_hp_gain":0,"max_hp_loss":0,"event_name":"Scrap Ooze","floor":7,"gold_loss":0},{"damage_healed":0,"gold_gain":0,"player_choice":"Ignored","damage_taken":0,"max_hp_gain":0,"max_hp_loss":0,"event_name":"Liars Game","floor":12,"gold_loss":0},{"damage_healed":0,"gold_gain":0,"player_choice":"Simplicity","damage_taken":0,"max_hp_gain":0,"max_hp_loss":0,"event_name":"Back to Basics","floor":20,"gold_loss":0,"cards_upgraded":["Strike_R","Strike_R","Strike_R","Strike_R","Defend_R","Defend_R"]},{"damage_healed":0,"gold_gain":0,"player_choice":"Gave Idol","damage_taken":0,"relics_obtained":["Bloody Idol"],"max_hp_gain":0,"max_hp_loss":0,"event_name":"Forgotten Altar","floor":22,"relics_lost":["Golden Idol"],"gold_loss":0},{"damage_healed":0,"gold_gain":0,"player_choice":"Copied","damage_taken":0,"max_hp_gain":0,"max_hp_loss":0,"event_name":"Duplicator","floor":28,"gold_loss":0,"cards_obtained":["Feed"]}],"is_beta":false,"boss_relics":[{"not_picked":["Runic Dome","Empty Cage"],"picked":"Tiny House"},{"not_picked":["Fusion Hammer","Lizard Tail"],"picked":"Sozu"}],"items_purged_floors":[45],"is_endless":false,"potions_floor_spawned":[3,6,10,14,16,29,31,37,39,44,48],"killed_by":"Time Eater","ascension_level":11}