{"gold_per_floor":[112,112,0,0,10,10,25,25,25,36,36,54,54,104,104,181,181,201,278,16,27,45,45],"floor_reached":23,"playtime":1291,"items_purged":["Strike_B","Defend_B"],"score":353,"play_id":"a64c6721-5655-4928-a8e3-381625872122","local_time":"20190409010549","is_ascension_mode":true,"campfire_choices":[{"data":"Chaos","floor":6.0,"key":"SMITH"},{"data":"Zap","floor":8.0,"key":"SMITH"},{"data":"Defend_B","floor":11.0,"key":"SMITH"},{"floor":13.0,"key":"REST"},{"data":"Loop","floor":15.0,"key":"SMITH"}],"neow_cost":"NONE","seed_source_timestamp":195367530143066,"circlet_count":0,"master_deck":["AscendersBane","Defend_B+1","Defend_B+1","Zap+1","Dualcast","Conserve Battery+1","Capacitor+1","Consume+1","Coolheaded","Chaos+1","Tempest","Darkness+1","Loop+1","Electrodynamics","Conserve Battery"],"special_seed":0,"relics":["Astrolabe","War Paint","Inserter","Symbiotic Virus","Oddly Smooth Stone"],"potions_floor_usage":[22],"damage_taken":[{"damage":2.0,"enemies":"2 Louse","floor":1.0,"turns":5.0},{"damage":2.0,"enemies":"Jaw Worm","floor":5.0,"turns":6.0},{"damage":4.0,"enemies":"Cultist","floor":7.0,"turns":4.0},{"damage":11.0,"enemies":"3 Louse","floor":10.0,"turns":4.0},{"damage":6.0,"enemies":"Red Slaver","floor":12.0,"turns":4.0},{"damage":25.0,"enemies":"Slime Boss","floor":16.0,"turns":5.0},{"damage":2.0,"enemies":"Chosen","floor":18.0,"turns":3.0},{"damage":8,"enemies":"3 Byrds","floor":21,"turns":3},{"damage":23,"enemies":"Cultist and Chosen","floor":22,"turns":6},{"damage":19,"enemies":"Book of Stabbing","floor":23,"turns":4}],"seed_played":"5789453141356034969","potions_obtained":[{"floor":1.0,"key":"Poison Potion"},{"floor":7.0,"key":"LiquidBronze"},{"floor":18.0,"key":"Swift Potion"},{"floor":22,"key":"SpeedPotion"}],"is_trial":false,"path_per_floor":["M","?","$","?","M","R","M","R","T","M","R","M","R","?","R","B",null,"M","T","$","M","M","E"],"character_chosen":"DEFECT","items_purchased":["Chaos","Oddly Smooth Stone"],"campfire_rested":1,"item_purchase_floors":[3,20],"current_hp_per_floor":[62,62,62,62,60,60,56,56,56,45,45,39,60,60,60,35,62,60,60,60,52,29,10],"gold":45,"neow_bonus":"BOSS_RELIC","is_prod":false,"is_daily":false,"chose_seed":false,"campfire_upgraded":4,"win_rate":0,"timestamp":1554761149,"path_taken":["M","?","$","?","?","R","M","R","T","M","R","M","R","?","R","BOSS","M","?","$","M","M","E"],"build_version":"2019-01-23","purchased_purges":2,"victory":false,"max_hp_per_floor":[71,71,71,71,71,71,71,71,71,71,71,71,71,71,71,71,71,71,71,71,71,71,71],"card_choices":[{"not_picked":["Beam Cell","Compile Driver"],"picked":"Coolheaded","floor":1.0},{"not_picked":["Undo","Go for the Eyes"],"picked":"Tempest","floor":5.0},{"not_picked":["Reprogram","Steam"],"picked":"Darkness","floor":7.0},{"not_picked":["Streamline","Sweeping Beam","Hello World"],"picked":"SKIP","floor":10.0},{"not_picked":["Gash","Stack"],"picked":"Loop","floor":12.0},{"not_picked":["Biased Cognition","Multi-Cast"],"picked":"Electrodynamics","floor":16.0},{"not_picked":["Go for the Eyes","Turbo+1"],"picked":"Conserve Battery","floor":18.0},{"not_picked":["Rebound","Hologram","Steam"],"picked":"SKIP","floor":21},{"not_picked":["Force Field","Hello World+1","Coolheaded"],"picked":"SKIP","floor":22}],"player_experience":802770,"relics_obtained":[{"floor":9.0,"key":"War Paint"},{"floor":19.0,"key":"Symbiotic Virus"}],"event_choices":[{"damage_healed":0.0,"max_hp_gain":0.0,"max_hp_loss":0.0,"gold_gain":0.0,"event_name":"Scrap Ooze","player_choice":"Fled","floor":2.0,"gold_loss":0.0,"damage_taken":0.0},{"cards_removed":["Strike_B"],"damage_healed":0.0,"max_hp_gain":0.0,"max_hp_loss":0.0,"gold_gain":0.0,"event_name":"Purifier","player_choice":"Purged","floor":4.0,"gold_loss":0.0,"damage_taken":0.0},{"damage_healed":0.0,"max_hp_gain":0.0,"max_hp_loss":0.0,"gold_gain":50.0,"event_name":"Golden Shrine","player_choice":"Pray","floor":14.0,"gold_loss":0.0,"damage_taken":0.0}],"is_beta":false,"boss_relics":[{"not_picked":["Philosopher\u0027s Stone","Tiny House"],"picked":"Inserter"}],"items_purged_floors":[3,20],"is_endless":false,"potions_floor_spawned":[1,7,18,22],"killed_by":"Book of Stabbing","ascension_level":19}