{"gold_per_floor":[20,31,45,63,63,88,88,147,173,192,192,162,126,140,140,140],"floor_reached":16,"playtime":1786,"items_purged":[],"score":112,"play_id":"add35f16-2007-45d5-b35d-cb92fdbc4834","local_time":"20180722125808","is_ascension_mode":false,"campfire_choices":[{"data":"Survivor","floor":7,"key":"SMITH"},{"data":"Flechettes","floor":11,"key":"SMITH"},{"floor":15,"key":"REST"}],"neow_cost":"NO_GOLD","seed_source_timestamp":691629797768568,"circlet_count":0,"master_deck":["Defend_G","Defend_G","Defend_G","Defend_G","Defend_G","Strike_G","Strike_G","Strike_G","Strike_G","Strike_G","Survivor+1","Neutralize","Glass Knife+1","Tactician","Quick Slash","Backflip","Flechettes+1","Eviscerate","PiercingWail","Dodge and Roll","Quick Slash"],"relics":["Ring of the Snake","Centennial Puzzle","Tiny Chest","Juzu Bracelet"],"potions_floor_usage":[4,6,8,16,16,16],"damage_taken":[{"damage":0,"enemies":"Small Slimes","floor":1,"turns":4},{"damage":0,"enemies":"Cultist","floor":2,"turns":4},{"damage":0,"enemies":"2 Louse","floor":3,"turns":4},{"damage":0,"enemies":"Red Slaver","floor":4,"turns":2},{"damage":6,"enemies":"Lagavulin","floor":6,"turns":6},{"damage":17,"enemies":"3 Sentries","floor":8,"turns":10},{"damage":13,"enemies":"Gremlin Gang","floor":10,"turns":5},{"damage":0,"enemies":"Large Slime","floor":14,"turns":5},{"damage":59,"enemies":"Hexaghost","floor":16,"turns":14}],"seed_played":"7870275630837614555","potions_obtained":[{"floor":1,"key":"SpeedPotion"},{"floor":2,"key":"Weak Potion"},{"floor":3,"key":"SteroidPotion"},{"floor":10,"key":"GamblersBrew"},{"floor":12,"key":"Block Potion"},{"floor":12,"key":"Energy Potion"},{"floor":14,"key":"SteroidPotion"}],"is_trial":false,"path_per_floor":["M","M","M","M","?","E","R","E","T","M","R","?","?","M","R"],"character_chosen":"THE_SILENT","items_purchased":[],"campfire_rested":1,"item_purchase_floors":[],"current_hp_per_floor":[70,70,70,70,70,64,64,47,47,34,34,34,34,34,55,0],"gold":140,"neow_bonus":"THREE_RARE_CARDS","is_prod":false,"is_daily":false,"chose_seed":false,"campfire_upgraded":2,"win_rate":0.0,"timestamp":1532278688,"path_taken":["M","M","M","M","?","E","R","E","T","M","R","?","?","M","R","BOSS"],"build_version":"2018-07-19v2","purchased_purges":0,"victory":false,"max_hp_per_floor":[70,70,70,70,70,70,70,70,70,70,70,70,70,70,70,70],"card_choices":[{"not_picked":["Night Terror","Burst"],"picked":"Glass Knife","floor":0},{"not_picked":["Choke","PiercingWail"],"picked":"Tactician","floor":1},{"not_picked":["Bane","Masterful Stab"],"picked":"Quick Slash","floor":2},{"not_picked":["Deflect","Distraction"],"picked":"Backflip","floor":3},{"not_picked":["Noxious Fumes","Poisoned Stab"],"picked":"Flechettes","floor":4},{"not_picked":["Reflex","Heel Hook"],"picked":"Eviscerate","floor":6},{"not_picked":["Phantasmal Killer","Poisoned Stab"],"picked":"PiercingWail","floor":8},{"not_picked":["Underhanded Strike","Well Laid Plans"],"picked":"Dodge and Roll","floor":10},{"not_picked":["Infinite Blades","Bane"],"picked":"Quick Slash","floor":14}],"player_experience":85439,"relics_obtained":[{"floor":6,"key":"Centennial Puzzle"},{"floor":8,"key":"Tiny Chest"},{"floor":9,"key":"Juzu Bracelet"}],"event_choices":[{"event_name":"Upgrade Shrine","player_choice":"Upgraded","floor":5,"damage_taken":0},{"event_name":"The Woman in Blue","player_choice":"Bought 2 Potions","floor":12,"damage_taken":0},{"event_name":"World of Goop","player_choice":"Left","floor":13,"damage_taken":0}],"is_beta":false,"boss_relics":[],"items_purged_floors":[],"is_endless":false,"potions_floor_spawned":[1,2,3,10,14],"killed_by":"Hexaghost","ascension_level":0}