{"gold_per_floor":[115,115,190,214,82,82,97,116,139,139,216,259,259,273,273,397,397,410,423,197,112,135,166,166,184,184,184,184,197,197,41,41,170,170,191,215,24,40,40,54,67,67,67,67],"floor_reached":44,"playtime":1802,"items_purged":["Strike_R"],"score":480,"play_id":"68e81417-6c15-490c-91fd-c6d0d2b49b9c","local_time":"20190502230244","is_ascension_mode":true,"campfire_choices":[{"data":"Spot Weakness","floor":6,"key":"SMITH"},{"data":"Power Through","floor":10,"key":"SMITH"},{"data":"Second Wind","floor":15,"key":"SMITH"},{"data":"Evolve","floor":24,"key":"SMITH"},{"data":"Fiend Fire","floor":30,"key":"SMITH"},{"data":"Limit Break","floor":32,"key":"SMITH"},{"floor":42,"key":"REST"}],"neow_cost":"NONE","seed_source_timestamp":520073792201375,"circlet_count":0,"master_deck":["Strike_R","Strike_R","Strike_R","Defend_R","Defend_R","Defend_R","Defend_R","Bash+1","Power Through+1","Spot Weakness+1","Shrug It Off","Second Wind+1","Bloodletting","Second Wind","Fiend Fire+1","True Grit","Evolve+1","Rampage","Shrug It Off","Clothesline+1","Pain","Body Slam+1","Limit Break+1","Barricade","True Grit+1","Metallicize","Parasite","Entrench","Clumsy"],"relics":["Burning Blood","Golden Idol","Strawberry","Regal Pillow","Cursed Key","Molten Egg 2","Bronze Scales","Kunai","Black Star","Art of War","Toxic Egg 2"],"potions_floor_usage":[16,16,18,27,33,33,33],"damage_taken":[{"damage":5,"enemies":"Small Slimes","floor":1,"turns":4},{"damage":6,"enemies":"Jaw Worm","floor":4,"turns":3},{"damage":0,"enemies":"2 Louse","floor":7,"turns":2},{"damage":4,"enemies":"2 Fungi Beasts","floor":8,"turns":4},{"damage":31,"enemies":"Gremlin Nob","floor":12,"turns":5},{"damage":16,"enemies":"Red Slaver","floor":14,"turns":4},{"damage":38,"enemies":"Slime Boss","floor":16,"turns":13},{"damage":3,"enemies":"Shell Parasite","floor":18,"turns":5},{"damage":19,"enemies":"Spheric Guardian","floor":19,"turns":5},{"damage":6,"enemies":"Snake Plant","floor":22,"turns":6},{"damage":21,"enemies":"Book of Stabbing","floor":23,"turns":6},{"damage":0,"enemies":"Cultist and Chosen","floor":25,"turns":4},{"damage":0,"enemies":"Sentry and Sphere","floor":27,"turns":2},{"damage":2,"enemies":"Snake Plant","floor":29,"turns":4},{"damage":67,"enemies":"Automaton","floor":33,"turns":11},{"damage":31,"enemies":"3 Darklings","floor":35,"turns":9},{"damage":3,"enemies":"Orb Walker","floor":36,"turns":3},{"damage":31,"enemies":"Writhing Mass","floor":38,"turns":7},{"damage":8,"enemies":"Maw","floor":40,"turns":8},{"damage":23,"enemies":"Spire Growth","floor":41,"turns":5},{"damage":7,"enemies":"4 Shapes","floor":44,"turns":3}],"seed_played":"3917299184940814231","potions_obtained":[{"floor":4,"key":"Energy Potion"},{"floor":12,"key":"Explosive Potion"},{"floor":14,"key":"Strength Potion"},{"floor":18,"key":"Fruit Juice"},{"floor":19,"key":"SmokeBomb"},{"floor":22,"key":"EssenceOfSteel"},{"floor":28,"key":"GamblersBrew"},{"floor":36,"key":"SpeedPotion"},{"floor":38,"key":"Weak Potion"}],"is_trial":false,"path_per_floor":["M","?","?","M","$","R","M","M","T","R","?","E","?","M","R","B",null,"M","M","$","?","M","E","R","M","T","M","?","M","R","$","R","B",null,"M","M","$","M","?","M","M","R","T","M"],"character_chosen":"IRONCLAD","items_purchased":["Spot Weakness","Shrug It Off","Evolve","Rampage","Shrug It Off","Limit Break","Metallicize","Art of War"],"campfire_rested":1,"item_purchase_floors":[5,5,20,20,20,31,37,37],"current_hp_per_floor":[80,74,63,63,63,63,69,71,78,78,78,53,53,43,43,11,81,86,73,73,73,73,58,58,64,64,70,70,74,74,74,74,13,86,61,64,64,39,31,29,12,52,52,45],"gold":67,"neow_bonus":"UPGRADE_CARD","is_prod":false,"is_daily":false,"chose_seed":false,"campfire_upgraded":6,"win_rate":0,"timestamp":1556852564,"path_taken":["M","?","?","M","$","R","M","M","T","R","?","E","?","M","R","BOSS","M","M","$","?","M","E","R","M","T","M","?","M","R","$","R","BOSS","M","M","$","?","?","?","M","R","T","M"],"build_version":"2019-01-23","purchased_purges":1,"victory":false,"max_hp_per_floor":[80,74,74,74,74,74,74,74,81,81,81,81,81,81,81,81,81,86,86,86,86,86,86,86,86,86,86,86,86,86,86,86,86,86,86,86,86,86,86,86,86,86,86,86],"card_choices":[{"not_picked":["Flex","Dropkick","Burning Pact"],"picked":"SKIP","floor":1},{"not_picked":["Ghostly Armor","Perfected Strike"],"picked":"Power Through","floor":4},{"not_picked":["Twin Strike","Inflame","Clash"],"picked":"SKIP","floor":7},{"not_picked":["Havoc","Thunderclap","Pummel"],"picked":"SKIP","floor":8},{"not_picked":["Shrug It Off","Clash"],"picked":"Second Wind","floor":12},{"not_picked":["Rage","Pommel Strike"],"picked":"Second Wind","floor":14},{"not_picked":["Feed","Brutality"],"picked":"Fiend Fire","floor":16},{"not_picked":["Headbutt+1","Havoc"],"picked":"True Grit","floor":18},{"not_picked":["Havoc+1","Anger","Dual Wield"],"picked":"SKIP","floor":19},{"not_picked":["Heavy Blade+1","Sentinel"],"picked":"Clothesline+1","floor":22},{"not_picked":["Whirlwind+1","Thunderclap+1","Rupture+1"],"picked":"SKIP","floor":23},{"not_picked":["Combust","Intimidate+1","Heavy Blade+1"],"picked":"SKIP","floor":25},{"not_picked":["Combust","Intimidate+1","Heavy Blade+1"],"picked":"SKIP","floor":25},{"not_picked":["Havoc+1","Hemokinesis+1"],"picked":"Body Slam+1","floor":29},{"not_picked":["Limit Break","Feed+1"],"picked":"Barricade","floor":33},{"not_picked":["Flex","Clash+1","Thunderclap+1"],"picked":"SKIP","floor":35},{"not_picked":["Uppercut+1","Warcry"],"picked":"True Grit+1","floor":36},{"not_picked":["Sword Boomerang+1","Combust+1"],"picked":"Entrench","floor":38},{"not_picked":["Twin Strike+1","Hemokinesis+1","Clash+1"],"picked":"SKIP","floor":40},{"not_picked":["Clothesline+1","Sword Boomerang+1","Rampage+1"],"picked":"SKIP","floor":41}],"player_experience":596891,"relics_obtained":[{"floor":9,"key":"Strawberry"},{"floor":12,"key":"Regal Pillow"},{"floor":23,"key":"Bronze Scales"},{"floor":26,"key":"Kunai"},{"floor":43,"key":"Toxic Egg 2"}],"event_choices":[{"damage_healed":0,"gold_gain":0,"player_choice":"Lose Max HP","damage_taken":0,"relics_obtained":["Golden Idol"],"max_hp_gain":0,"max_hp_loss":6,"event_name":"Golden Idol","floor":2,"gold_loss":0},{"damage_healed":0,"gold_gain":75,"player_choice":"Gather Gold","damage_taken":11,"max_hp_gain":0,"max_hp_loss":0,"event_name":"World of Goop","floor":3,"gold_loss":0},{"damage_healed":0,"gold_gain":77,"player_choice":"Gained Gold","damage_taken":0,"max_hp_gain":0,"max_hp_loss":0,"event_name":"Golden Wing","floor":11,"gold_loss":0},{"damage_healed":0,"gold_gain":0,"cards_transformed":["Strike_R"],"player_choice":"Transformed","damage_taken":0,"max_hp_gain":0,"max_hp_loss":0,"event_name":"Transmorgrifier","floor":13,"gold_loss":0,"cards_obtained":["Bloodletting"]},{"damage_healed":0,"gold_gain":0,"player_choice":"Obtained Relic","damage_taken":0,"relics_obtained":["Molten Egg 2"],"max_hp_gain":0,"max_hp_loss":0,"event_name":"Addict","floor":21,"gold_loss":85},{"damage_healed":0,"gold_gain":0,"player_choice":"Got Potions","damage_taken":0,"max_hp_gain":0,"max_hp_loss":0,"event_name":"Lab","floor":28,"gold_loss":0},{"damage_healed":0,"gold_gain":0,"player_choice":"Damaged","damage_taken":8,"max_hp_gain":0,"max_hp_loss":0,"event_name":"Wheel of Change","floor":39,"gold_loss":0}],"is_beta":false,"boss_relics":[{"not_picked":["Busted Crown","Orrery"],"picked":"Cursed Key"},{"not_picked":["Runic Dome","Runic Cube"],"picked":"Black Star"}],"items_purged_floors":[20],"is_endless":false,"potions_floor_spawned":[4,12,14,18,19,22,36,38],"killed_by":"4 Shapes","ascension_level":1}