{"gold_per_floor":[117,131,149,4,15,15,28,28,75,75,110,110,138,155,155,251,251,268,64,163,48,48,107,54,70,70,70,94,105,122,47,47,47],"floor_reached":33,"playtime":1628,"items_purged":[],"score":343,"play_id":"800f14c9-90e3-4d26-bb04-e5ccfef7f481","local_time":"20190506223025","is_ascension_mode":true,"campfire_choices":[{"data":"Sentinel","floor":6,"key":"SMITH"},{"data":"Whirlwind","floor":8,"key":"SMITH"},{"data":"Bash","floor":10,"key":"SMITH"},{"floor":12,"key":"REST"},{"floor":15,"key":"REST"},{"floor":27,"key":"REST"},{"floor":32,"key":"REST"}],"neow_cost":"NONE","seed_source_timestamp":1929487894032471,"circlet_count":0,"master_deck":["Bash+1","Clothesline","Whirlwind+1","Shrug It Off","Sentinel+1","Corruption","Carnage","Offering","Whirlwind","Inflame","Dark Embrace","Hemokinesis","Evolve","Havoc","Thunderclap","Wild Strike","Seeing Red+1","Offering","True Grit","Feel No Pain","Bite","Bite","Bite","Bite","Bite","Rage","True Grit","Sentinel","True Grit"],"relics":["Sozu","Pen Nib","Bottled Tornado","Odd Mushroom","Pandora\u0027s Box","DollysMirror","Tiny Chest","Oddly Smooth Stone","Blood Vial"],"potions_floor_usage":[],"damage_taken":[{"damage":2,"enemies":"Jaw Worm","floor":1,"turns":3},{"damage":6,"enemies":"2 Louse","floor":2,"turns":3},{"damage":12,"enemies":"Small Slimes","floor":3,"turns":2},{"damage":7,"enemies":"Blue Slaver","floor":5,"turns":3},{"damage":6,"enemies":"Exordium Wildlife","floor":7,"turns":3},{"damage":15,"enemies":"Gremlin Nob","floor":11,"turns":4},{"damage":4,"enemies":"The Mushroom Lair","floor":13,"turns":3},{"damage":0,"enemies":"Large Slime","floor":14,"turns":4},{"damage":19,"enemies":"The Guardian","floor":16,"turns":6},{"damage":18,"enemies":"Chosen","floor":18,"turns":2},{"damage":34,"enemies":"Book of Stabbing","floor":23,"turns":3},{"damage":15,"enemies":"3 Byrds","floor":25,"turns":3},{"damage":19,"enemies":"Shelled Parasite and Fungi","floor":29,"turns":3},{"damage":24,"enemies":"Chosen and Byrds","floor":30,"turns":5},{"damage":42,"enemies":"Collector","floor":33,"turns":5}],"seed_played":"-9196099741384774670","potions_obtained":[],"is_trial":false,"path_per_floor":["M","M","M","$","M","R","M","R","T","R","E","R","?","M","R","B",null,"M","$","?","$","?","E","$","M","T","R","T","M","M","?","R","B"],"character_chosen":"IRONCLAD","items_purchased":["Sentinel","Corruption","DollysMirror","True Grit","Feel No Pain","True Grit"],"campfire_rested":4,"item_purchase_floors":[4,4,19,21,21,24],"current_hp_per_floor":[78,72,60,60,53,53,47,47,47,47,32,56,52,52,76,57,80,62,62,62,62,56,30,30,21,21,37,37,28,14,14,30,0],"gold":47,"neow_bonus":"BOSS_RELIC","is_prod":false,"is_daily":false,"chose_seed":false,"campfire_upgraded":3,"win_rate":0,"timestamp":1557196225,"path_taken":["M","M","M","$","M","R","M","R","T","R","E","R","?","M","R","BOSS","M","$","?","$","?","E","$","M","T","R","?","M","?","?","R","BOSS"],"build_version":"2019-01-23","purchased_purges":0,"victory":false,"max_hp_per_floor":[80,80,80,80,80,80,80,80,80,80,80,80,80,80,80,80,80,80,80,80,80,56,56,56,56,56,56,56,56,56,56,56,56],"card_choices":[{"not_picked":["Sword Boomerang","Armaments"],"picked":"Clothesline","floor":1},{"not_picked":["Warcry","Hemokinesis"],"picked":"Whirlwind","floor":2},{"not_picked":["Reckless Charge","Armaments"],"picked":"Shrug It Off","floor":3},{"not_picked":["Wild Strike","Headbutt","Heavy Blade"],"picked":"SKIP","floor":5},{"not_picked":["Heavy Blade","Whirlwind","Clothesline"],"picked":"SKIP","floor":7},{"not_picked":["True Grit","Feed"],"picked":"Carnage","floor":11},{"not_picked":["Body Slam","Twin Strike","Anger"],"picked":"SKIP","floor":14},{"not_picked":["Immolate","Exhume"],"picked":"Offering","floor":16},{"not_picked":["Havoc+1","Inflame"],"picked":"Seeing Red+1","floor":18},{"not_picked":["Clothesline+1","Disarm"],"picked":"Rage","floor":23},{"not_picked":["Iron Wave","Shrug It Off"],"picked":"Sentinel","floor":25},{"not_picked":["Reaper","Flame Barrier"],"picked":"True Grit","floor":29},{"not_picked":["Power Through","Armaments","Flex"],"picked":"SKIP","floor":30}],"player_experience":186974,"relics_obtained":[{"floor":9,"key":"Pen Nib"},{"floor":11,"key":"Bottled Tornado"},{"floor":13,"key":"Odd Mushroom"},{"floor":23,"key":"Tiny Chest"},{"floor":26,"key":"Oddly Smooth Stone"},{"floor":28,"key":"Blood Vial"}],"event_choices":[{"damage_healed":0,"gold_gain":0,"player_choice":"Fought Mushrooms","damage_taken":0,"max_hp_gain":0,"max_hp_loss":0,"event_name":"Mushrooms","floor":13,"gold_loss":0},{"damage_healed":0,"gold_gain":99,"player_choice":"Stole From Cult","damage_taken":0,"max_hp_gain":0,"max_hp_loss":0,"event_name":"Nest","floor":20,"gold_loss":0},{"damage_healed":0,"gold_gain":0,"player_choice":"Became a vampire","damage_taken":0,"max_hp_gain":0,"max_hp_loss":24,"event_name":"Vampires","floor":22,"gold_loss":0,"cards_obtained":["Bite","Bite","Bite","Bite","Bite"]},{"cards_removed":["Barricade"],"damage_healed":0,"gold_gain":0,"player_choice":"Gave Gold","damage_taken":0,"max_hp_gain":0,"max_hp_loss":0,"event_name":"Beggar","floor":31,"gold_loss":75}],"is_beta":false,"boss_relics":[{"not_picked":["Philosopher\u0027s Stone","Coffee Dripper"],"picked":"Pandora\u0027s Box"}],"items_purged_floors":[],"is_endless":false,"potions_floor_spawned":[3,7,14,23,29,30],"killed_by":"Collector","ascension_level":4}