{"gold_per_floor":[118,130,140,140,154,154,179,191,259,274,287,171,199,214,214,311,311,327,342,267,279,279,279,313,313,340,340,367,382,382,413,413,413],"floor_reached":33,"playtime":1634,"items_purged":["Strike_R"],"score":335,"play_id":"7a15989b-1222-4110-b014-c78e5ff3e7d0","local_time":"20181201122124","is_ascension_mode":true,"campfire_choices":[{"data":"Cleave","floor":6,"key":"SMITH"},{"data":"Feed","floor":15,"key":"SMITH"},{"data":"Whirlwind","floor":23,"key":"SMITH"},{"data":"Armaments","floor":25,"key":"SMITH"},{"floor":27,"key":"REST"},{"data":"Whirlwind","floor":32,"key":"SMITH"}],"neow_cost":"NONE","seed_source_timestamp":145985188417422,"circlet_count":0,"master_deck":["Strike_R","Strike_R","Strike_R","Defend_R","Defend_R","Defend_R","Defend_R","Bash+1","Power Through","Iron Wave","Uppercut+1","Cleave+1","Pommel Strike","Shrug It Off","Carnage","Whirlwind+1","Metallicize","Intimidate","Feed+1","Reaper","Rampage","Armaments+1","Shrug It Off","Headbutt","Battle Trance+1","True Grit","Whirlwind+1","Shockwave","Warcry"],"relics":["Burning Blood","Red Skull","Gremlin Horn","Shovel","Orrery","Happy Flower","Orichalcum","Peace Pipe","Lantern"],"potions_floor_usage":[13,14,16,28,31],"damage_taken":[{"damage":6,"enemies":"Jaw Worm","floor":1,"turns":3},{"damage":6,"enemies":"Cultist","floor":2,"turns":3},{"damage":0,"enemies":"Small Slimes","floor":3,"turns":3},{"damage":10,"enemies":"2 Fungi Beasts","floor":5,"turns":3},{"damage":34,"enemies":"Gremlin Nob","floor":7,"turns":5},{"damage":8,"enemies":"3 Louse","floor":8,"turns":3},{"damage":5,"enemies":"Looter","floor":10,"turns":3},{"damage":6,"enemies":"2 Fungi Beasts","floor":11,"turns":3},{"damage":5,"enemies":"3 Sentries","floor":13,"turns":4},{"damage":0,"enemies":"Lots of Slimes","floor":14,"turns":1},{"damage":38,"enemies":"Hexaghost","floor":16,"turns":9},{"damage":41,"enemies":"Spheric Guardian","floor":18,"turns":6},{"damage":10,"enemies":"3 Byrds","floor":19,"turns":4},{"damage":17,"enemies":"Centurion and Healer","floor":21,"turns":7},{"damage":13,"enemies":"Colosseum Slavers","floor":22,"turns":3},{"damage":11,"enemies":"Gremlin Leader","floor":24,"turns":5},{"damage":32,"enemies":"Slavers","floor":28,"turns":4},{"damage":3,"enemies":"3 Cultists","floor":29,"turns":3},{"damage":26,"enemies":"Book of Stabbing","floor":31,"turns":5},{"damage":96,"enemies":"Automaton","floor":33,"turns":12}],"seed_played":"7471894613522140515","potions_obtained":[{"floor":1,"key":"AttackPotion"},{"floor":3,"key":"Strength Potion"},{"floor":7,"key":"Dexterity Potion"},{"floor":8,"key":"Explosive Potion"},{"floor":19,"key":"Ancient Potion"},{"floor":24,"key":"SteroidPotion"},{"floor":28,"key":"FearPotion"},{"floor":29,"key":"LiquidBronze"}],"is_trial":false,"path_per_floor":["M","M","M","?","M","R","E","M","T","M","M","$","E","M","R","B",null,"M","M","?","M","?","R","E","R","T","R","E","M","?","E","R","B"],"character_chosen":"IRONCLAD","items_purchased":["Metallicize"],"campfire_rested":1,"item_purchase_floors":[12],"current_hp_per_floor":[80,80,80,80,76,76,48,46,46,47,47,47,48,54,54,22,80,45,45,45,45,38,38,33,33,33,59,87,92,92,72,72,0],"gold":413,"neow_bonus":"UPGRADE_CARD","is_prod":false,"is_daily":false,"chose_seed":false,"campfire_upgraded":5,"win_rate":0,"timestamp":1543684884,"path_taken":["M","M","M","?","M","R","E","M","T","M","?","$","E","M","R","BOSS","M","M","?","M","?","R","E","R","T","R","E","M","?","E","R","BOSS"],"build_version":"2018-11-15","purchased_purges":1,"victory":false,"max_hp_per_floor":[80,80,80,80,80,80,80,80,80,80,80,80,80,80,80,80,80,80,84,84,88,88,88,88,88,88,88,88,92,92,92,92,92],"card_choices":[{"not_picked":["Rupture","Warcry"],"picked":"Power Through","floor":1},{"not_picked":["Feel No Pain","Infernal Blade"],"picked":"Iron Wave","floor":2},{"not_picked":["Feel No Pain","Fire Breathing"],"picked":"Uppercut","floor":3},{"not_picked":["Pummel","Pommel Strike"],"picked":"Cleave","floor":5},{"not_picked":["Infernal Blade","Clash"],"picked":"Pommel Strike","floor":7},{"not_picked":["Heavy Blade","Iron Wave"],"picked":"Shrug It Off","floor":8},{"not_picked":["Havoc","Sentinel"],"picked":"Carnage","floor":10},{"not_picked":["Infernal Blade","Flame Barrier"],"picked":"Whirlwind","floor":11},{"not_picked":["Hemokinesis","Thunderclap"],"picked":"Intimidate","floor":13},{"not_picked":["Ghostly Armor","Sever Soul"],"picked":"Feed","floor":14},{"not_picked":["Dark Embrace","Barricade"],"picked":"Reaper","floor":16},{"not_picked":["Shrug It Off","Anger"],"picked":"Rampage","floor":17},{"not_picked":["Fire Breathing","Clothesline"],"picked":"Armaments","floor":17},{"not_picked":["Anger","Entrench"],"picked":"Shrug It Off","floor":17},{"not_picked":["Feel No Pain","Clash"],"picked":"Headbutt","floor":17},{"not_picked":["Heavy Blade","Sword Boomerang+1"],"picked":"Battle Trance+1","floor":18},{"not_picked":["Brutality","Thunderclap"],"picked":"True Grit","floor":19},{"not_picked":["Hemokinesis","Havoc"],"picked":"Whirlwind","floor":21},{"not_picked":["Flex","Disarm"],"picked":"Shockwave","floor":24},{"not_picked":["Juggernaut","Power Through"],"picked":"Warcry","floor":28},{"not_picked":["Iron Wave","Power Through","Infernal Blade"],"picked":"SKIP","floor":29},{"not_picked":["Armaments","Body Slam+1","Thunderclap"],"picked":"SKIP","floor":31}],"player_experience":258367,"relics_obtained":[{"floor":7,"key":"Red Skull"},{"floor":9,"key":"Gremlin Horn"},{"floor":13,"key":"Shovel"},{"floor":24,"key":"Happy Flower"},{"floor":26,"key":"Orichalcum"},{"floor":28,"key":"Peace Pipe"},{"floor":31,"key":"Lantern"}],"event_choices":[{"damage_healed":0,"gold_gain":0,"player_choice":"Forge","damage_taken":0,"max_hp_gain":0,"max_hp_loss":0,"event_name":"Accursed Blacksmith","floor":4,"gold_loss":0,"cards_upgraded":["Uppercut"]},{"cards_removed":["Strike_R"],"damage_healed":0,"gold_gain":0,"player_choice":"Gave Gold","damage_taken":0,"max_hp_gain":0,"max_hp_loss":0,"event_name":"Beggar","floor":20,"gold_loss":75},{"damage_healed":0,"gold_gain":0,"player_choice":"Fight","damage_taken":0,"max_hp_gain":0,"max_hp_loss":0,"event_name":"Colosseum","floor":22,"gold_loss":0},{"damage_healed":0,"gold_gain":0,"player_choice":"Fled From Nobs","damage_taken":0,"max_hp_gain":0,"max_hp_loss":0,"event_name":"Colosseum","floor":22,"gold_loss":0},{"damage_healed":0,"gold_gain":0,"player_choice":"Ignored","damage_taken":0,"max_hp_gain":0,"max_hp_loss":0,"event_name":"Ghosts","floor":30,"gold_loss":0}],"is_beta":false,"boss_relics":[{"not_picked":["Philosopher\u0027s Stone","Runic Pyramid"],"picked":"Orrery"}],"items_purged_floors":[12],"is_endless":false,"potions_floor_spawned":[1,3,7,8,19,24,28,29],"killed_by":"Automaton","ascension_level":1}