{"gold_per_floor":[115,135,135,146,146,174,174,174,198,215,242,242,261,278,278,380,380,397,397,240,255,354,379,379,409,409,437,111,123,143,156,156,255,255,266,281,281,22,32,57,57,75,102,102,27,27,38,38,38,38],"floor_reached":51,"playtime":2483,"items_purged":["Strike_G"],"score":917,"play_id":"cf85983f-d785-4b18-836c-db0f1d96d6c8","local_time":"20181209072334","is_ascension_mode":true,"campfire_choices":[{"data":"Poisoned Stab","floor":7,"key":"SMITH"},{"data":"Crippling Poison","floor":12,"key":"SMITH"},{"data":"A Thousand Cuts","floor":15,"key":"SMITH"},{"floor":24,"key":"RECALL"},{"data":"Footwork","floor":32,"key":"SMITH"},{"data":"Dodge and Roll","floor":41,"key":"SMITH"},{"data":"Sucker Punch","floor":46,"key":"SMITH"}],"neow_cost":"NONE","seed_source_timestamp":164858600551537,"circlet_count":0,"master_deck":["Defend_G+1","Defend_G+1","Defend_G+1","Defend_G+1","Defend_G+1","Strike_G+1","Strike_G+1","Strike_G+1","Strike_G+1","Survivor+1","Neutralize+1","A Thousand Cuts+1","Dagger Spray+1","Quick Slash+1","Dagger Throw+1","Poisoned Stab+1","Crippling Poison+1","Flying Knee+1","Die Die Die+1","Sucker Punch+1","Glass Knife+1","Cloak And Dagger+1","Backstab+1","Footwork+1","PiercingWail+1","Bouncing Flask+1","Noxious Fumes+1","Bane+1","Backflip+1","Caltrops+1","Blur+1","Deadly Poison+1","Predator+1","Backflip+1","Dodge and Roll+1","Corpse Explosion+1","Cloak And Dagger+1","Madness+1","Madness+1","PiercingWail+1","Dodge and Roll+1","Escape Plan+1","Acrobatics+1","Dodge and Roll+1"],"relics":["Ring of the Snake","Bronze Scales","Snake Skull","Blood Vial","Anchor","Mercury Hourglass","Coffee Dripper","Prayer Wheel","Mummified Hand","Bottled Flame","Red Mask","OrangePellets","Eternal Feather","Kunai","Orichalcum","Oddly Smooth Stone","Mark of the Bloom"],"potions_floor_usage":[11,16,16,23,33,36,40,50],"damage_taken":[{"damage":5,"enemies":"Cultist","floor":1,"turns":4},{"damage":0,"enemies":"2 Louse","floor":2,"turns":2},{"damage":2,"enemies":"Small Slimes","floor":4,"turns":2},{"damage":24,"enemies":"3 Sentries","floor":6,"turns":8},{"damage":0,"enemies":"Looter","floor":10,"turns":2},{"damage":24,"enemies":"Gremlin Nob","floor":11,"turns":4},{"damage":0,"enemies":"Exordium Thugs","floor":13,"turns":4},{"damage":0,"enemies":"Exordium Wildlife","floor":14,"turns":2},{"damage":18,"enemies":"The Guardian","floor":16,"turns":10},{"damage":0,"enemies":"Chosen","floor":18,"turns":3},{"damage":0,"enemies":"Shell Parasite","floor":21,"turns":3},{"damage":19,"enemies":"Book of Stabbing","floor":23,"turns":4},{"damage":0,"enemies":"Gremlin Leader","floor":25,"turns":7},{"damage":2,"enemies":"Masked Bandits","floor":27,"turns":3},{"damage":0,"enemies":"Chosen and Byrds","floor":29,"turns":3},{"damage":0,"enemies":"Snecko","floor":30,"turns":3},{"damage":0,"enemies":"Cultist and Chosen","floor":31,"turns":4},{"damage":17,"enemies":"Champ","floor":33,"turns":11},{"damage":2,"enemies":"Orb Walker","floor":35,"turns":2},{"damage":4,"enemies":"3 Darklings","floor":36,"turns":4},{"damage":14,"enemies":"Maw","floor":39,"turns":6},{"damage":36,"enemies":"Reptomancer","floor":40,"turns":5},{"damage":0,"enemies":"4 Shapes","floor":42,"turns":3},{"damage":2,"enemies":"Writhing Mass","floor":47,"turns":6},{"damage":37,"enemies":"Awakened One","floor":50,"turns":15}],"seed_played":"292742920617444101","potions_obtained":[{"floor":6,"key":"AttackPotion"},{"floor":10,"key":"SkillPotion"},{"floor":14,"key":"SkillPotion"},{"floor":16,"key":"Block Potion"},{"floor":21,"key":"PowerPotion"},{"floor":30,"key":"EssenceOfSteel"},{"floor":31,"key":"Weak Potion"},{"floor":35,"key":"Poison Potion"},{"floor":39,"key":"Energy Potion"}],"is_trial":false,"path_per_floor":["M","M","?","M","?","E","R","?","T","M","E","R","M","M","R","B",null,"M","?","$","M","?","E","R","E","T","?","$","M","M","M","R","B",null,"M","M","?","$","M","E","R","M","T","?","$","R","M","?","R","B",null],"character_chosen":"THE_SILENT","items_purchased":["Backstab","Footwork","Backflip","OrangePellets","Caltrops","Kunai"],"campfire_rested":0,"item_purchase_floors":[20,20,28,28,28,38],"current_hp_per_floor":[65,65,62,60,60,36,36,36,36,38,16,16,18,20,20,4,70,70,70,70,70,70,51,51,53,53,53,53,55,57,59,59,44,70,68,66,57,57,45,11,35,37,37,37,37,61,61,61,61,24],"gold":38,"neow_bonus":"ONE_RANDOM_RARE_CARD","is_prod":false,"is_daily":false,"chose_seed":false,"campfire_upgraded":6,"win_rate":0,"timestamp":1544358214,"path_taken":["M","M","?","M","?","E","R","?","T","M","E","R","M","M","R","BOSS","M","?","$","M","?","E","R","E","T","?","$","M","M","M","R","BOSS","M","M","?","$","M","E","R","M","T","?","?","R","M","?","R","BOSS"],"build_version":"2018-12-06","purchased_purges":1,"victory":true,"max_hp_per_floor":[70,70,70,70,70,70,70,70,70,70,70,70,70,70,70,70,70,70,70,70,70,70,70,70,70,70,70,70,70,70,70,70,70,70,70,70,70,70,70,70,70,70,70,70,70,70,70,70,70,70],"card_choices":[{"not_picked":["Acrobatics","Distraction"],"picked":"Dagger Spray","floor":1},{"not_picked":["Prepared","Cloak And Dagger"],"picked":"Quick Slash","floor":2},{"not_picked":["Concentrate","Quick Slash"],"picked":"Dagger Throw","floor":4},{"not_picked":["Calculated Gamble","Slice"],"picked":"Poisoned Stab","floor":6},{"not_picked":["Slice","Dagger Spray"],"picked":"Crippling Poison","floor":10},{"not_picked":["Sucker Punch","All Out Attack"],"picked":"Flying Knee","floor":11},{"not_picked":["Backflip","Terror"],"picked":"Die Die Die","floor":13},{"not_picked":["Distraction","Acrobatics"],"picked":"Sucker Punch","floor":14},{"not_picked":["Phantasmal Killer","Die Die Die"],"picked":"Glass Knife","floor":16},{"not_picked":["Acrobatics+1","Underhanded Strike"],"picked":"Cloak And Dagger","floor":18},{"not_picked":["Prepared","Bane"],"picked":"PiercingWail","floor":21},{"not_picked":["Dagger Throw","Sucker Punch"],"picked":"Bouncing Flask+1","floor":23},{"not_picked":["Flechettes","Riddle With Holes"],"picked":"Noxious Fumes+1","floor":25},{"not_picked":["Storm of Steel","Blade Dance+1"],"picked":"Bane","floor":27},{"not_picked":["Backstab","Deadly Poison+1"],"picked":"Blur+1","floor":29},{"not_picked":["Bouncing Flask","Caltrops"],"picked":"Deadly Poison","floor":29},{"not_picked":["Outmaneuver","Sucker Punch+1"],"picked":"Predator","floor":30},{"not_picked":["Bane","A Thousand Cuts"],"picked":"Backflip","floor":30},{"not_picked":["Poisoned Stab","PiercingWail"],"picked":"Dodge and Roll","floor":31},{"not_picked":["Masterful Stab","Dagger Throw","Blade Dance"],"picked":"SKIP","floor":31},{"not_picked":["Tools of the Trade","Burst"],"picked":"Corpse Explosion","floor":33},{"not_picked":["Poisoned Stab","Sucker Punch+1","Bane"],"picked":"SKIP","floor":35},{"not_picked":["Flechettes+1","Accuracy+1","Slice+1"],"picked":"SKIP","floor":35},{"not_picked":["PiercingWail+1","Skewer+1"],"picked":"Cloak And Dagger","floor":36},{"not_picked":["Bouncing Flask+1","Accuracy+1","Escape Plan"],"picked":"SKIP","floor":36},{"not_picked":["Infinite Blades","Backstab"],"picked":"PiercingWail+1","floor":39},{"not_picked":["Deadly Poison+1","Leg Sweep+1"],"picked":"Dodge and Roll+1","floor":39},{"not_picked":["PiercingWail","Eviscerate+1"],"picked":"Escape Plan+1","floor":40},{"not_picked":["Poisoned Stab+1","Bane+1"],"picked":"Acrobatics","floor":42},{"not_picked":["Skewer","Bane","Grand Finale"],"picked":"SKIP","floor":42},{"not_picked":["Finisher","PiercingWail+1"],"picked":"Dodge and Roll","floor":47},{"not_picked":["Slice","Dash+1","Quick Slash"],"picked":"SKIP","floor":47}],"player_experience":298792,"relics_obtained":[{"floor":6,"key":"Snake Skull"},{"floor":9,"key":"Anchor"},{"floor":11,"key":"Mercury Hourglass"},{"floor":23,"key":"Prayer Wheel"},{"floor":25,"key":"Mummified Hand"},{"floor":26,"key":"Bottled Flame"},{"floor":27,"key":"Red Mask"},{"floor":40,"key":"Orichalcum"},{"floor":43,"key":"Oddly Smooth Stone"}],"event_choices":[{"damage_healed":0,"gold_gain":0,"player_choice":"Success","damage_taken":3,"relics_obtained":["Bronze Scales"],"max_hp_gain":0,"max_hp_loss":0,"event_name":"Scrap Ooze","floor":3,"gold_loss":0},{"damage_healed":0,"gold_gain":0,"player_choice":"Ignored","damage_taken":0,"max_hp_gain":0,"max_hp_loss":0,"event_name":"Golden Wing","floor":5,"gold_loss":0},{"damage_healed":0,"gold_gain":0,"player_choice":"Searched \u00271\u0027 times","damage_taken":0,"relics_obtained":["Blood Vial"],"max_hp_gain":0,"max_hp_loss":0,"event_name":"Dead Adventurer","floor":8,"gold_loss":0},{"damage_healed":0,"gold_gain":0,"player_choice":"Ignored","damage_taken":0,"max_hp_gain":0,"max_hp_loss":0,"event_name":"Ghosts","floor":19,"gold_loss":0},{"damage_healed":0,"gold_gain":99,"player_choice":"Stole From Cult","damage_taken":0,"max_hp_gain":0,"max_hp_loss":0,"event_name":"Nest","floor":22,"gold_loss":0},{"damage_healed":0,"gold_gain":0,"player_choice":"Fought Bandits","damage_taken":0,"max_hp_gain":0,"max_hp_loss":0,"event_name":"Masked Bandits","floor":27,"gold_loss":0},{"damage_healed":0,"gold_gain":0,"player_choice":"Embrace Madness","damage_taken":9,"max_hp_gain":0,"max_hp_loss":0,"event_name":"Winding Halls","floor":37,"gold_loss":0,"cards_obtained":["Madness","Madness"]},{"damage_healed":0,"gold_gain":0,"player_choice":"Ignored","damage_taken":0,"max_hp_gain":0,"max_hp_loss":0,"event_name":"Mysterious Sphere","floor":44,"gold_loss":0},{"damage_healed":0,"gold_gain":0,"player_choice":"Upgrade","damage_taken":0,"relics_obtained":["Mark of the Bloom"],"max_hp_gain":0,"max_hp_loss":0,"event_name":"MindBloom","floor":48,"gold_loss":0,"cards_upgraded":["Defend_G","Defend_G","Defend_G","Defend_G","Defend_G","Strike_G","Strike_G","Strike_G","Strike_G","Survivor","Neutralize","Dagger Spray","Quick Slash","Dagger Throw","Flying Knee","Die Die Die","Glass Knife","Cloak And Dagger","Backstab","PiercingWail","Bane","Backflip","Caltrops","Deadly Poison","Predator","Backflip","Corpse Explosion","Cloak And Dagger","Madness","Madness","Acrobatics","Dodge and Roll"]}],"is_beta":false,"boss_relics":[{"not_picked":["Ectoplasm","Snecko Eye"],"picked":"Coffee Dripper"},{"not_picked":["Fusion Hammer","White Beast Statue"],"picked":"Eternal Feather"}],"items_purged_floors":[45],"is_endless":false,"potions_floor_spawned":[6,10,14,16,21,30,31,35,39],"ascension_level":4}