{"gold_per_floor":[113,132,207,132,147,147,47,47,47,60,71,85,66,101,101,101],"floor_reached":16,"playtime":371,"items_purged":["Defend_R","Defend_R"],"score":102,"play_id":"07d4ec31-6d67-4685-8642-0e963970c8df","local_time":"20181210162817","is_ascension_mode":false,"campfire_choices":[{"data":"Bash","floor":6,"key":"SMITH"},{"floor":15,"key":"REST"}],"neow_cost":"NONE","seed_source_timestamp":286068951207607,"circlet_count":0,"master_deck":["Strike_R","Strike_R","Strike_R","Strike_R","Strike_R","Defend_R","Bash+1","Shrug It Off"],"relics":["Burning Blood","NeowsBlessing","The Courier","Paper Frog"],"potions_floor_usage":[14,14],"damage_taken":[{"damage":0,"enemies":"2 Louse","floor":1,"turns":1},{"damage":0,"enemies":"Jaw Worm","floor":2,"turns":1},{"damage":0,"enemies":"Cultist","floor":5,"turns":1},{"damage":14,"enemies":"Blue Slaver","floor":10,"turns":3},{"damage":16,"enemies":"Red Slaver","floor":11,"turns":3},{"damage":20,"enemies":"Looter","floor":12,"turns":3},{"damage":15,"enemies":"Gremlin Nob","floor":14,"turns":4},{"damage":58,"enemies":"The Guardian","floor":16,"turns":13}],"seed_played":"-1793948094284650080","potions_obtained":[{"floor":2,"key":"AttackPotion"},{"floor":5,"key":"SteroidPotion"}],"is_trial":false,"path_per_floor":["M","M","?","$","M","R","$","?","T","M","M","M","$","E","R","B"],"character_chosen":"IRONCLAD","items_purchased":["Shrug It Off"],"campfire_rested":1,"item_purchase_floors":[13],"current_hp_per_floor":[80,80,69,69,75,75,75,75,75,67,57,43,43,34,58,0],"gold":101,"neow_bonus":"THREE_ENEMY_KILL","is_prod":false,"is_daily":false,"chose_seed":false,"campfire_upgraded":1,"win_rate":0,"timestamp":1544477297,"path_taken":["M","M","?","$","M","R","$","?","T","M","M","M","$","E","R","BOSS"],"build_version":"2018-12-06","purchased_purges":2,"victory":false,"max_hp_per_floor":[80,80,80,80,80,80,80,80,80,80,80,80,80,80,80,80],"card_choices":[{"not_picked":["Flex","True Grit","Pommel Strike"],"picked":"SKIP","floor":1},{"not_picked":["Entrench","Sword Boomerang","Armaments"],"picked":"SKIP","floor":2},{"not_picked":["Headbutt","Thunderclap","Havoc"],"picked":"SKIP","floor":5},{"not_picked":["Twin Strike","Flex","Feel No Pain"],"picked":"SKIP","floor":10},{"not_picked":["Entrench","Bloodletting","True Grit"],"picked":"SKIP","floor":11},{"not_picked":["Twin Strike","Cleave","Dark Embrace"],"picked":"SKIP","floor":12},{"not_picked":["Power Through","Sever Soul","Twin Strike"],"picked":"SKIP","floor":14}],"player_experience":313175,"relics_obtained":[{"floor":9,"key":"The Courier"},{"floor":14,"key":"Paper Frog"}],"event_choices":[{"damage_healed":0,"gold_gain":75,"player_choice":"Gather Gold","damage_taken":11,"max_hp_gain":0,"max_hp_loss":0,"event_name":"World of Goop","floor":3,"gold_loss":0},{"cards_removed":["Defend_R"],"damage_healed":0,"gold_gain":0,"player_choice":"Forget","damage_taken":0,"max_hp_gain":0,"max_hp_loss":0,"event_name":"Living Wall","floor":8,"gold_loss":0}],"is_beta":false,"boss_relics":[],"items_purged_floors":[4,7],"is_endless":false,"potions_floor_spawned":[2,5],"killed_by":"The Guardian","ascension_level":0}