{"gold_per_floor":[215,215,235,510,522,522,272,272,272,284,284,284,284,298,298,397,397,407,181,201,217,235,235,248,248],"floor_reached":25,"playtime":711,"items_purged":["Regret"],"score":195,"play_id":"084e3dda-1d45-4fb8-b436-b6cf130ec16a","local_time":"20190518185744","is_ascension_mode":false,"campfire_choices":[{"data":"Zap","floor":6,"key":"SMITH"},{"data":"Dualcast","floor":8,"key":"SMITH"},{"data":"Glacier","floor":11,"key":"SMITH"},{"data":"Sweeping Beam","floor":15,"key":"SMITH"},{"floor":23,"key":"REST"}],"neow_cost":"NONE","seed_source_timestamp":240010683700732,"circlet_count":0,"master_deck":["Strike_B","Strike_B","Strike_B","Strike_B","Defend_B","Defend_B","Defend_B","Defend_B","Zap+1","Dualcast+1","Sweeping Beam+1","Streamline","Coolheaded","Flash of Steel","Glacier+1","Ball Lightning","Echo Form","Loop+1","Ball Lightning"],"relics":["Cracked Core","Omamori","Girya","Calling Bell","PreservedInsect","Kunai","Incense Burner","Oddly Smooth Stone"],"potions_floor_usage":[10,22],"damage_taken":[{"damage":11,"enemies":"Jaw Worm","floor":1,"turns":2},{"damage":0,"enemies":"Cultist","floor":3,"turns":2},{"damage":9,"enemies":"2 Louse","floor":5,"turns":2},{"damage":10,"enemies":"2 Fungi Beasts","floor":10,"turns":2},{"damage":13,"enemies":"Lots of Slimes","floor":14,"turns":3},{"damage":32,"enemies":"Slime Boss","floor":16,"turns":13},{"damage":22,"enemies":"3 Byrds","floor":18,"turns":4},{"damage":16,"enemies":"Spheric Guardian","floor":20,"turns":4},{"damage":21,"enemies":"Snake Plant","floor":21,"turns":6},{"damage":0,"enemies":"Cultist and Chosen","floor":22,"turns":5},{"damage":17,"enemies":"Centurion and Healer","floor":24,"turns":6},{"damage":16,"enemies":"3 Cultists","floor":25,"turns":4}],"seed_played":"-5187863203064684265","potions_obtained":[{"floor":3,"key":"Fire Potion"},{"floor":16,"key":"FocusPotion"},{"floor":18,"key":"Fire Potion"},{"floor":20,"key":"PowerPotion"},{"floor":24,"key":"LiquidBronze"}],"is_trial":false,"path_per_floor":["M","?","M","?","M","R","$","R","T","M","R","?","?","M","R","B",null,"M","$","M","M","M","R","M","M"],"character_chosen":"DEFECT","items_purchased":["Flash of Steel","Omamori","Oddly Smooth Stone"],"campfire_rested":1,"item_purchase_floors":[7,7,19],"current_hp_per_floor":[64,75,75,75,66,66,66,66,66,56,56,49,49,36,36,4,75,53,53,37,16,16,38,21,5],"gold":248,"neow_bonus":"HUNDRED_GOLD","is_prod":false,"is_daily":false,"chose_seed":false,"campfire_upgraded":4,"win_rate":0,"timestamp":1558173464,"path_taken":["M","?","?","?","?","R","$","R","T","M","R","?","?","M","R","BOSS","M","$","M","M","?","R","M","M"],"build_version":"2019-01-23","purchased_purges":1,"victory":false,"max_hp_per_floor":[75,75,75,75,75,75,75,75,75,75,75,75,75,75,75,75,75,75,75,75,75,75,75,75,75],"card_choices":[{"not_picked":["Aggregate","Conserve Battery"],"picked":"Sweeping Beam","floor":1},{"not_picked":["Turbo","Rebound"],"picked":"Streamline","floor":3},{"not_picked":["Steam","Leap"],"picked":"Coolheaded","floor":5},{"not_picked":["Undo","Redo"],"picked":"Glacier","floor":10},{"not_picked":["Multi-Cast","Heatsinks"],"picked":"Ball Lightning","floor":14},{"not_picked":["Meteor Strike","Core Surge"],"picked":"Echo Form","floor":16},{"not_picked":["Blizzard","Fusion"],"picked":"Loop+1","floor":18},{"not_picked":["Heatsinks","Stack","Steam+1"],"picked":"SKIP","floor":20},{"not_picked":["Rip and Tear","Blizzard"],"picked":"Ball Lightning","floor":21},{"not_picked":["Steam Power","Biased Cognition","Beam Cell"],"picked":"SKIP","floor":22},{"not_picked":["Steam Power","Ball Lightning","Fusion"],"picked":"SKIP","floor":24}],"player_experience":384265,"relics_obtained":[{"floor":9,"key":"Girya"},{"floor":17,"key":"PreservedInsect"},{"floor":17,"key":"Kunai"},{"floor":17,"key":"Incense Burner"}],"event_choices":[{"damage_healed":11,"gold_gain":0,"player_choice":"Full Heal","damage_taken":0,"max_hp_gain":0,"max_hp_loss":0,"event_name":"Wheel of Change","floor":2,"gold_loss":0},{"damage_healed":0,"gold_gain":275,"player_choice":"Desecrate","damage_taken":0,"max_hp_gain":0,"max_hp_loss":0,"event_name":"Golden Shrine","floor":4,"gold_loss":0,"cards_obtained":["Regret"]},{"cards_removed":["Regret"],"damage_healed":0,"gold_gain":0,"player_choice":"Card Removal","damage_taken":7,"max_hp_gain":0,"max_hp_loss":0,"event_name":"Golden Wing","floor":12,"gold_loss":0},{"damage_healed":0,"gold_gain":0,"player_choice":"0 cards matched","damage_taken":0,"max_hp_gain":0,"max_hp_loss":0,"event_name":"Match and Keep!","floor":13,"gold_loss":0,"cards_obtained":[]}],"is_beta":false,"boss_relics":[{"not_picked":["White Beast Statue","Runic Dome"],"picked":"Calling Bell"}],"items_purged_floors":[19],"is_endless":false,"potions_floor_spawned":[3,16,18,20,24],"killed_by":"3 Cultists","ascension_level":0}