{"gold_per_floor":[112,112,37,112,124,124,152,152,152,252,271,299,47,62,62,137,137,147,147,161,260,89,124,124,124,149,149,161,1,1,13,13,87,137,156,208,208,208,208,252,9,23,23,50,50,50,61,89,89,89],"floor_reached":51,"playtime":2725,"items_purged":["Bite"],"score":1422,"play_id":"c16af745-32c6-4291-8613-2af4126f27cb","local_time":"20190322021019","is_ascension_mode":true,"campfire_choices":[{"data":"Neutralize","floor":6,"key":"SMITH"},{"data":"Deadly Poison","floor":8,"key":"SMITH"},{"data":"Footwork","floor":15,"key":"SMITH"},{"floor":25,"key":"REST"},{"floor":27,"key":"REST"},{"floor":32,"key":"REST"},{"floor":46,"key":"REST"},{"floor":49,"key":"REST"}],"neow_cost":"NONE","seed_source_timestamp":297927259686684,"circlet_count":0,"master_deck":["AscendersBane","Defend_G","Defend_G","Defend_G","Defend_G","Defend_G","Survivor","Neutralize+1","Deadly Poison+1","Dagger Throw","Quick Slash","Cloak And Dagger","Footwork+1","Backflip","Crippling Poison","Corpse Explosion","Crippling Poison","Bite","Bite","Bite","Dagger Spray","Backstab+1","Dodge and Roll","PiercingWail","Footwork","Footwork+1","Backflip","PiercingWail","Cloak And Dagger","Burst","Deadly Poison","Backflip+1","Calculated Gamble","Deadly Poison","Leg Sweep","Madness","Madness","Dodge and Roll","Calculated Gamble+1"],"relics":["Ring of the Snake","NeowsBlessing","Du-Vu Doll","The Courier","Whetstone","FossilizedHelix","Fusion Hammer","Dodecahedron","Dream Catcher","Bronze Scales","Enchiridion","Tiny House","Tingsha","MawBank","Art of War","Paper Crane","Letter Opener","Dead Branch","Nunchaku"],"potions_floor_usage":[23,50,50],"damage_taken":[{"damage":0,"enemies":"Jaw Worm","floor":1,"turns":1},{"damage":0,"enemies":"Small Slimes","floor":5,"turns":1},{"damage":0,"enemies":"Gremlin Nob","floor":7,"turns":1},{"damage":0,"enemies":"2 Louse","floor":11,"turns":2},{"damage":22,"enemies":"Lagavulin","floor":12,"turns":6},{"damage":5,"enemies":"Exordium Thugs","floor":14,"turns":5},{"damage":3,"enemies":"The Guardian","floor":16,"turns":12},{"damage":0,"enemies":"3 Byrds","floor":18,"turns":3},{"damage":7,"enemies":"Chosen","floor":20,"turns":5},{"damage":30,"enemies":"Gremlin Leader","floor":23,"turns":8},{"damage":0,"enemies":"Snecko","floor":28,"turns":5},{"damage":9,"enemies":"Centurion and Healer","floor":31,"turns":16},{"damage":3,"enemies":"Automaton","floor":33,"turns":11},{"damage":0,"enemies":"3 Shapes","floor":35,"turns":3},{"damage":0,"enemies":"2 Orb Walkers","floor":36,"turns":4},{"damage":0,"enemies":"Reptomancer","floor":40,"turns":10},{"damage":12,"enemies":"3 Darklings","floor":42,"turns":3},{"damage":11,"enemies":"Nemesis","floor":44,"turns":9},{"damage":0,"enemies":"Jaw Worm Horde","floor":47,"turns":4},{"damage":8,"enemies":"Reptomancer","floor":48,"turns":8},{"damage":37,"enemies":"Time Eater","floor":50,"turns":19}],"seed_played":"-4146326496621499265","potions_obtained":[{"floor":11,"key":"SteroidPotion"},{"floor":12,"key":"Dexterity Potion"},{"floor":23,"key":"Poison Potion"}],"is_trial":false,"path_per_floor":["M","?","$","?","M","R","E","R","T","?","M","E","$","M","R","B",null,"M","?","M","?","$","E","?","R","T","R","M","$","?","M","R","B",null,"M","?","?","?","T","E","$","M","T","E","?","R","M","E","R","B",null],"character_chosen":"THE_SILENT","items_purchased":["Dagger Throw","Quick Slash","Backflip","FossilizedHelix","Backstab","Dodge and Roll","PiercingWail","Bronze Scales","Cloak And Dagger","Paper Crane","Calculated Gamble"],"campfire_rested":5,"item_purchase_floors":[3,3,13,13,22,22,22,29,29,41,41],"current_hp_per_floor":[59,64,64,53,53,53,53,53,53,53,53,31,31,26,26,23,59,59,49,46,46,46,28,28,42,42,49,49,49,33,49,49,49,54,54,54,54,54,54,54,54,42,42,37,30,46,50,48,54,21],"gold":89,"neow_bonus":"THREE_ENEMY_KILL","is_prod":false,"is_daily":false,"chose_seed":false,"campfire_upgraded":3,"win_rate":0,"timestamp":1553235019,"path_taken":["M","?","$","?","M","R","E","R","T","?","M","E","$","M","R","BOSS","M","?","M","?","$","E","?","R","T","R","?","$","?","M","R","BOSS","M","?","?","?","?","E","$","?","T","E","?","R","M","E","R","BOSS"],"build_version":"2019-01-23","purchased_purges":1,"victory":true,"max_hp_per_floor":[66,71,71,71,71,71,71,71,71,71,71,71,71,71,71,71,71,71,49,49,49,49,49,49,49,49,49,49,49,49,49,49,49,54,54,54,54,54,54,54,54,54,54,54,54,54,54,54,54,54],"card_choices":[{"not_picked":["Deflect","Slice"],"picked":"Deadly Poison","floor":1},{"not_picked":["Sucker Punch","Slice","Acrobatics"],"picked":"SKIP","floor":5},{"not_picked":["Accuracy","Tactician","Phantasmal Killer"],"picked":"SKIP","floor":7},{"not_picked":["Heel Hook","Acrobatics"],"picked":"Cloak And Dagger","floor":11},{"not_picked":["Flying Knee","Dagger Throw"],"picked":"Footwork","floor":12},{"not_picked":["Deflect","Quick Slash"],"picked":"Crippling Poison","floor":14},{"not_picked":["Bullet Time","Unload"],"picked":"Corpse Explosion","floor":16},{"not_picked":["Poisoned Stab","Cloak And Dagger"],"picked":"Crippling Poison","floor":18},{"not_picked":["Deflect","Dagger Throw+1"],"picked":"Dagger Spray","floor":20},{"not_picked":["Blade Dance","Slice"],"picked":"Footwork","floor":23},{"not_picked":["Terror","PiercingWail"],"picked":"Backflip","floor":27},{"not_picked":["Poisoned Stab","Footwork"],"picked":"PiercingWail","floor":28},{"not_picked":["Poisoned Stab","Terror"],"picked":"Burst","floor":31},{"not_picked":["Underhanded Strike","Dagger Spray"],"picked":"Deadly Poison","floor":32},{"not_picked":["Finisher+1","Sucker Punch"],"picked":"Backflip+1","floor":35},{"not_picked":["Slice+1","Outmaneuver","Bane"],"picked":"SKIP","floor":40},{"not_picked":["Dagger Spray","Flying Knee"],"picked":"Deadly Poison","floor":42},{"not_picked":["Quick Slash","Escape Plan"],"picked":"Leg Sweep","floor":44},{"not_picked":["Flying Knee","Setup+1"],"picked":"Dodge and Roll","floor":47},{"not_picked":["Corpse Explosion","Masterful Stab"],"picked":"Calculated Gamble+1","floor":48}],"player_experience":511251,"relics_obtained":[{"floor":7,"key":"Du-Vu Doll"},{"floor":9,"key":"The Courier"},{"floor":12,"key":"Whetstone"},{"floor":23,"key":"Dodecahedron"},{"floor":26,"key":"Dream Catcher"},{"floor":30,"key":"Enchiridion"},{"floor":36,"key":"Tingsha"},{"floor":39,"key":"MawBank"},{"floor":40,"key":"Art of War"},{"floor":43,"key":"Letter Opener"},{"floor":44,"key":"Dead Branch"},{"floor":48,"key":"Nunchaku"}],"event_choices":[{"damage_healed":0,"gold_gain":0,"player_choice":"Donut","damage_taken":0,"max_hp_gain":5,"max_hp_loss":0,"event_name":"Big Fish","floor":2,"gold_loss":0},{"damage_healed":0,"gold_gain":75,"player_choice":"Gather Gold","damage_taken":11,"max_hp_gain":0,"max_hp_loss":0,"event_name":"World of Goop","floor":4,"gold_loss":0},{"damage_healed":0,"gold_gain":100,"player_choice":"Pray","damage_taken":0,"max_hp_gain":0,"max_hp_loss":0,"event_name":"Golden Shrine","floor":10,"gold_loss":0},{"damage_healed":0,"gold_gain":0,"player_choice":"Became a vampire","damage_taken":0,"max_hp_gain":0,"max_hp_loss":22,"event_name":"Vampires","floor":19,"gold_loss":0,"cards_obtained":["Bite","Bite","Bite","Bite","Bite"]},{"damage_healed":0,"gold_gain":99,"player_choice":"Stole From Cult","damage_taken":0,"max_hp_gain":0,"max_hp_loss":0,"event_name":"Nest","floor":21,"gold_loss":0},{"damage_healed":0,"gold_gain":0,"player_choice":"Copied","damage_taken":0,"max_hp_gain":0,"max_hp_loss":0,"event_name":"Duplicator","floor":24,"gold_loss":0,"cards_obtained":["Footwork"]},{"damage_healed":0,"gold_gain":0,"player_choice":"Obtained Book","damage_taken":16,"max_hp_gain":0,"max_hp_loss":0,"event_name":"Cursed Tome","floor":30,"gold_loss":0},{"damage_healed":0,"gold_gain":0,"player_choice":"Fight","damage_taken":0,"max_hp_gain":0,"max_hp_loss":0,"event_name":"Mysterious Sphere","floor":36,"gold_loss":0},{"damage_healed":0,"gold_gain":0,"player_choice":"Ignored","damage_taken":0,"max_hp_gain":0,"max_hp_loss":0,"event_name":"Tomb of Lord Red Mask","floor":37,"gold_loss":0},{"cards_removed":["Bite"],"damage_healed":0,"gold_gain":0,"player_choice":"Removed Attack","damage_taken":0,"max_hp_gain":0,"max_hp_loss":0,"event_name":"Falling","floor":38,"gold_loss":0},{"damage_healed":0,"gold_gain":0,"player_choice":"Embrace Madness","damage_taken":7,"max_hp_gain":0,"max_hp_loss":0,"event_name":"Winding Halls","floor":45,"gold_loss":0,"cards_obtained":["Madness","Madness"]}],"is_beta":false,"boss_relics":[{"not_picked":["Runic Pyramid","HoveringKite"],"picked":"Fusion Hammer"},{"not_picked":["WristBlade","Velvet Choker"],"picked":"Tiny House"}],"items_purged_floors":[22],"is_endless":false,"potions_floor_spawned":[11,12,23,31,33,36,44,47],"ascension_level":14}