{"gold_per_floor":[113,113,133,148,148,178,188,188,211,251,263],"floor_reached":11,"playtime":686,"items_purged":[],"score":83,"play_id":"4ddd358f-b803-471c-8374-49ffc19eb3a7","local_time":"20190517153552","is_ascension_mode":false,"campfire_choices":[{"data":"Infinite Blades","floor":8,"key":"SMITH"}],"neow_cost":"NONE","seed_source_timestamp":54718359175300,"circlet_count":0,"master_deck":["Defend_G","Defend_G","Defend_G","Defend_G","Defend_G","Strike_G","Strike_G","Strike_G","Strike_G","Strike_G","Survivor","Neutralize","Slice","Dagger Throw","Finisher","Infinite Blades+1","Catalyst"],"relics":["Ring of the Snake","Regal Pillow","Bag of Marbles","MawBank","Centennial Puzzle"],"potions_floor_usage":[],"damage_taken":[{"damage":0,"enemies":"2 Louse","floor":1,"turns":4},{"damage":3,"enemies":"Cultist","floor":3,"turns":6},{"damage":6,"enemies":"Small Slimes","floor":4,"turns":3},{"damage":38,"enemies":"Gremlin Nob","floor":6,"turns":6},{"damage":0,"enemies":"3 Louse","floor":7,"turns":2},{"damage":31,"enemies":"Lagavulin","floor":10,"turns":6},{"damage":11,"enemies":"Exordium Thugs","floor":11,"turns":2}],"seed_played":"-3127310455534311113","potions_obtained":[{"floor":4,"key":"SteroidPotion"},{"floor":6,"key":"Strength Potion"},{"floor":10,"key":"Strength Potion"}],"is_trial":false,"path_per_floor":["M","?","M","M","?","E","M","R","T","E","M"],"character_chosen":"THE_SILENT","items_purchased":[],"campfire_rested":0,"item_purchase_floors":[],"current_hp_per_floor":[77,65,62,56,77,39,39,39,39,8,0],"gold":263,"neow_bonus":"TEN_PERCENT_HP_BONUS","is_prod":false,"is_daily":false,"chose_seed":false,"campfire_upgraded":1,"win_rate":0.0,"timestamp":1558121752,"path_taken":["M","?","M","M","?","E","M","R","T","E","?"],"build_version":"2019-01-23","purchased_purges":0,"victory":false,"max_hp_per_floor":[77,77,77,77,77,77,77,77,77,77,77],"card_choices":[{"not_picked":["Blade Dance","Bane"],"picked":"Well Laid Plans","floor":1},{"not_picked":["Caltrops","Escape Plan"],"picked":"Slice","floor":3},{"not_picked":["Sucker Punch","Bane"],"picked":"Dagger Throw","floor":4},{"not_picked":["Quick Slash","Caltrops"],"picked":"Finisher","floor":6},{"not_picked":["Dagger Throw","Heel Hook"],"picked":"Infinite Blades","floor":7},{"not_picked":["Leg Sweep","Wraith Form v2"],"picked":"Catalyst","floor":10}],"player_experience":9453,"relics_obtained":[{"floor":6,"key":"Bag of Marbles"},{"floor":9,"key":"MawBank"},{"floor":10,"key":"Centennial Puzzle"}],"event_choices":[{"damage_healed":0,"gold_gain":0,"player_choice":"Success","damage_taken":12,"relics_obtained":["Regal Pillow"],"max_hp_gain":0,"max_hp_loss":0,"event_name":"Scrap Ooze","floor":2,"gold_loss":0},{"cards_removed":["Well Laid Plans"],"damage_healed":21,"gold_gain":0,"player_choice":"Offered Uncommon","damage_taken":0,"max_hp_gain":0,"max_hp_loss":0,"event_name":"Bonfire Elementals","floor":5,"gold_loss":0}],"is_beta":false,"boss_relics":[],"items_purged_floors":[],"is_endless":false,"potions_floor_spawned":[4,6,10],"killed_by":"Exordium Thugs","ascension_level":0}