{"gold_per_floor":[109,109,109,109,128,162,162,180,180,194,194,194,225,5,5,105,105,122,5,23,23,23,23,37,37,62,74,185,197],"floor_reached":29,"playtime":1953,"items_purged":["Defend_B"],"score":286,"play_id":"3a2ce3ca-e871-4652-9d24-910ef1531a25","local_time":"20190131161648","is_ascension_mode":true,"campfire_choices":[{"floor":7,"key":"REST"},{"floor":11,"key":"REST"},{"floor":15,"key":"REST"},{"floor":23,"key":"REST"},{"floor":25,"key":"REST"}],"neow_cost":"NONE","seed_source_timestamp":1720062321600707,"circlet_count":0,"master_deck":["Strike_B","Strike_B","Defend_B+1","Defend_B","Defend_B","Zap","Dualcast","Chill+1","Consume","Storm","Loop","Redo","Conserve Battery","Hello World","Reinforced Body","Core Surge","Fission","Double Energy","Defragment","Melter","Redo+1","Genetic Algorithm"],"special_seed":0,"relics":["Philosopher\u0027s Stone","War Paint","WingedGreaves","Regal Pillow","Meat on the Bone","Dream Catcher","Fusion Hammer","MawBank","Du-Vu Doll"],"potions_floor_usage":[13,16,24],"damage_taken":[{"damage":6.0,"enemies":"2 Louse","floor":1.0,"turns":3.0},{"damage":11,"enemies":"Small Slimes","floor":5,"turns":4},{"damage":40,"enemies":"3 Sentries","floor":6,"turns":10},{"damage":0,"enemies":"Cultist","floor":8,"turns":5},{"damage":10,"enemies":"Large Slime","floor":10,"turns":6},{"damage":32,"enemies":"Lagavulin","floor":13,"turns":6},{"damage":36,"enemies":"Hexaghost","floor":16,"turns":13},{"damage":20,"enemies":"Chosen","floor":18,"turns":6},{"damage":36,"enemies":"3 Byrds","floor":20,"turns":5},{"damage":30,"enemies":"3 Cultists","floor":24,"turns":7},{"damage":73,"enemies":"Centurion and Healer","floor":29,"turns":7}],"seed_played":"-8882816069646718191","potions_obtained":[{"floor":1.0,"key":"Poison Potion"},{"floor":10,"key":"Strength Potion"},{"floor":20,"key":"Explosive Potion"}],"is_trial":false,"path_per_floor":["M","?","?","?","M","E","R","M","T","M","R","?","E","$","R","B",null,"M","$","M","?","?","R","M","R","T","?","?","M"],"character_chosen":"DEFECT","items_purchased":["Hello World","Reinforced Body","Defragment","Melter"],"campfire_rested":5,"item_purchase_floors":[14,14,19,19],"current_hp_per_floor":[69,62,62,62,51,11,48,48,48,38,75,68,48,48,75,39,66,46,46,22,8,8,47,29,68,68,68,68,0],"gold":197,"neow_bonus":"BOSS_RELIC","is_prod":false,"is_daily":false,"chose_seed":false,"campfire_upgraded":0,"win_rate":0,"timestamp":1548944208,"path_taken":["M","?","?","?","M","E","R","M","T","?","R","?","E","?","R","BOSS","M","$","?","?","?","R","M","R","T","?","?","M"],"build_version":"2019-01-23","purchased_purges":1,"victory":false,"max_hp_per_floor":[75,75,75,75,75,75,75,75,75,75,75,75,75,75,75,75,75,75,75,75,80,80,80,80,80,80,80,80,80],"card_choices":[{"not_picked":["Defragment","Rebound"],"picked":"Chill","floor":1.0},{"not_picked":["Conserve Battery","Barrage"],"picked":"Consume","floor":5},{"not_picked":["Leap","Streamline"],"picked":"Storm","floor":6},{"not_picked":["Consume","Skim"],"picked":"Loop","floor":8},{"not_picked":["Compile Driver","Stack"],"picked":"Redo","floor":10},{"not_picked":["Cold Snap","Stack"],"picked":"Conserve Battery","floor":13},{"not_picked":["BootSequence","Steam"],"picked":"Core Surge","floor":15},{"not_picked":["Amplify","Seek"],"picked":"Fission","floor":16},{"not_picked":["Go for the Eyes","Stack"],"picked":"Double Energy","floor":18},{"not_picked":["Gash","Leap","Turbo"],"picked":"SKIP","floor":20},{"not_picked":["Reprogram","Compile Driver+1"],"picked":"Redo+1","floor":24},{"not_picked":["Leap","Compile Driver+1"],"picked":"Genetic Algorithm","floor":25}],"player_experience":485179,"relics_obtained":[{"floor":4,"key":"WingedGreaves"},{"floor":6,"key":"Regal Pillow"},{"floor":9,"key":"Meat on the Bone"},{"floor":13,"key":"Dream Catcher"},{"floor":26,"key":"MawBank"}],"event_choices":[{"damage_healed":0.0,"max_hp_gain":0.0,"max_hp_loss":0.0,"gold_gain":0.0,"event_name":"Scrap Ooze","player_choice":"Success","floor":2.0,"gold_loss":0.0,"damage_taken":7.0,"relics_obtained":["War Paint"]},{"cards_removed":["Strike_B"],"damage_healed":0,"gold_gain":0,"player_choice":"Forget","damage_taken":0,"max_hp_gain":0,"max_hp_loss":0,"event_name":"Living Wall","floor":3,"gold_loss":0},{"damage_healed":0,"gold_gain":0,"player_choice":"Relic","damage_taken":0,"max_hp_gain":0,"max_hp_loss":0,"event_name":"Wheel of Change","floor":4,"gold_loss":0},{"cards_removed":["Strike_B"],"damage_healed":0,"gold_gain":0,"player_choice":"Card Removal","damage_taken":7,"max_hp_gain":0,"max_hp_loss":0,"event_name":"Golden Wing","floor":12,"gold_loss":0},{"damage_healed":0,"gold_gain":0,"player_choice":"Shed Blood","damage_taken":19,"max_hp_gain":5,"max_hp_loss":0,"event_name":"Forgotten Altar","floor":21,"gold_loss":0},{"damage_healed":0,"gold_gain":0,"player_choice":"Ignored","damage_taken":0,"max_hp_gain":0,"max_hp_loss":0,"event_name":"Ghosts","floor":22,"gold_loss":0},{"damage_healed":0,"gold_gain":0,"player_choice":"Opened","damage_taken":0,"relics_obtained":["Du-Vu Doll"],"max_hp_gain":0,"max_hp_loss":0,"event_name":"The Mausoleum","floor":27,"gold_loss":0},{"damage_healed":0,"gold_gain":99,"player_choice":"Stole From Cult","damage_taken":0,"max_hp_gain":0,"max_hp_loss":0,"event_name":"Nest","floor":28,"gold_loss":0}],"is_beta":false,"boss_relics":[{"not_picked":["Empty Cage","Orrery"],"picked":"Fusion Hammer"}],"items_purged_floors":[14],"is_endless":false,"potions_floor_spawned":[1,10,20],"killed_by":"Centurion and Healer","ascension_level":5}