{"gold_per_floor":[110,127,6,19,29,29,56,86,86,101,101,116,150,120,120,220,220,232,232,244,255,255,283,283,299,299,319,334,198,208,228,228,329,329,340,355,365,381,1,1,28,28,28,62,81,97,97],"floor_reached":47,"playtime":7690,"items_purged":["Strike_R","Strike_R","Strike_R"],"score":575,"play_id":"b522da96-6595-4d4e-9e58-1f49d50935ac","local_time":"20180703213811","is_ascension_mode":false,"campfire_choices":[{"data":"Corruption","floor":6,"key":"SMITH"},{"floor":11,"key":"REST"},{"data":"Armaments","floor":15,"key":"SMITH"},{"data":"Brutality","floor":24,"key":"SMITH"},{"floor":32,"key":"REST"},{"floor":40,"key":"REST"}],"neow_cost":"NONE","seed_source_timestamp":1718609641485029,"circlet_count":0,"master_deck":["Strike_R","Defend_R","Defend_R","Defend_R","Defend_R","Bash","Armaments+1","Iron Wave","Anger","Blood for Blood","Corruption+1","Demon Form","Twin Strike","Sword Boomerang","Sword Boomerang","Limit Break","Spot Weakness+1","Uppercut+1","Sword Boomerang+1","Shockwave","Brutality+1","Twin Strike+1","Whirlwind","Power Through","Iron Wave","Demon Form","Brutality","Parasite","Pain","Writhe","Metallicize+1","Warcry+1","Shrug It Off+1","Thunderclap+1","Spot Weakness+1","Entrench","Reaper+1","Shrug It Off+1"],"relics":["Burning Blood","Boot","Self Forming Clay","Dodecahedron","Centennial Puzzle","Charon\u0027s Ashes","Black Star","Pantograph","Letter Opener","Darkstone Periapt","Calling Bell","Oddly Smooth Stone","Molten Egg 2","Thread and Needle","Shuriken","Ornamental Fan","Bottled Lightning","Juzu Bracelet","Pen Nib","Anchor"],"potions_floor_usage":[12,13,13,16,16,16,20,28,30,30,33,44,47],"damage_taken":[{"damage":1,"enemies":"Cultist","floor":1,"turns":3},{"damage":0,"enemies":"Small Slimes","floor":2,"turns":3},{"damage":6,"enemies":"2 Louse","floor":4,"turns":3},{"damage":19,"enemies":"Large Slime","floor":5,"turns":8},{"damage":22,"enemies":"Lagavulin","floor":7,"turns":6},{"damage":8,"enemies":"3 Louse","floor":10,"turns":4},{"damage":7,"enemies":"Blue Slaver","floor":12,"turns":3},{"damage":13,"enemies":"3 Sentries","floor":13,"turns":6},{"damage":20,"enemies":"Hexaghost","floor":16,"turns":6},{"damage":5,"enemies":"Spheric Guardian","floor":18,"turns":4},{"damage":24,"enemies":"Chosen","floor":20,"turns":5},{"damage":12,"enemies":"Centurion and Healer","floor":21,"turns":4},{"damage":5,"enemies":"Gremlin Leader","floor":23,"turns":5},{"damage":9,"enemies":"Snake Plant","floor":25,"turns":2},{"damage":8,"enemies":"Snecko","floor":27,"turns":3},{"damage":14,"enemies":"Centurion and Healer","floor":28,"turns":5},{"damage":19,"enemies":"Cultist and Chosen","floor":30,"turns":6},{"damage":4,"enemies":"Slaver and Parasite","floor":31,"turns":2},{"damage":15,"enemies":"Champ","floor":33,"turns":6},{"damage":38,"enemies":"3 Shapes","floor":35,"turns":5},{"damage":9,"enemies":"Orb Walker","floor":36,"turns":4},{"damage":20,"enemies":"4 Shapes","floor":37,"turns":5},{"damage":24,"enemies":"Maw","floor":38,"turns":6},{"damage":40,"enemies":"Giant Head","floor":41,"turns":7},{"damage":15,"enemies":"2 Orb Walkers","floor":44,"turns":3},{"damage":6,"enemies":"3 Darklings","floor":45,"turns":4},{"damage":5,"enemies":"Sphere and 2 Shapes","floor":46,"turns":4},{"damage":18,"enemies":"4 Shapes","floor":47,"turns":5}],"seed_played":"-2047548823645578435","potions_obtained":[{"floor":1,"key":"FearPotion"},{"floor":7,"key":"Dexterity Potion"},{"floor":10,"key":"Ancient Potion"},{"floor":13,"key":"PowerPotion"},{"floor":14,"key":"Swift Potion"},{"floor":14,"key":"PowerPotion"},{"floor":16,"key":"PowerPotion"},{"floor":18,"key":"Explosive Potion"},{"floor":23,"key":"Block Potion"},{"floor":25,"key":"SpeedPotion"},{"floor":28,"key":"SneckoOil"},{"floor":31,"key":"FearPotion"},{"floor":35,"key":"LiquidBronze"},{"floor":41,"key":"FearPotion"},{"floor":46,"key":"Swift Potion"}],"is_trial":false,"path_per_floor":["M","M","$","M","M","R","E","?","T","M","R","M","E","?","R","B",null,"M","?","M","M","?","E","R","M","T","M","M","$","M","M","R","B",null,"M","M","M","M","$","R","E","?","T","E","M","M"],"character_chosen":"IRONCLAD","items_purchased":["Anger","Power Through","Shuriken"],"campfire_rested":3,"item_purchase_floors":[3,29,39],"current_hp_per_floor":[80,80,80,80,67,67,51,51,51,49,73,72,65,65,65,51,80,80,80,62,56,56,57,57,54,54,52,44,44,31,33,57,71,98,66,63,49,31,31,60,26,26,26,17,17,18,0],"gold":97,"neow_bonus":"RANDOM_COMMON_RELIC","is_prod":false,"is_daily":false,"chose_seed":false,"campfire_upgraded":3,"win_rate":0.0,"timestamp":1530668291,"path_taken":["M","M","?","?","M","R","E","?","T","M","R","M","E","?","R","BOSS","M","?","M","M","?","E","R","M","T","M","M","?","M","?","R","BOSS","M","M","M","M","$","R","E","?","T","E","M","M","M"],"build_version":"2018-06-28","purchased_purges":3,"victory":false,"max_hp_per_floor":[80,80,80,80,80,80,80,80,80,80,80,80,80,80,80,80,80,80,80,80,80,80,80,80,80,80,80,80,80,80,80,80,80,98,98,98,98,98,98,98,98,98,98,98,98,98,98],"card_choices":[{"not_picked":["Warcry","True Grit"],"picked":"Armaments","floor":1},{"not_picked":["Fire Breathing","Entrench"],"picked":"Iron Wave","floor":2},{"not_picked":["Power Through","Clash"],"picked":"Blood for Blood","floor":4},{"not_picked":["True Grit","Entrench"],"picked":"Corruption","floor":5},{"not_picked":["Armaments","Clothesline"],"picked":"Demon Form","floor":7},{"not_picked":["Clash","Warcry"],"picked":"Twin Strike","floor":10},{"not_picked":["Rupture","Corruption"],"picked":"Sword Boomerang","floor":12},{"not_picked":["Wild Strike","Twin Strike"],"picked":"Sword Boomerang","floor":13},{"not_picked":["Juggernaut","Barricade"],"picked":"Limit Break","floor":16},{"not_picked":["True Grit+1","Pummel"],"picked":"Spot Weakness+1","floor":18},{"not_picked":["Bloodletting","Rupture"],"picked":"Uppercut+1","floor":20},{"not_picked":["Clothesline","Thunderclap"],"picked":"Sword Boomerang+1","floor":21},{"not_picked":["Iron Wave","Headbutt+1"],"picked":"Brutality","floor":23},{"not_picked":["Body Slam+1","Twin Strike","Blood for Blood"],"picked":"SKIP","floor":25},{"not_picked":["Pommel Strike","Thunderclap"],"picked":"Twin Strike+1","floor":27},{"not_picked":["Cleave+1","Pommel Strike"],"picked":"Whirlwind","floor":28},{"not_picked":["Clash+1","Dropkick"],"picked":"Iron Wave","floor":30},{"not_picked":["Headbutt","Rage"],"picked":"Demon Form","floor":31},{"not_picked":["Bludgeon","Berserk"],"picked":"Brutality","floor":33},{"not_picked":["Clothesline+1","Wild Strike+1"],"picked":"Metallicize+1","floor":35},{"not_picked":["True Grit","Perfected Strike+1"],"picked":"Warcry+1","floor":36},{"not_picked":["Body Slam+1","Searing Blow+1"],"picked":"Shrug It Off+1","floor":37},{"not_picked":["Uppercut+1","Blood for Blood+1"],"picked":"Thunderclap+1","floor":38},{"not_picked":["Armaments+1","Body Slam+1"],"picked":"Spot Weakness+1","floor":41},{"not_picked":["Intimidate+1","Rampage+1"],"picked":"Entrench","floor":44},{"not_picked":["Clothesline+1","True Grit+1"],"picked":"Reaper+1","floor":45},{"not_picked":["Warcry","Pommel Strike+1"],"picked":"Shrug It Off+1","floor":46}],"player_experience":31636,"relics_obtained":[{"floor":7,"key":"Self Forming Clay"},{"floor":9,"key":"Centennial Puzzle"},{"floor":13,"key":"Charon\u0027s Ashes"},{"floor":23,"key":"Pantograph"},{"floor":23,"key":"Letter Opener"},{"floor":26,"key":"Darkstone Periapt"},{"floor":34,"key":"Oddly Smooth Stone"},{"floor":34,"key":"Molten Egg 2"},{"floor":34,"key":"Thread and Needle"},{"floor":41,"key":"Ornamental Fan"},{"floor":41,"key":"Bottled Lightning"},{"floor":43,"key":"Juzu Bracelet"},{"floor":44,"key":"Pen Nib"},{"floor":44,"key":"Anchor"}],"event_choices":[{"event_name":"Dead Adventurer","player_choice":"Searched \u00272\u0027 times","floor":8,"damage_taken":0},{"event_name":"The Woman in Blue","player_choice":"Bought 2 Potions","floor":14,"damage_taken":0},{"event_name":"Cursed Tome","player_choice":"Ignored","floor":19,"damage_taken":0},{"event_name":"Transmorgrifier","player_choice":"Transform","floor":22,"damage_taken":0},{"event_name":"Mysterious Sphere","player_choice":"Ignore","floor":42,"damage_taken":0}],"boss_relics":[{"not_picked":["Coffee Dripper","Busted Crown"],"picked":"Black Star"},{"not_picked":["Snecko Eye","Orrery"],"picked":"Calling Bell"}],"items_purged_floors":[3,29,39],"is_endless":false,"potions_floor_spawned":[1,7,10,13,16,18,23,25,28,31,35,41,46],"killed_by":"4 Shapes","ascension_level":0}