{"gold_per_floor":[113,113,129,149,74,74,100,115,115,148,22,35,68,93,93,190,190,201,231,47,59,72,72,102,119,119,218,218,238,91,108,108,108],"floor_reached":33,"playtime":1528,"items_purged":["Defend_R","Defend_R"],"score":421,"play_id":"db063675-a455-44bf-b1e1-a4c5da8b6646","local_time":"20190509173320","is_ascension_mode":true,"campfire_choices":[{"data":"Inflame","floor":6,"key":"SMITH"},{"data":"Dual Wield","floor":15,"key":"SMITH"},{"floor":23,"key":"REST"},{"floor":32,"key":"REST"}],"neow_cost":"PERCENT_DAMAGE","seed_source_timestamp":2170956376734686,"circlet_count":0,"master_deck":["Strike_R","Strike_R","Strike_R","Strike_R","Defend_R","Bash","Clash","Pommel Strike","Anger","Inflame+1","Dual Wield+1","Clash","Limit Break","Violence"],"relics":["Burning Blood","Potion Belt","Shuriken","Mercury Hourglass","Paper Frog","Ancient Tea Set","Black Star","Red Mask","Orichalcum","Juzu Bracelet","PreservedInsect","Blue Candle","Blood Vial"],"potions_floor_usage":[7,10,13,19,24,31],"damage_taken":[{"damage":0,"enemies":"2 Louse","floor":1,"turns":2},{"damage":7,"enemies":"Jaw Worm","floor":3,"turns":3},{"damage":0,"enemies":"Small Slimes","floor":4,"turns":2},{"damage":16,"enemies":"3 Sentries","floor":7,"turns":5},{"damage":8,"enemies":"Blue Slaver","floor":8,"turns":2},{"damage":13,"enemies":"Gremlin Nob","floor":10,"turns":3},{"damage":0,"enemies":"Looter","floor":12,"turns":1},{"damage":10,"enemies":"3 Sentries","floor":13,"turns":3},{"damage":0,"enemies":"Slime Boss","floor":16,"turns":3},{"damage":42,"enemies":"Shell Parasite","floor":18,"turns":4},{"damage":4,"enemies":"Masked Bandits","floor":19,"turns":3},{"damage":14,"enemies":"2 Thieves","floor":21,"turns":3},{"damage":28,"enemies":"Shelled Parasite and Fungi","floor":22,"turns":3},{"damage":25,"enemies":"Gremlin Leader","floor":24,"turns":4},{"damage":19,"enemies":"Centurion and Healer","floor":25,"turns":4},{"damage":12,"enemies":"Snake Plant","floor":29,"turns":3},{"damage":2,"enemies":"Cultist and Chosen","floor":31,"turns":2},{"damage":91,"enemies":"Automaton","floor":33,"turns":6}],"seed_played":"6069275680036372979","potions_obtained":[{"floor":1,"key":"EssenceOfSteel"},{"floor":8,"key":"Strength Potion"},{"floor":13,"key":"Fruit Juice"},{"floor":18,"key":"SkillPotion"},{"floor":22,"key":"SteroidPotion"},{"floor":29,"key":"Explosive Potion"}],"is_trial":false,"path_per_floor":["M","?","M","M","$","R","E","M","T","E","$","M","E","T","R","B",null,"M","?","$","M","M","R","E","M","T","?","T","M","$","M","R","B"],"character_chosen":"IRONCLAD","items_purchased":["Clash","Violence","Blood Vial"],"campfire_rested":2,"item_purchase_floors":[11,20,30],"current_hp_per_floor":[62,67,66,72,72,72,62,60,60,53,53,59,60,60,60,66,84,48,50,50,42,20,47,28,15,15,15,15,9,9,15,42,0],"gold":108,"neow_bonus":"TRANSFORM_TWO_CARDS","is_prod":false,"is_daily":false,"chose_seed":false,"campfire_upgraded":2,"win_rate":0,"timestamp":1557437600,"path_taken":["M","?","M","M","$","R","E","M","T","E","$","M","E","?","R","BOSS","M","?","$","M","M","R","E","M","T","?","?","M","?","M","R","BOSS"],"build_version":"2019-01-23","purchased_purges":2,"victory":false,"max_hp_per_floor":[80,85,85,85,85,85,85,85,85,85,85,85,90,90,90,90,90,90,90,90,90,90,90,90,90,90,90,90,90,90,90,90,90],"card_choices":[{"not_picked":["Reckless Charge","Shockwave"],"picked":"Anger","floor":1},{"not_picked":["Seeing Red","Sword Boomerang"],"picked":"Inflame","floor":3},{"not_picked":["Corruption","Clothesline","Havoc"],"picked":"SKIP","floor":4},{"not_picked":["Sentinel","Twin Strike","Whirlwind"],"picked":"SKIP","floor":7},{"not_picked":["True Grit","Shockwave","Infernal Blade"],"picked":"SKIP","floor":8},{"not_picked":["Dark Embrace","Carnage"],"picked":"Dual Wield","floor":10},{"not_picked":["Havoc","Dual Wield","Headbutt"],"picked":"SKIP","floor":12},{"not_picked":["True Grit","Hemokinesis","Blood for Blood"],"picked":"SKIP","floor":13},{"not_picked":["Fiend Fire","Brutality"],"picked":"Limit Break","floor":16},{"not_picked":["Sever Soul","Iron Wave","Corruption"],"picked":"SKIP","floor":18},{"not_picked":["Heavy Blade","Battle Trance","Evolve"],"picked":"SKIP","floor":21},{"not_picked":["Iron Wave","Armaments","Power Through"],"picked":"SKIP","floor":22},{"not_picked":["Intimidate","Rampage","Havoc"],"picked":"SKIP","floor":24},{"not_picked":["True Grit","Twin Strike","Clothesline"],"picked":"SKIP","floor":25},{"not_picked":["Warcry","Cleave","True Grit"],"picked":"SKIP","floor":29},{"not_picked":["Iron Wave","Havoc","Heavy Blade"],"picked":"SKIP","floor":31}],"player_experience":200868,"relics_obtained":[{"floor":7,"key":"Potion Belt"},{"floor":9,"key":"Shuriken"},{"floor":10,"key":"Mercury Hourglass"},{"floor":13,"key":"Paper Frog"},{"floor":14,"key":"Ancient Tea Set"},{"floor":19,"key":"Red Mask"},{"floor":24,"key":"Orichalcum"},{"floor":24,"key":"Juzu Bracelet"},{"floor":26,"key":"PreservedInsect"},{"floor":28,"key":"Blue Candle"}],"event_choices":[{"damage_healed":0,"gold_gain":0,"player_choice":"Donut","damage_taken":0,"max_hp_gain":5,"max_hp_loss":0,"event_name":"Big Fish","floor":2,"gold_loss":0},{"damage_healed":0,"gold_gain":0,"player_choice":"Fought Bandits","damage_taken":0,"max_hp_gain":0,"max_hp_loss":0,"event_name":"Masked Bandits","floor":19,"gold_loss":0},{"damage_healed":0,"gold_gain":99,"player_choice":"Stole From Cult","damage_taken":0,"max_hp_gain":0,"max_hp_loss":0,"event_name":"Nest","floor":27,"gold_loss":0}],"is_beta":false,"boss_relics":[{"not_picked":["Mark of Pain","Black Blood"],"picked":"Black Star"}],"items_purged_floors":[5,11],"is_endless":false,"potions_floor_spawned":[1,8,13,18,22,29],"killed_by":"Automaton","ascension_level":5}