{"gold_per_floor":[19,19,19,19,38,38,71,71,71,71,71,71,89,14,14,88,88,108,108,8,8,8,64,64,64,64,78,78,95,95,106,106,185,185,205,205,250,265,103,103,131,131,184,196,196,196,219,244,244,244],"floor_reached":50,"playtime":3625,"items_purged":["Strike_G","Grand Finale","Unload"],"score":988,"play_id":"8288ec5b-0689-4320-b44a-bcc94f9d552e","local_time":"20190519153133","is_ascension_mode":true,"campfire_choices":[{"data":"Leg Sweep","floor":6.0,"key":"SMITH"},{"data":"A Thousand Cuts","floor":8.0,"key":"SMITH"},{"floor":10.0,"key":"REST"},{"data":"Well Laid Plans","floor":15.0,"key":"SMITH"},{"floor":24.0,"key":"REST"},{"floor":28.0,"key":"RECALL"},{"floor":32.0,"key":"REST"},{"floor":40.0,"key":"REST"},{"floor":42.0,"key":"REST"},{"floor":49.0,"key":"REST"}],"neow_cost":"NO_GOLD","seed_source_timestamp":333159445221064,"circlet_count":0,"master_deck":["AscendersBane","Defend_G+1","Defend_G+1","Defend_G+1","Defend_G+1","Defend_G+1","Neutralize","Leg Sweep+1","Bouncing Flask","A Thousand Cuts+1","Well Laid Plans+1","Blur","Quick Slash","Night Terror","Dodge and Roll+1","Outmaneuver+1","Blade Dance+1","Venomology","Adrenaline+1","Accuracy+1","Quick Slash+1","Blade Dance","Caltrops+1","PiercingWail+1","Forethought","Secret Technique","Panacea"],"special_seed":0,"relics":["Ring of the Snake","Bag of Preparation","Letter Opener","Fusion Hammer","Tiny Chest","Frozen Egg 2","Question Card","Astrolabe","Strawberry","Art of War","Oddly Smooth Stone","Regal Pillow","Nunchaku"],"potions_floor_usage":[50,50],"damage_taken":[{"damage":3.0,"enemies":"2 Louse","floor":1.0,"turns":4.0},{"damage":0.0,"enemies":"Small Slimes","floor":5.0,"turns":4.0},{"damage":26.0,"enemies":"3 Sentries","floor":7.0,"turns":11.0},{"damage":1.0,"enemies":"Jaw Worm","floor":13.0,"turns":3.0},{"damage":26.0,"enemies":"Hexaghost","floor":16.0,"turns":9.0},{"damage":1.0,"enemies":"3 Byrds","floor":18.0,"turns":5.0},{"damage":0.0,"enemies":"Book of Stabbing","floor":23.0,"turns":8.0},{"damage":0.0,"enemies":"Chosen","floor":27.0,"turns":4.0},{"damage":20.0,"enemies":"3 Cultists","floor":29.0,"turns":6.0},{"damage":0.0,"enemies":"Chosen and Byrds","floor":31.0,"turns":7.0},{"damage":25.0,"enemies":"Automaton","floor":33.0,"turns":14.0},{"damage":12.0,"enemies":"3 Shapes","floor":35.0,"turns":6.0},{"damage":0.0,"enemies":"Orb Walker","floor":38.0,"turns":3.0},{"damage":22.0,"enemies":"Nemesis","floor":41.0,"turns":9.0},{"damage":10.0,"enemies":"Transient","floor":44.0,"turns":5.0},{"damage":26.0,"enemies":"Reptomancer","floor":48.0,"turns":6.0},{"damage":97,"enemies":"Time Eater","floor":50,"turns":11}],"seed_played":"-7248336481225327454","potions_obtained":[{"floor":1.0,"key":"PowerPotion"},{"floor":7.0,"key":"Block Potion"},{"floor":13.0,"key":"Dexterity Potion"},{"floor":29.0,"key":"Fruit Juice"},{"floor":35.0,"key":"Weak Potion"},{"floor":48.0,"key":"Regen Potion"}],"is_trial":false,"path_per_floor":["M","?","?","$","M","R","E","R","T","R","?","?","M","$","R","B",null,"M","?","$","?","?","E","R","T","T","M","R","M","$","M","R","B",null,"M","?","T","M","$","R","E","R","T","M","?","?","T","E","R","B"],"character_chosen":"THE_SILENT","items_purchased":["Caltrops+1"],"campfire_rested":6,"item_purchase_floors":[39],"current_hp_per_floor":[56,56,56,56,56,56,30,30,30,49,49,54,53,53,53,27,60,59,59,59,59,59,59,71,71,71,71,71,51,51,51,71,51,70,58,58,65,65,65,83,61,83,83,73,63,63,63,37,76,0],"gold":244,"neow_bonus":"TRANSFORM_TWO_CARDS","is_prod":false,"is_daily":false,"chose_seed":false,"campfire_upgraded":3,"win_rate":0,"timestamp":1558269093,"path_taken":["M","?","?","$","M","R","E","R","T","R","?","?","M","$","R","BOSS","M","?","$","?","?","E","R","?","T","?","R","M","?","?","R","BOSS","M","?","?","M","$","R","E","R","T","?","?","?","?","E","R","BOSS"],"build_version":"2019-01-23","purchased_purges":3,"victory":false,"max_hp_per_floor":[66,66,66,66,66,66,66,66,66,66,66,71,71,71,71,71,71,71,71,71,71,71,71,71,71,71,71,71,71,71,71,71,76,76,76,76,83,83,83,83,83,83,83,83,83,83,83,83,83,83],"card_choices":[{"not_picked":["Dodge and Roll","Bane"],"picked":"Leg Sweep","floor":1.0},{"not_picked":["Quick Slash","Underhanded Strike"],"picked":"Bouncing Flask","floor":5.0},{"not_picked":["Infinite Blades","Concentrate"],"picked":"A Thousand Cuts","floor":7.0},{"not_picked":["Poisoned Stab","Quick Slash"],"picked":"Well Laid Plans","floor":13.0},{"not_picked":["Wraith Form v2","Malaise"],"picked":"Grand Finale","floor":16.0},{"not_picked":["Quick Slash","Flying Knee"],"picked":"Blur","floor":18.0},{"not_picked":["Concentrate","Acrobatics"],"picked":"Night Terror","floor":23.0},{"not_picked":["Underhanded Strike","Expertise","Backflip"],"picked":"Dodge and Roll+1","floor":27.0},{"not_picked":["Deflect","Bane","Reflex"],"picked":"Outmaneuver+1","floor":29.0},{"not_picked":["Outmaneuver","Backflip","Reflex"],"picked":"Blade Dance+1","floor":31.0},{"not_picked":["Phantasmal Killer","Grand Finale","Glass Knife"],"picked":"Venomology","floor":33.0},{"not_picked":["Outmaneuver+1","Terror","Dagger Throw+1"],"picked":"Blade Dance","floor":35.0},{"not_picked":["Tactician+1","Eviscerate","Outmaneuver","Slice"],"picked":"SKIP","floor":38.0},{"not_picked":["Quick Slash","Masterful Stab","Slice+1","Poisoned Stab"],"picked":"SKIP","floor":41.0},{"not_picked":["Quick Slash","Prepared+1","Dagger Spray"],"picked":"PiercingWail+1","floor":44.0},{"not_picked":["Deep Breath","Jack Of All Trades","Discovery"],"picked":"Forethought","floor":45.0},{"not_picked":["PanicButton","Violence","Flash of Steel"],"picked":"Secret Technique","floor":45.0},{"not_picked":["Dramatic Entrance","Swift Strike","Enlightenment"],"picked":"Panacea","floor":45.0},{"not_picked":["Dagger Spray","Calculated Gamble","Poisoned Stab","Outmaneuver+1"],"picked":"SKIP","floor":48.0}],"player_experience":1027148,"relics_obtained":[{"floor":7.0,"key":"Bag of Preparation"},{"floor":9.0,"key":"Letter Opener"},{"floor":23.0,"key":"Tiny Chest"},{"floor":25.0,"key":"Frozen Egg 2"},{"floor":26.0,"key":"Question Card"},{"floor":37.0,"key":"Strawberry"},{"floor":41.0,"key":"Art of War"},{"floor":43.0,"key":"Oddly Smooth Stone"},{"floor":47.0,"key":"Regal Pillow"},{"floor":48.0,"key":"Nunchaku"}],"event_choices":[{"damage_healed":0.0,"max_hp_gain":0.0,"max_hp_loss":0.0,"gold_gain":0.0,"event_name":"The Cleric","player_choice":"Leave","floor":2.0,"gold_loss":0.0,"damage_taken":0.0},{"damage_healed":0.0,"max_hp_gain":0.0,"max_hp_loss":0.0,"gold_gain":0.0,"event_name":"Scrap Ooze","player_choice":"Fled","floor":3.0,"gold_loss":0.0,"damage_taken":0.0},{"damage_healed":0.0,"max_hp_gain":0.0,"max_hp_loss":0.0,"gold_gain":0.0,"event_name":"Golden Idol","player_choice":"Ignored","floor":11.0,"gold_loss":0.0,"damage_taken":0.0},{"damage_healed":0.0,"max_hp_gain":5.0,"max_hp_loss":0.0,"gold_gain":0.0,"event_name":"Big Fish","player_choice":"Donut","floor":12.0,"gold_loss":0.0,"damage_taken":0.0},{"damage_healed":0.0,"max_hp_gain":0.0,"max_hp_loss":0.0,"gold_gain":0.0,"event_name":"Ghosts","player_choice":"Ignored","floor":19.0,"gold_loss":0.0,"damage_taken":0.0},{"damage_healed":0.0,"max_hp_gain":0.0,"max_hp_loss":0.0,"gold_gain":0.0,"cards_transformed":["Strike_G","Strike_G"],"event_name":"Drug Dealer","player_choice":"Became Test Subject","floor":21.0,"gold_loss":0.0,"damage_taken":0.0,"cards_obtained":["Quick Slash","Unload"]},{"damage_healed":0.0,"max_hp_gain":0.0,"max_hp_loss":0.0,"gold_gain":0.0,"event_name":"Back to Basics","player_choice":"Simplicity","floor":22.0,"gold_loss":0.0,"damage_taken":0.0,"cards_upgraded":["Defend_G","Defend_G","Defend_G","Defend_G","Defend_G"]},{"damage_healed":0.0,"max_hp_gain":0.0,"max_hp_loss":0.0,"gold_gain":0.0,"event_name":"Tomb of Lord Red Mask","player_choice":"Ignored","floor":36.0,"gold_loss":0.0,"damage_taken":0.0},{"damage_healed":0.0,"max_hp_gain":0.0,"max_hp_loss":0.0,"gold_gain":0.0,"event_name":"SensoryStone","player_choice":"Memory 3","floor":45.0,"gold_loss":0.0,"damage_taken":10.0},{"damage_healed":0.0,"max_hp_gain":0.0,"max_hp_loss":0.0,"gold_gain":0.0,"event_name":"Mysterious Sphere","player_choice":"Ignored","floor":46.0,"gold_loss":0.0,"damage_taken":0.0}],"is_beta":false,"boss_relics":[{"not_picked":["Eternal Feather","Calling Bell"],"picked":"Fusion Hammer"},{"not_picked":["Orrery","Ring of the Serpent"],"picked":"Astrolabe"}],"items_purged_floors":[14,20,39],"is_endless":false,"potions_floor_spawned":[1,7,13,29,35,48],"killed_by":"Time Eater","ascension_level":16}