{"gold_per_floor":[114,126,126,106,117,144,144,159,159,159,159,177,191,211,211,211],"floor_reached":16,"playtime":1370,"items_purged":[],"score":166,"play_id":"453662d2-7d8d-4b30-8f22-edd487177910","local_time":"20190513100713","is_ascension_mode":true,"campfire_choices":[{"data":"Neutralize","floor":7.0,"key":"SMITH"},{"data":"Sucker Punch","floor":11.0,"key":"SMITH"},{"data":"Dodge and Roll","floor":15,"key":"SMITH"}],"neow_cost":"NONE","seed_source_timestamp":2810186082147275,"circlet_count":0,"master_deck":["AscendersBane","Defend_G","Defend_G","Defend_G","Defend_G","Defend_G","Strike_G","Strike_G","Strike_G","Strike_G","Strike_G","Survivor","Neutralize+1","Dagger Throw","Dodge and Roll+1","Sucker Punch+1"],"special_seed":0,"relics":["Coffee Dripper","Juzu Bracelet","Ninja Scroll"],"potions_floor_usage":[14,16],"damage_taken":[{"damage":4.0,"enemies":"Cultist","floor":1.0,"turns":4.0},{"damage":0.0,"enemies":"Jaw Worm","floor":2.0,"turns":4.0},{"damage":6.0,"enemies":"2 Louse","floor":5.0,"turns":4.0},{"damage":18.0,"enemies":"Gremlin Nob","floor":6.0,"turns":5.0},{"damage":20.0,"enemies":"Gremlin Gang","floor":8.0,"turns":9.0},{"damage":3.0,"enemies":"3 Louse","floor":12.0,"turns":4.0},{"damage":0.0,"enemies":"Looter","floor":13.0,"turns":3.0},{"damage":4,"enemies":"Large Slime","floor":14,"turns":6},{"damage":8,"enemies":"The Guardian","floor":16,"turns":7}],"seed_played":"-2957055226183592988","potions_obtained":[{"floor":2.0,"key":"Block Potion"},{"floor":4.0,"key":"SkillPotion"},{"floor":6.0,"key":"SkillPotion"},{"floor":13.0,"key":"GamblersBrew"},{"floor":14,"key":"AttackPotion"}],"is_trial":false,"path_per_floor":["M","M","?","?","M","E","R","M","T","?","R","M","M","M","R","B"],"character_chosen":"THE_SILENT","items_purchased":[],"campfire_rested":0,"item_purchase_floors":[],"current_hp_per_floor":[59,59,59,59,53,35,35,15,15,15,15,12,12,8,8,0],"gold":211,"neow_bonus":"BOSS_RELIC","is_prod":false,"is_daily":false,"chose_seed":false,"campfire_upgraded":3,"win_rate":0,"timestamp":1557731233,"path_taken":["M","?","?","?","?","E","R","M","T","?","R","M","M","M","R","BOSS"],"build_version":"2019-01-23","purchased_purges":0,"victory":false,"max_hp_per_floor":[70,70,70,70,70,70,70,70,70,70,70,70,70,70,70,70],"card_choices":[{"not_picked":["Deflect","Slice"],"picked":"Dagger Throw","floor":1.0},{"not_picked":["Cloak And Dagger","Poisoned Stab"],"picked":"Dodge and Roll","floor":2.0},{"not_picked":["Eviscerate","Deflect","Cloak And Dagger"],"picked":"SKIP","floor":5.0},{"not_picked":["Masterful Stab","Calculated Gamble","Eviscerate"],"picked":"SKIP","floor":6.0},{"not_picked":["Deadly Poison","Outmaneuver"],"picked":"Sucker Punch","floor":8.0},{"not_picked":["Dagger Throw","Deadly Poison","Poisoned Stab"],"picked":"SKIP","floor":12.0},{"not_picked":["Acrobatics","A Thousand Cuts","Dodge and Roll"],"picked":"SKIP","floor":13.0},{"not_picked":["Riddle With Holes","Setup","Dagger Throw"],"picked":"SKIP","floor":14}],"player_experience":990360,"relics_obtained":[{"floor":6.0,"key":"Juzu Bracelet"},{"floor":9.0,"key":"Ninja Scroll"}],"event_choices":[{"damage_healed":0.0,"max_hp_gain":0.0,"max_hp_loss":0.0,"gold_gain":0.0,"event_name":"Golden Idol","player_choice":"Ignored","floor":3.0,"gold_loss":0.0,"damage_taken":0.0},{"damage_healed":0.0,"max_hp_gain":0.0,"max_hp_loss":0.0,"gold_gain":0.0,"event_name":"The Woman in Blue","player_choice":"Bought 1 Potion","floor":4.0,"gold_loss":0.0,"damage_taken":0.0},{"damage_healed":0.0,"max_hp_gain":0.0,"max_hp_loss":0.0,"gold_gain":0.0,"event_name":"Golden Wing","player_choice":"Ignored","floor":10.0,"gold_loss":0.0,"damage_taken":0.0}],"is_beta":false,"boss_relics":[],"items_purged_floors":[],"is_endless":false,"potions_floor_spawned":[2,6,13,14],"killed_by":"The Guardian","ascension_level":12}