{"gold_per_floor":[119,130,130,142,160,160,178,178,178,178,206,222,222,222],"floor_reached":14,"playtime":276,"items_purged":[],"score":82,"play_id":"c1717028-7d7d-4ca0-9091-24c9019d048e","local_time":"20190508183444","is_ascension_mode":false,"campfire_choices":[{"data":"Choke","floor":6,"key":"SMITH"},{"data":"Infinite Blades","floor":8,"key":"SMITH"},{"data":"Deadly Poison","floor":10,"key":"SMITH"},{"data":"Backstab","floor":13,"key":"SMITH"}],"neow_cost":"NONE","seed_source_timestamp":6688795914400,"circlet_count":0,"master_deck":["Defend_G","Defend_G","Defend_G","Defend_G","Defend_G","Strike_G","Strike_G","Strike_G","Strike_G","Strike_G","Survivor","Neutralize","Deadly Poison+1","Choke+1","Infinite Blades+1","Backstab+1"],"relics":["Ring of the Snake","NeowsBlessing","Darkstone Periapt","Odd Mushroom"],"potions_floor_usage":[5,7,11],"damage_taken":[{"damage":0,"enemies":"Small Slimes","floor":1,"turns":1},{"damage":0,"enemies":"Cultist","floor":2,"turns":1},{"damage":0,"enemies":"Jaw Worm","floor":4,"turns":1},{"damage":0,"enemies":"Lots of Slimes","floor":5,"turns":1},{"damage":2,"enemies":"Blue Slaver","floor":7,"turns":4},{"damage":41,"enemies":"The Mushroom Lair","floor":11,"turns":6},{"damage":4,"enemies":"Exordium Thugs","floor":12,"turns":4},{"damage":28,"enemies":"3 Sentries","floor":14,"turns":6}],"seed_played":"-3721976814170579896","potions_obtained":[{"floor":3,"key":"SneckoOil"},{"floor":3,"key":"Explosive Potion"},{"floor":3,"key":"SkillPotion"},{"floor":11,"key":"SpeedPotion"}],"is_trial":false,"path_per_floor":["M","M","?","M","M","R","M","R","T","R","?","M","R","E"],"character_chosen":"THE_SILENT","items_purchased":[],"campfire_rested":0,"item_purchase_floors":[],"current_hp_per_floor":[70,70,70,70,70,70,68,68,68,68,27,23,23,0],"gold":222,"neow_bonus":"THREE_ENEMY_KILL","is_prod":false,"is_daily":false,"chose_seed":false,"campfire_upgraded":4,"win_rate":0,"timestamp":1557329684,"path_taken":["M","M","?","M","?","R","M","R","T","R","?","M","R","E"],"build_version":"2019-01-23","purchased_purges":0,"victory":false,"max_hp_per_floor":[70,70,70,70,70,70,70,70,70,70,70,70,70,70],"card_choices":[{"not_picked":["Bane","Slice"],"picked":"Deadly Poison","floor":1},{"not_picked":["Backflip","Flechettes","Leg Sweep"],"picked":"SKIP","floor":2},{"not_picked":["Escape Plan","Riddle With Holes","Flechettes"],"picked":"SKIP","floor":4},{"not_picked":["Dash","Blur"],"picked":"Choke","floor":5},{"not_picked":["Accuracy","Acrobatics"],"picked":"Infinite Blades","floor":7},{"not_picked":["Backflip","Expertise"],"picked":"Backstab","floor":11},{"not_picked":["Dodge and Roll","Sucker Punch","Skewer"],"picked":"SKIP","floor":12}],"player_experience":305872,"relics_obtained":[{"floor":9,"key":"Darkstone Periapt"},{"floor":11,"key":"Odd Mushroom"}],"event_choices":[{"damage_healed":0,"gold_gain":0,"player_choice":"Got Potions","damage_taken":0,"max_hp_gain":0,"max_hp_loss":0,"event_name":"Lab","floor":3,"gold_loss":0},{"damage_healed":0,"gold_gain":0,"player_choice":"Fought Mushrooms","damage_taken":0,"max_hp_gain":0,"max_hp_loss":0,"event_name":"Mushrooms","floor":11,"gold_loss":0}],"is_beta":false,"boss_relics":[],"items_purged_floors":[],"is_endless":false,"potions_floor_spawned":[4,11],"killed_by":"3 Sentries","ascension_level":0}