{"gold_per_floor":[112,62,37,37,37,37,58,58,81,1,1,14,14,39,39,168],"floor_reached":16,"playtime":384,"items_purged":[],"score":138,"play_id":"51ebf496-a584-46e9-aacc-5ec8d855a7a3","local_time":"20190413230406","is_ascension_mode":false,"campfire_choices":[{"data":"Footwork","floor":6,"key":"SMITH"},{"data":"Adrenaline","floor":11,"key":"SMITH"},{"data":"Finisher","floor":13,"key":"SMITH"},{"data":"Caltrops","floor":15,"key":"SMITH"}],"neow_cost":"NONE","seed_source_timestamp":280516647337528,"circlet_count":0,"master_deck":["Defend_G","Defend_G","Defend_G","Defend_G","Defend_G","Strike_G","Strike_G","Strike_G","Strike_G","Survivor","Neutralize+1","Footwork+1","Dagger Throw","Caltrops+1","Adrenaline+1","Finisher+1","Backflip"],"relics":["Eternal Feather","Golden Idol"],"potions_floor_usage":[16],"damage_taken":[{"damage":0,"enemies":"2 Louse","floor":1,"turns":2},{"damage":5,"enemies":"Small Slimes","floor":7,"turns":5},{"damage":0,"enemies":"Cultist","floor":12,"turns":2},{"damage":12,"enemies":"2 Fungi Beasts","floor":14,"turns":4},{"damage":22,"enemies":"The Guardian","floor":16,"turns":13}],"seed_played":"9102832464939160716","potions_obtained":[{"floor":1,"key":"GamblersBrew"},{"floor":12,"key":"AttackPotion"},{"floor":16,"key":"Strength Potion"}],"is_trial":false,"path_per_floor":["M","?","$","?","?","R","M","?","T","$","R","M","R","M","R","B"],"character_chosen":"THE_SILENT","items_purchased":["Dagger Throw","Finisher"],"campfire_rested":0,"item_purchase_floors":[3,10],"current_hp_per_floor":[70,70,70,65,65,65,60,60,60,60,65,65,65,53,62,40],"gold":168,"neow_bonus":"BOSS_RELIC","is_prod":false,"is_daily":false,"chose_seed":false,"campfire_upgraded":4,"win_rate":0,"timestamp":1555211046,"path_taken":["M","?","$","?","?","R","M","?","T","$","R","M","R","M","R","BOSS"],"build_version":"2019-01-23","purchased_purges":0,"victory":false,"max_hp_per_floor":[70,70,70,65,65,65,65,65,65,65,65,65,65,65,65,65],"card_choices":[{"not_picked":["Sucker Punch","Crippling Poison"],"picked":"Footwork","floor":1},{"not_picked":["Bane","PiercingWail"],"picked":"Caltrops","floor":7},{"not_picked":["Underhanded Strike","Outmaneuver","Flying Knee"],"picked":"SKIP","floor":12},{"not_picked":["Bane","Blade Dance"],"picked":"Backflip","floor":14}],"player_experience":565319,"relics_obtained":[],"event_choices":[{"cards_removed":["Strike_G"],"damage_healed":0,"gold_gain":0,"player_choice":"Card Removal","damage_taken":0,"max_hp_gain":0,"max_hp_loss":0,"event_name":"The Cleric","floor":2,"gold_loss":50},{"damage_healed":0,"gold_gain":0,"player_choice":"Lose Max HP","damage_taken":0,"relics_obtained":["Golden Idol"],"max_hp_gain":0,"max_hp_loss":5,"event_name":"Golden Idol","floor":4,"gold_loss":0},{"damage_healed":0,"gold_gain":0,"player_choice":"Grow","damage_taken":0,"max_hp_gain":0,"max_hp_loss":0,"event_name":"Living Wall","floor":5,"gold_loss":0,"cards_upgraded":["Neutralize"]},{"damage_healed":0,"gold_gain":0,"player_choice":"1 cards matched","damage_taken":0,"max_hp_gain":0,"max_hp_loss":0,"event_name":"Match and Keep!","floor":8,"gold_loss":0,"cards_obtained":["Adrenaline"]}],"is_beta":false,"boss_relics":[],"items_purged_floors":[],"is_endless":false,"potions_floor_spawned":[1,12,16],"killed_by":"The Guardian","ascension_level":0}