{"gold_per_floor":[109,119,47,63,63,98,98,28,28,64,89,113,113,126,126,126],"floor_reached":16,"playtime":692,"items_purged":[],"score":140,"play_id":"0cf257c0-56ca-47bb-b3c3-41586ea6e49b","local_time":"20190508215249","is_ascension_mode":true,"campfire_choices":[{"data":"Bash","floor":7,"key":"SMITH"},{"floor":13,"key":"REST"},{"data":"Dropkick","floor":15,"key":"SMITH"}],"neow_cost":"NONE","seed_source_timestamp":2100960132397166,"circlet_count":0,"master_deck":["Strike_R","Strike_R","Strike_R","Strike_R","Strike_R","Defend_R","Defend_R","Defend_R","Defend_R","Bash+1","Thunderclap","Intimidate","Dropkick","Dropkick+1","Shockwave","Thunderclap"],"relics":["Burning Blood","Golden Idol","Ornamental Fan","Singing Bowl","Magic Flower"],"potions_floor_usage":[10,16],"damage_taken":[{"damage":1,"enemies":"Cultist","floor":1,"turns":3},{"damage":4,"enemies":"Jaw Worm","floor":2,"turns":4},{"damage":10,"enemies":"2 Louse","floor":4,"turns":3},{"damage":31,"enemies":"Gremlin Nob","floor":6,"turns":4},{"damage":36,"enemies":"3 Sentries","floor":10,"turns":9},{"damage":0,"enemies":"Exordium Wildlife","floor":11,"turns":2},{"damage":12,"enemies":"Looter","floor":12,"turns":3},{"damage":9,"enemies":"3 Louse","floor":14,"turns":2},{"damage":75,"enemies":"Slime Boss","floor":16,"turns":10}],"seed_played":"1370648872801814099","potions_obtained":[{"floor":6,"key":"Poison Potion"},{"floor":14,"key":"BloodPotion"}],"is_trial":false,"path_per_floor":["M","M","$","M","?","E","R","$","T","E","M","M","R","M","R","B"],"character_chosen":"IRONCLAD","items_purchased":["Dropkick","Dropkick"],"campfire_rested":1,"item_purchase_floors":[3,8],"current_hp_per_floor":[88,88,88,84,81,56,56,56,56,28,37,34,58,60,60,0],"gold":126,"neow_bonus":"TEN_PERCENT_HP_BONUS","is_prod":false,"is_daily":false,"chose_seed":false,"campfire_upgraded":2,"win_rate":0,"timestamp":1557366769,"path_taken":["M","M","$","M","?","E","R","$","T","E","M","M","R","M","R","BOSS"],"build_version":"2019-01-23","purchased_purges":0,"victory":false,"max_hp_per_floor":[88,88,88,88,81,81,81,81,81,83,83,83,83,85,85,85],"card_choices":[{"not_picked":["Wild Strike","Second Wind"],"picked":"Thunderclap","floor":1},{"not_picked":["Clash","Twin Strike"],"picked":"Intimidate","floor":2},{"not_picked":["Anger","Burning Pact","Barricade"],"picked":"SKIP","floor":4},{"not_picked":["Cleave","Pommel Strike","Body Slam"],"picked":"SKIP","floor":6},{"not_picked":["Warcry","Clothesline","Iron Wave"],"picked":"Singing Bowl","floor":10},{"not_picked":["Blood for Blood","Twin Strike"],"picked":"Shockwave","floor":11},{"not_picked":["Clash","Warcry"],"picked":"Thunderclap","floor":12},{"not_picked":["Hemokinesis","Immolate","Twin Strike"],"picked":"Singing Bowl","floor":14}],"player_experience":197137,"relics_obtained":[{"floor":6,"key":"Ornamental Fan"},{"floor":9,"key":"Singing Bowl"},{"floor":10,"key":"Magic Flower"}],"event_choices":[{"damage_healed":0,"gold_gain":0,"player_choice":"Lose Max HP","damage_taken":0,"relics_obtained":["Golden Idol"],"max_hp_gain":0,"max_hp_loss":7,"event_name":"Golden Idol","floor":5,"gold_loss":0}],"is_beta":false,"boss_relics":[],"items_purged_floors":[],"is_endless":false,"potions_floor_spawned":[6,14],"killed_by":"Slime Boss","ascension_level":5}