{"gold_per_floor":[99,24,24,24,24,24,24,24,24,24,24,24,24,24,24,24,24,24,24,0,0,0,0,0,0,0,0,0,0,0,0,0,0,0,0,0,0,0,0,0,0],"floor_reached":41,"playtime":6108,"items_purged":["Strike_B"],"score":834,"play_id":"561362e1-dcc0-4eca-ab66-b5f86b704468","local_time":"20190321170008","is_ascension_mode":true,"campfire_choices":[{"data":"Conserve Battery","floor":6.0,"key":"SMITH"},{"floor":8.0,"key":"REST"},{"floor":15.0,"key":"REST"},{"floor":23.0,"key":"REST"},{"data":"Rainbow","floor":25.0,"key":"SMITH"},{"data":"Chaos","floor":28.0,"key":"SMITH"},{"data":"Dualcast","floor":32.0,"key":"SMITH"},{"floor":40,"key":"REST"}],"neow_cost":"NONE","seed_source_timestamp":14313706226686,"circlet_count":0,"master_deck":["AscendersBane","Strike_B","Defend_B","Defend_B","Defend_B+1","Defend_B+1","Zap","Dualcast+1","Conserve Battery+1","Ball Lightning","Chaos+1","Reinforced Body","Rainbow+1","Conserve Battery","Self Repair","All For One","Conserve Battery+1","Capacitor","Fission","Leap+1"],"special_seed":0,"relics":["Ectoplasm","Smiling Mask","War Paint","Shuriken","Runic Pyramid","Enchiridion","Singing Bowl","Eternal Feather","Red Mask"],"potions_floor_usage":[37,41],"damage_taken":[{"damage":7.0,"enemies":"Cultist","floor":1.0,"turns":4.0},{"damage":2.0,"enemies":"Jaw Worm","floor":3.0,"turns":4.0},{"damage":30.0,"enemies":"3 Sentries","floor":7.0,"turns":11.0},{"damage":21.0,"enemies":"Lagavulin","floor":11.0,"turns":6.0},{"damage":6.0,"enemies":"2 Louse","floor":12.0,"turns":3.0},{"damage":12.0,"enemies":"Exordium Wildlife","floor":13.0,"turns":6.0},{"damage":0.0,"enemies":"The Guardian","floor":16.0,"turns":15.0},{"damage":3.0,"enemies":"Chosen","floor":18.0,"turns":4.0},{"damage":8.0,"enemies":"2 Thieves","floor":20.0,"turns":4.0},{"damage":9.0,"enemies":"Sentry and Sphere","floor":22.0,"turns":5.0},{"damage":0.0,"enemies":"Centurion and Healer","floor":24.0,"turns":9.0},{"damage":18.0,"enemies":"3 Cultists","floor":29.0,"turns":6.0},{"damage":5.0,"enemies":"Snake Plant","floor":30.0,"turns":4.0},{"damage":7.0,"enemies":"Centurion and Healer","floor":31.0,"turns":9.0},{"damage":57.0,"enemies":"Collector","floor":33.0,"turns":12.0},{"damage":37,"enemies":"3 Darklings","floor":35,"turns":6},{"damage":16,"enemies":"Orb Walker","floor":37,"turns":5},{"damage":99,"enemies":"Transient","floor":41,"turns":6}],"seed_played":"9115780959324416546","potions_obtained":[{"floor":11.0,"key":"Regen Potion"},{"floor":12.0,"key":"EssenceOfSteel"},{"floor":13.0,"key":"Ancient Potion"},{"floor":20.0,"key":"Poison Potion"},{"floor":29.0,"key":"FairyPotion"},{"floor":31.0,"key":"LiquidBronze"},{"floor":33.0,"key":"Explosive Potion"},{"floor":35,"key":"PowerPotion"}],"is_trial":false,"path_per_floor":["M","$","M","$","?","R","E","R","T","?","E","M","M","?","R","B",null,"M","?","M","?","M","R","M","R","T","?","R","M","M","M","R","B",null,"M","$","M","?","?","R","M"],"character_chosen":"DEFECT","items_purchased":[],"campfire_rested":4,"item_purchase_floors":[],"current_hp_per_floor":[57,57,55,55,55,55,25,46,46,46,25,24,12,12,33,33,62,59,59,58,37,35,56,63,63,63,63,63,52,54,56,56,14,58,28,28,21,21,21,55,0],"gold":0,"neow_bonus":"BOSS_RELIC","is_prod":false,"is_daily":false,"chose_seed":false,"campfire_upgraded":4,"win_rate":0,"timestamp":1553180408,"path_taken":["M","?","M","$","?","R","E","R","T","?","E","M","?","?","R","BOSS","M","?","M","?","M","R","M","R","T","?","R","M","M","?","R","BOSS","M","$","M","?","?","R","M"],"build_version":"2019-01-23","purchased_purges":1,"victory":false,"max_hp_per_floor":[71,71,71,71,71,71,71,71,71,71,71,71,71,71,71,71,71,71,71,71,71,71,71,71,71,71,71,71,71,71,73,73,73,73,73,73,75,75,75,75,75],"card_choices":[{"not_picked":["Compile Driver","Barrage","Steam"],"picked":"SKIP","floor":1.0},{"not_picked":["Stack","Barrage"],"picked":"Conserve Battery","floor":3.0},{"not_picked":["Skim","Amplify"],"picked":"Ball Lightning","floor":7.0},{"not_picked":["Sunder","Stack"],"picked":"Chaos","floor":11.0},{"not_picked":["Consume","Sweeping Beam"],"picked":"Reinforced Body","floor":12.0},{"not_picked":["Scrape","Hologram","Compile Driver"],"picked":"SKIP","floor":13.0},{"not_picked":["All For One","Amplify"],"picked":"Rainbow","floor":16.0},{"not_picked":["Hello World","Ball Lightning"],"picked":"Conserve Battery","floor":18.0},{"not_picked":["Turbo","Double Energy","Melter"],"picked":"SKIP","floor":20.0},{"not_picked":["Stack","Lockon","Go for the Eyes"],"picked":"SKIP","floor":22.0},{"not_picked":["Auto Shields","Blizzard","Turbo"],"picked":"SKIP","floor":24.0},{"not_picked":["Seek","Steam"],"picked":"Conserve Battery+1","floor":29.0},{"not_picked":["Go for the Eyes+1","Barrage"],"picked":"Capacitor","floor":30.0},{"not_picked":["Rebound","Leap","Ball Lightning"],"picked":"Singing Bowl","floor":31.0},{"not_picked":["Seek","Multi-Cast"],"picked":"Fission","floor":33.0},{"not_picked":["Recycle","Hologram"],"picked":"Leap+1","floor":35},{"not_picked":["Aggregate","Gash","Steam"],"picked":"Singing Bowl","floor":37}],"player_experience":762813,"relics_obtained":[{"floor":7.0,"key":"Smiling Mask"},{"floor":9.0,"key":"War Paint"},{"floor":11.0,"key":"Shuriken"},{"floor":21.0,"key":"Enchiridion"},{"floor":26.0,"key":"Singing Bowl"}],"event_choices":[{"damage_healed":0.0,"max_hp_gain":0.0,"max_hp_loss":0.0,"gold_gain":0.0,"event_name":"Liars Game","player_choice":"Ignored","floor":5.0,"gold_loss":0.0,"damage_taken":0.0},{"damage_healed":0.0,"max_hp_gain":0.0,"max_hp_loss":0.0,"gold_gain":0.0,"event_name":"Scrap Ooze","player_choice":"Fled","floor":10.0,"gold_loss":0.0,"damage_taken":0.0},{"damage_healed":0.0,"max_hp_gain":0.0,"max_hp_loss":0.0,"gold_gain":0.0,"event_name":"Shining Light","player_choice":"Ignored","floor":14.0,"gold_loss":0.0,"damage_taken":0.0},{"damage_healed":0.0,"max_hp_gain":0.0,"max_hp_loss":0.0,"gold_gain":0.0,"cards_transformed":["Strike_B","Strike_B"],"event_name":"Drug Dealer","player_choice":"Became Test Subject","floor":19.0,"gold_loss":0.0,"damage_taken":0.0,"cards_obtained":["Self Repair","All For One"]},{"damage_healed":0.0,"max_hp_gain":0.0,"max_hp_loss":0.0,"gold_gain":0.0,"event_name":"Cursed Tome","player_choice":"Obtained Book","floor":21.0,"gold_loss":0.0,"damage_taken":21.0},{"damage_healed":0.0,"max_hp_gain":0.0,"max_hp_loss":0.0,"gold_gain":0.0,"event_name":"Match and Keep!","player_choice":"0 cards matched","floor":27.0,"gold_loss":0.0,"damage_taken":0.0,"cards_obtained":[]},{"damage_healed":0,"gold_gain":0,"player_choice":"Paid","damage_taken":0,"relics_obtained":["Red Mask"],"max_hp_gain":0,"max_hp_loss":0,"event_name":"Tomb of Lord Red Mask","floor":38,"gold_loss":0},{"damage_healed":0,"gold_gain":0,"player_choice":"Ignored","damage_taken":0,"max_hp_gain":0,"max_hp_loss":0,"event_name":"Mysterious Sphere","floor":39,"gold_loss":0}],"is_beta":false,"boss_relics":[{"not_picked":["Nuclear Battery","Lizard Tail"],"picked":"Runic Pyramid"},{"not_picked":["Velvet Choker","Pandora\u0027s Box"],"picked":"Eternal Feather"}],"items_purged_floors":[2],"is_endless":false,"potions_floor_spawned":[11,12,13,20,29,31,33,35],"killed_by":"Transient","ascension_level":17}