{"gold_per_floor":[114,114,39,49,65,99,99,115,142,159,159,159,175,186,186,290,290,310,61,79,95,113,142,160,160,160,179,204,204,204,222,222,222],"floor_reached":33,"playtime":3899,"items_purged":["Strike_R","Strike_R"],"score":358,"play_id":"fa92aab8-85d2-4632-aeab-dc30aba5c08e","local_time":"20190427144515","is_ascension_mode":true,"campfire_choices":[{"data":"Armaments","floor":7,"key":"SMITH"},{"data":"Armaments","floor":12,"key":"SMITH"},{"data":"Juggernaut","floor":15,"key":"SMITH"},{"floor":25,"key":"REST"},{"floor":32,"key":"REST"}],"neow_cost":"NONE","seed_source_timestamp":1121708433577307,"circlet_count":0,"master_deck":["Strike_R+1","Strike_R","Defend_R","Defend_R+1","Defend_R","Defend_R","Bash","Juggernaut+1","Armaments+1","Armaments+1","Warcry","Body Slam","Feed","Iron Wave+1","Searing Blow","Searing Blow","Iron Wave+1","Fire Breathing+1","Armaments"],"relics":["Burning Blood","Bag of Preparation","Happy Flower","Runic Cube","Oddly Smooth Stone","Art of War","Shuriken","Dream Catcher"],"potions_floor_usage":[10,11,14,23,24,28,28,33],"damage_taken":[{"damage":1,"enemies":"Jaw Worm","floor":1,"turns":5},{"damage":1,"enemies":"Cultist","floor":4,"turns":5},{"damage":0,"enemies":"Small Slimes","floor":5,"turns":4},{"damage":28,"enemies":"3 Sentries","floor":6,"turns":9},{"damage":13,"enemies":"2 Fungi Beasts","floor":8,"turns":4},{"damage":7,"enemies":"Large Slime","floor":10,"turns":5},{"damage":0,"enemies":"Exordium Wildlife","floor":13,"turns":3},{"damage":2,"enemies":"3 Louse","floor":14,"turns":3},{"damage":20,"enemies":"Hexaghost","floor":16,"turns":9},{"damage":18,"enemies":"Spheric Guardian","floor":18,"turns":4},{"damage":14,"enemies":"2 Thieves","floor":20,"turns":4},{"damage":0,"enemies":"Chosen and Byrds","floor":21,"turns":6},{"damage":4,"enemies":"Sentry and Sphere","floor":22,"turns":5},{"damage":54,"enemies":"Slavers","floor":23,"turns":6},{"damage":17,"enemies":"Cultist and Chosen","floor":24,"turns":6},{"damage":15,"enemies":"Snake Plant","floor":27,"turns":4},{"damage":19,"enemies":"Gremlin Leader","floor":28,"turns":7},{"damage":1,"enemies":"Snecko","floor":31,"turns":4},{"damage":95,"enemies":"Automaton","floor":33,"turns":12}],"seed_played":"4826233849125817925","potions_obtained":[{"floor":6,"key":"Explosive Potion"},{"floor":8,"key":"EssenceOfSteel"},{"floor":10,"key":"Dexterity Potion"},{"floor":11,"key":"Fruit Juice"},{"floor":11,"key":"Block Potion"},{"floor":14,"key":"Fruit Juice"},{"floor":22,"key":"FearPotion"},{"floor":23,"key":"Block Potion"},{"floor":27,"key":"Energy Potion"},{"floor":28,"key":"Ancient Potion"}],"is_trial":false,"path_per_floor":["M","?","$","M","M","E","R","M","T","M","?","R","M","M","R","B",null,"M","$","M","M","M","E","M","R","T","M","E","?","?","M","R","B"],"character_chosen":"IRONCLAD","items_purchased":["Oddly Smooth Stone"],"campfire_rested":2,"item_purchase_floors":[19],"current_hp_per_floor":[80,64,64,69,75,53,53,46,46,45,50,50,56,65,65,51,90,81,81,77,87,93,49,38,70,70,65,56,32,32,40,77,0],"gold":222,"neow_bonus":"TRANSFORM_CARD","is_prod":false,"is_daily":false,"chose_seed":false,"campfire_upgraded":3,"win_rate":0,"timestamp":1556390715,"path_taken":["M","?","$","M","M","E","R","M","T","M","?","R","M","M","R","BOSS","M","$","M","M","M","E","M","R","T","M","E","?","?","M","R","BOSS"],"build_version":"2019-01-23","purchased_purges":2,"victory":false,"max_hp_per_floor":[80,80,80,80,80,80,80,80,80,80,85,85,85,90,90,90,90,93,93,97,101,105,109,109,109,109,113,117,122,122,125,125,125],"card_choices":[{"not_picked":["Warcry","Rupture"],"picked":"Armaments","floor":1},{"not_picked":["Pommel Strike","Cleave"],"picked":"Armaments","floor":4},{"not_picked":["Thunderclap","Clothesline","Heavy Blade"],"picked":"SKIP","floor":5},{"not_picked":["Infernal Blade","Hemokinesis"],"picked":"Warcry","floor":6},{"not_picked":["Pommel Strike","Anger"],"picked":"Body Slam","floor":8},{"not_picked":["Hemokinesis","Sentinel","Burning Pact"],"picked":"SKIP","floor":10},{"not_picked":["Thunderclap","Clothesline","Rampage"],"picked":"SKIP","floor":13},{"not_picked":["Pommel Strike","Demon Form","Bloodletting"],"picked":"SKIP","floor":14},{"not_picked":["Dark Embrace","Limit Break"],"picked":"Feed","floor":16},{"not_picked":["Twin Strike","Wild Strike","True Grit"],"picked":"SKIP","floor":18},{"not_picked":["Bloodletting","Battle Trance"],"picked":"Iron Wave+1","floor":20},{"not_picked":["Anger","Thunderclap","Infernal Blade+1"],"picked":"SKIP","floor":21},{"not_picked":["Perfected Strike","Spot Weakness"],"picked":"Searing Blow","floor":22},{"not_picked":["Shrug It Off+1","Carnage"],"picked":"Searing Blow","floor":23},{"not_picked":["Havoc+1","Disarm"],"picked":"Iron Wave+1","floor":24},{"not_picked":["Clothesline","True Grit+1","Intimidate"],"picked":"SKIP","floor":27},{"not_picked":["Sentinel","Heavy Blade","Pommel Strike+1"],"picked":"SKIP","floor":28},{"not_picked":["Flame Barrier","Clothesline"],"picked":"Fire Breathing+1","floor":31},{"not_picked":["Reaper","Perfected Strike+1"],"picked":"Armaments","floor":32}],"player_experience":121565,"relics_obtained":[{"floor":6,"key":"Bag of Preparation"},{"floor":9,"key":"Happy Flower"},{"floor":23,"key":"Art of War"},{"floor":26,"key":"Shuriken"},{"floor":28,"key":"Dream Catcher"}],"event_choices":[{"damage_healed":0,"gold_gain":0,"player_choice":"Entered Light","damage_taken":16,"max_hp_gain":0,"max_hp_loss":0,"event_name":"Shining Light","floor":2,"gold_loss":0,"cards_upgraded":["Defend_R","Strike_R"]},{"damage_healed":0,"gold_gain":0,"player_choice":"Got Potions","damage_taken":0,"max_hp_gain":0,"max_hp_loss":0,"event_name":"Lab","floor":11,"gold_loss":0},{"damage_healed":0,"gold_gain":0,"player_choice":"Shed Blood","damage_taken":29,"max_hp_gain":5,"max_hp_loss":0,"event_name":"Forgotten Altar","floor":29,"gold_loss":0},{"damage_healed":0,"gold_gain":0,"player_choice":"Ignored","damage_taken":0,"max_hp_gain":0,"max_hp_loss":0,"event_name":"Ghosts","floor":30,"gold_loss":0}],"is_beta":false,"boss_relics":[{"not_picked":["Coffee Dripper","Runic Dome"],"picked":"Runic Cube"}],"items_purged_floors":[3,19],"is_endless":false,"potions_floor_spawned":[6,8,10,13,14,22,23,27,28],"killed_by":"Automaton","ascension_level":1}