{"gold_per_floor":[118,118,137,137,137,137,165,165,165,178,192,192,203,52,52,52],"floor_reached":16,"playtime":935,"items_purged":["Parasite"],"score":170,"play_id":"13a8f96a-7add-471d-b79e-1cafb6f7f19c","local_time":"20190130224926","is_ascension_mode":true,"campfire_choices":[{"floor":6.0,"key":"REST"},{"floor":8.0,"key":"REST"},{"floor":15,"key":"REST"}],"neow_cost":"NONE","seed_source_timestamp":1658404670380963,"circlet_count":0,"master_deck":["AscendersBane","Strike_R","Strike_R","Strike_R","Strike_R","Defend_R","Defend_R","Defend_R","Defend_R","Bash","True Grit","Dual Wield","Battle Trance","Rampage","Ghostly Armor","Spot Weakness"],"special_seed":0,"relics":["Cursed Key","Gambling Chip","Dream Catcher","Paper Frog"],"potions_floor_usage":[16,16],"damage_taken":[{"damage":7.0,"enemies":"Jaw Worm","floor":1.0,"turns":3.0},{"damage":1.0,"enemies":"2 Louse","floor":3.0,"turns":3.0},{"damage":46.0,"enemies":"Lagavulin","floor":7.0,"turns":8.0},{"damage":0.0,"enemies":"Cultist","floor":10.0,"turns":3.0},{"damage":1.0,"enemies":"Exordium Thugs","floor":11.0,"turns":5.0},{"damage":2,"enemies":"Large Slime","floor":13,"turns":5},{"damage":59,"enemies":"Slime Boss","floor":16,"turns":10}],"seed_played":"-6428584730516497491","potions_obtained":[{"floor":1.0,"key":"Energy Potion"},{"floor":11.0,"key":"Explosive Potion"},{"floor":13,"key":"Fire Potion"}],"is_trial":false,"path_per_floor":["M","?","M","?","?","R","E","R","T","M","M","T","M","$","R","B"],"character_chosen":"IRONCLAD","items_purchased":["Spot Weakness"],"campfire_rested":3,"item_purchase_floors":[14],"current_hp_per_floor":[61,54,53,53,46,68,22,44,44,44,43,43,41,41,62,3],"gold":52,"neow_bonus":"BOSS_RELIC","is_prod":false,"is_daily":false,"chose_seed":false,"campfire_upgraded":0,"win_rate":0,"timestamp":1548881366,"path_taken":["M","?","M","?","?","R","E","R","T","M","M","?","M","$","R","BOSS"],"build_version":"2019-01-23","purchased_purges":1,"victory":false,"max_hp_per_floor":[75,75,75,75,75,75,75,75,75,75,75,75,75,72,72,72],"card_choices":[{"not_picked":["Seeing Red","Wild Strike"],"picked":"True Grit","floor":1.0},{"not_picked":["Evolve","Blood for Blood"],"picked":"Dual Wield","floor":3.0},{"not_picked":["Iron Wave","Pommel Strike"],"picked":"Battle Trance","floor":7.0},{"not_picked":["Disarm","Flex"],"picked":"Rampage","floor":8.0},{"not_picked":["Warcry","Clothesline","Sword Boomerang"],"picked":"SKIP","floor":10.0},{"not_picked":["Corruption","Thunderclap","Disarm"],"picked":"SKIP","floor":11.0},{"not_picked":["Rupture","Rampage"],"picked":"Ghostly Armor","floor":13}],"player_experience":465632,"relics_obtained":[{"floor":7.0,"key":"Dream Catcher"},{"floor":9.0,"key":"Paper Frog"}],"event_choices":[{"cards_removed":["Strike_R"],"damage_healed":0.0,"max_hp_gain":0.0,"max_hp_loss":0.0,"gold_gain":0.0,"event_name":"Golden Wing","player_choice":"Card Removal","floor":2.0,"gold_loss":0.0,"damage_taken":7.0},{"damage_healed":0.0,"max_hp_gain":0.0,"max_hp_loss":0.0,"gold_gain":0.0,"event_name":"Liars Game","player_choice":"Ignored","floor":4.0,"gold_loss":0.0,"damage_taken":0.0},{"damage_healed":0.0,"max_hp_gain":0.0,"max_hp_loss":0.0,"gold_gain":0.0,"event_name":"Scrap Ooze","player_choice":"Success","floor":5.0,"gold_loss":0.0,"damage_taken":7.0,"relics_obtained":["Gambling Chip"]}],"is_beta":false,"boss_relics":[],"items_purged_floors":[14],"is_endless":false,"potions_floor_spawned":[1,11,13],"killed_by":"Slime Boss","ascension_level":14}