{"gold_per_floor":[111,129,149,149,160,189,208,208,233,233,131,146,173,197,209,316,328,356,47,47,63,75,107,107,141,210,210,210,210,210,227,227,332,332,344,344,356,48,60,91,91,122,122,151,251,305,315,349,349,349],"floor_reached":51,"playtime":3938,"items_purged":["Defend_R","Defend_R"],"score":934,"play_id":"3d2c3fb2-7e8d-4f07-920c-0ca15f5b97f6","local_time":"20190505174255","is_ascension_mode":true,"campfire_choices":[{"floor":8,"key":"REST"},{"floor":10,"key":"REST"},{"floor":15,"key":"REST"},{"floor":24,"key":"REST"},{"floor":27,"key":"REST"},{"floor":30,"key":"REST"},{"floor":32,"key":"REST"},{"floor":41,"key":"REST"},{"floor":49,"key":"REST"}],"neow_cost":"NONE","seed_source_timestamp":1823503199038847,"circlet_count":0,"master_deck":["Defend_R","Defend_R","Bash","Seeing Red","Infernal Blade","Shockwave","Dark Embrace","Shrug It Off","Seeing Red","Wild Strike","Burning Pact","Immolate","Sentinel","Burning Pact+1","Bite","Bite","Bite","Bite","Bite","Hemokinesis+1","Immolate","Rage","Apotheosis","Rage","Sentinel+1","Demon Form"],"relics":["Fusion Hammer","Happy Flower","PreservedInsect","MawBank","Runic Pyramid","Kunai","Bag of Preparation","Magic Flower","Mercury Hourglass","Runic Cube","DollysMirror","Shuriken","Lantern","Self Forming Clay","Anchor","Ginger","FossilizedHelix","Vajra"],"potions_floor_usage":[6,7,23,33,33,39,46,50,50,50],"damage_taken":[{"damage":0,"enemies":"2 Louse","floor":1,"turns":2},{"damage":5,"enemies":"Cultist","floor":2,"turns":4},{"damage":7,"enemies":"Small Slimes","floor":3,"turns":3},{"damage":9,"enemies":"Blue Slaver","floor":5,"turns":4},{"damage":39,"enemies":"Lagavulin","floor":6,"turns":8},{"damage":5,"enemies":"3 Louse","floor":7,"turns":4},{"damage":0,"enemies":"Exordium Thugs","floor":12,"turns":3},{"damage":15,"enemies":"3 Sentries","floor":13,"turns":6},{"damage":0,"enemies":"Large Slime","floor":14,"turns":2},{"damage":63,"enemies":"The Guardian","floor":16,"turns":12},{"damage":19,"enemies":"3 Byrds","floor":18,"turns":4},{"damage":3,"enemies":"Chosen","floor":21,"turns":3},{"damage":0,"enemies":"3 Cultists","floor":22,"turns":3},{"damage":22,"enemies":"Book of Stabbing","floor":23,"turns":4},{"damage":17,"enemies":"Slavers","floor":25,"turns":3},{"damage":35,"enemies":"Snake Plant","floor":31,"turns":3},{"damage":62,"enemies":"Collector","floor":33,"turns":9},{"damage":18,"enemies":"3 Darklings","floor":35,"turns":2},{"damage":10,"enemies":"3 Shapes","floor":37,"turns":1},{"damage":12,"enemies":"Writhing Mass","floor":39,"turns":3},{"damage":2,"enemies":"Giant Head","floor":40,"turns":5},{"damage":3,"enemies":"Reptomancer","floor":42,"turns":5},{"damage":23,"enemies":"Nemesis","floor":44,"turns":3},{"damage":2,"enemies":"Mind Bloom Boss Battle","floor":45,"turns":3},{"damage":17,"enemies":"2 Orb Walkers","floor":46,"turns":4},{"damage":13,"enemies":"Spire Growth","floor":47,"turns":4},{"damage":12,"enemies":"Giant Head","floor":48,"turns":6},{"damage":34,"enemies":"Donu and Deca","floor":50,"turns":6}],"seed_played":"7839373801448987277","potions_obtained":[{"floor":3,"key":"SpeedPotion"},{"floor":5,"key":"Explosive Potion"},{"floor":14,"key":"GamblersBrew"},{"floor":16,"key":"Energy Potion"},{"floor":21,"key":"Weak Potion"},{"floor":23,"key":"Poison Potion"},{"floor":31,"key":"Block Potion"},{"floor":33,"key":"FearPotion"},{"floor":35,"key":"LiquidBronze"},{"floor":42,"key":"Poison Potion"},{"floor":44,"key":"Energy Potion"},{"floor":47,"key":"Dexterity Potion"}],"is_trial":false,"path_per_floor":["M","M","M","?","M","E","M","R","T","R","$","M","E","M","R","B",null,"M","$","?","M","M","E","R","E","T","R","?","?","R","M","R","B",null,"M","?","M","$","M","E","R","E","T","E","?","?","M","E","R","B",null],"character_chosen":"IRONCLAD","items_purchased":["Shrug It Off","Sentinel","Kunai","DollysMirror"],"campfire_rested":9,"item_purchase_floors":[11,19,19,38],"current_hp_per_floor":[80,75,68,68,59,20,15,39,39,63,63,63,48,48,72,9,80,61,61,61,58,58,36,60,43,43,67,56,56,56,36,52,30,56,47,47,40,40,43,56,56,56,56,53,56,46,50,56,56,42],"gold":349,"neow_bonus":"BOSS_RELIC","is_prod":false,"is_daily":false,"chose_seed":false,"campfire_upgraded":0,"win_rate":0,"timestamp":1557092575,"path_taken":["M","M","M","?","M","E","?","R","T","R","$","M","E","M","R","BOSS","M","$","?","M","M","E","R","E","T","R","?","?","R","?","R","BOSS","M","?","M","$","M","E","R","E","T","E","?","?","M","E","R","BOSS"],"build_version":"2019-01-23","purchased_purges":2,"victory":true,"max_hp_per_floor":[80,80,80,80,80,80,80,80,80,80,80,80,80,80,80,80,80,80,80,80,80,80,80,80,80,80,80,56,56,56,56,56,56,56,56,56,56,56,56,56,56,56,56,56,56,56,56,56,56,56],"card_choices":[{"not_picked":["True Grit","Dual Wield"],"picked":"Burning Pact","floor":1},{"not_picked":["Armaments","Warcry"],"picked":"Seeing Red","floor":2},{"not_picked":["Whirlwind","Combust"],"picked":"Infernal Blade","floor":3},{"not_picked":["Perfected Strike","Sword Boomerang"],"picked":"Shockwave","floor":5},{"not_picked":["Impervious","Inflame"],"picked":"Dark Embrace","floor":6},{"not_picked":["Intimidate","Dual Wield","Clash"],"picked":"SKIP","floor":7},{"not_picked":["Wild Strike","Twin Strike"],"picked":"Seeing Red","floor":12},{"not_picked":["Spot Weakness","Clash"],"picked":"Wild Strike","floor":13},{"not_picked":["Twin Strike","Sword Boomerang"],"picked":"Burning Pact","floor":14},{"not_picked":["Bludgeon","Berserk"],"picked":"Immolate","floor":16},{"not_picked":["Twin Strike","Wild Strike","Heavy Blade"],"picked":"SKIP","floor":18},{"not_picked":["True Grit+1","Inflame","Burning Pact"],"picked":"SKIP","floor":21},{"not_picked":["Headbutt","Warcry+1","Whirlwind+1"],"picked":"SKIP","floor":22},{"not_picked":["Headbutt+1","Warcry","Perfected Strike"],"picked":"SKIP","floor":23},{"not_picked":["Pommel Strike","Body Slam"],"picked":"Burning Pact+1","floor":25},{"not_picked":["Searing Blow+1","Iron Wave"],"picked":"Hemokinesis+1","floor":31},{"not_picked":["Bludgeon","Exhume"],"picked":"Immolate","floor":33},{"not_picked":["Perfected Strike+1","Intimidate+1"],"picked":"Rage","floor":35},{"not_picked":["Bandage Up","Madness"],"picked":"Apotheosis","floor":36},{"not_picked":["Sword Boomerang","Pummel","Wild Strike+1"],"picked":"SKIP","floor":37},{"not_picked":["Body Slam","Anger","Pommel Strike"],"picked":"SKIP","floor":39},{"not_picked":["Anger","Cleave+1","Dropkick"],"picked":"SKIP","floor":40},{"not_picked":["Pommel Strike","Wild Strike+1"],"picked":"Sentinel+1","floor":42},{"not_picked":["Flex+1","Dual Wield+1","Disarm"],"picked":"SKIP","floor":44},{"not_picked":["Iron Wave","Thunderclap+1"],"picked":"Demon Form","floor":45},{"not_picked":["Clothesline+1","Body Slam","Dark Embrace"],"picked":"SKIP","floor":47},{"not_picked":["Havoc","Combust","Disarm+1"],"picked":"SKIP","floor":48}],"player_experience":169400,"relics_obtained":[{"floor":6,"key":"Happy Flower"},{"floor":9,"key":"PreservedInsect"},{"floor":13,"key":"MawBank"},{"floor":23,"key":"Bag of Preparation"},{"floor":25,"key":"Magic Flower"},{"floor":26,"key":"Mercury Hourglass"},{"floor":40,"key":"Shuriken"},{"floor":42,"key":"Lantern"},{"floor":43,"key":"Self Forming Clay"},{"floor":44,"key":"Anchor"},{"floor":45,"key":"Ginger"},{"floor":46,"key":"FossilizedHelix"},{"floor":48,"key":"Vajra"}],"event_choices":[{"cards_removed":["Strike_R"],"damage_healed":0,"gold_gain":0,"player_choice":"Purged","damage_taken":0,"max_hp_gain":0,"max_hp_loss":0,"event_name":"Purifier","floor":4,"gold_loss":0},{"damage_healed":0,"gold_gain":0,"player_choice":"Ignored","damage_taken":0,"max_hp_gain":0,"max_hp_loss":0,"event_name":"Beggar","floor":20,"gold_loss":0},{"damage_healed":0,"gold_gain":0,"player_choice":"Became a vampire","damage_taken":0,"max_hp_gain":0,"max_hp_loss":24,"event_name":"Vampires","floor":28,"gold_loss":0,"cards_obtained":["Bite","Bite","Bite","Bite","Bite"]},{"cards_removed":["Burning Pact"],"damage_healed":0,"gold_gain":0,"player_choice":"Offered Uncommon","damage_taken":0,"max_hp_gain":0,"max_hp_loss":0,"event_name":"Bonfire Elementals","floor":29,"gold_loss":0},{"damage_healed":0,"gold_gain":0,"player_choice":"Memory 1","damage_taken":0,"max_hp_gain":0,"max_hp_loss":0,"event_name":"SensoryStone","floor":36,"gold_loss":0},{"damage_healed":0,"gold_gain":0,"player_choice":"Fight","damage_taken":0,"max_hp_gain":0,"max_hp_loss":0,"event_name":"MindBloom","floor":45,"gold_loss":0},{"damage_healed":0,"gold_gain":0,"player_choice":"Fight","damage_taken":0,"max_hp_gain":0,"max_hp_loss":0,"event_name":"Mysterious Sphere","floor":46,"gold_loss":0}],"is_beta":false,"boss_relics":[{"not_picked":["Orrery","White Beast Statue"],"picked":"Runic Pyramid"},{"not_picked":["Philosopher\u0027s Stone","Eternal Feather"],"picked":"Runic Cube"}],"items_purged_floors":[11,38],"is_endless":false,"potions_floor_spawned":[3,5,14,16,21,22,23,31,33,35,42,44,47],"ascension_level":3}