{"gold_per_floor":[113,113,113,137,65,65,65,65,65,106,122,142,142,14,14,142,142,167,82,82,34,50,50,65,81,81,81,101,101,1,1,1,126,126,149,163,69,69],"floor_reached":38,"playtime":2000,"items_purged":["Defend_B","Strike_B"],"score":397,"play_id":"4e2630dd-148d-455b-bdc2-d4fc3ab6b877","local_time":"20190519014637","is_ascension_mode":false,"campfire_choices":[{"data":"Scrape","floor":6,"key":"SMITH"},{"data":"Streamline","floor":8,"key":"SMITH"},{"floor":15,"key":"REST"},{"data":"Streamline","floor":23,"key":"SMITH"},{"data":"Streamline","floor":27,"key":"SMITH"},{"floor":29,"key":"REST"},{"floor":32,"key":"REST"}],"neow_cost":"NONE","seed_source_timestamp":197048575075380,"circlet_count":0,"master_deck":["Defend_B","Defend_B","Zap","Dualcast","Deep Breath+1","Streamline+1","Compile Driver","Scrape+1","Streamline+1","Chill","Gash","Hologram","Streamline+1","Beam Cell","Self Repair"],"relics":["Cracked Core","Golden Idol","StoneCalendar","Strawberry","Black Star","Blood Vial","FaceOfCleric","Pear","Empty Cage"],"potions_floor_usage":[22,24,33],"damage_taken":[{"damage":5,"enemies":"Jaw Worm","floor":1,"turns":4},{"damage":2,"enemies":"2 Louse","floor":4,"turns":2},{"damage":8,"enemies":"3 Sentries","floor":10,"turns":5},{"damage":0,"enemies":"Small Slimes","floor":11,"turns":2},{"damage":12,"enemies":"Blue Slaver","floor":12,"turns":3},{"damage":43,"enemies":"Hexaghost","floor":16,"turns":6},{"damage":3,"enemies":"Spheric Guardian","floor":18,"turns":3},{"damage":3,"enemies":"Chosen","floor":22,"turns":4},{"damage":1,"enemies":"3 Cultists","floor":24,"turns":4},{"damage":20,"enemies":"Snecko","floor":25,"turns":5},{"damage":36,"enemies":"Centurion and Healer","floor":28,"turns":5},{"damage":44,"enemies":"Champ","floor":33,"turns":7},{"damage":40,"enemies":"3 Darklings","floor":35,"turns":5},{"damage":21,"enemies":"Orb Walker","floor":36,"turns":3},{"damage":41,"enemies":"3 Darklings","floor":38,"turns":5}],"seed_played":"-8619541275619882462","potions_obtained":[{"floor":10,"key":"Explosive Potion"},{"floor":16,"key":"FocusPotion"},{"floor":28,"key":"Energy Potion"},{"floor":36,"key":"Ancient Potion"}],"is_trial":false,"path_per_floor":["M","?","?","M","$","R","?","R","T","E","M","M","?","$","R","B",null,"M","?","?","$","M","R","M","M","T","R","M","R","$","?","R","B",null,"M","M","$","M"],"character_chosen":"DEFECT","items_purchased":["Scrape","Gash","Hologram","Beam Cell","Self Repair"],"campfire_rested":3,"item_purchase_floors":[5,14,21,37,37],"current_hp_per_floor":[70,69,62,60,60,60,60,60,60,59,59,47,47,47,69,26,76,73,73,73,73,73,73,75,58,68,68,35,62,62,62,89,47,91,52,34,34,0],"gold":69,"neow_bonus":"RANDOM_COLORLESS","is_prod":false,"is_daily":false,"chose_seed":false,"campfire_upgraded":4,"win_rate":0.0,"timestamp":1558244797,"path_taken":["M","?","?","M","$","R","?","R","T","E","M","M","?","$","R","BOSS","M","?","?","$","M","R","?","M","T","R","M","R","$","?","R","BOSS","M","M","$","?"],"build_version":"2019-01-23","purchased_purges":2,"victory":false,"max_hp_per_floor":[75,69,69,69,69,69,69,69,69,76,76,76,76,76,76,76,76,76,76,76,76,77,77,78,79,89,89,90,90,90,90,90,91,91,92,93,93,93],"card_choices":[{"not_picked":["Barrage","Lockon"],"picked":"Streamline","floor":1},{"not_picked":["Storm","Redo"],"picked":"Compile Driver","floor":4},{"not_picked":["Redo","Barrage","Melter"],"picked":"SKIP","floor":10},{"not_picked":["Heatsinks","Aggregate"],"picked":"Streamline","floor":11},{"not_picked":["Capacitor","Steam"],"picked":"Chill","floor":12},{"not_picked":["Genetic Algorithm","Compile Driver","Steam"],"picked":"SKIP","floor":18},{"not_picked":["Steam","Turbo","Loop"],"picked":"SKIP","floor":22},{"not_picked":["Coolheaded+1","Redo","Go for the Eyes"],"picked":"SKIP","floor":24},{"not_picked":["Storm","Hologram"],"picked":"Streamline","floor":25},{"not_picked":["Capacitor","Leap","Echo Form"],"picked":"SKIP","floor":28},{"not_picked":["Conserve Battery+1","Rebound+1","Blizzard"],"picked":"SKIP","floor":35},{"not_picked":["Go for the Eyes","Rebound+1","Sweeping Beam+1"],"picked":"SKIP","floor":36}],"player_experience":249978,"relics_obtained":[{"floor":9,"key":"StoneCalendar"},{"floor":10,"key":"Strawberry"},{"floor":26,"key":"Pear"}],"event_choices":[{"damage_healed":0,"gold_gain":0,"player_choice":"Lose Max HP","damage_taken":0,"relics_obtained":["Golden Idol"],"max_hp_gain":0,"max_hp_loss":6,"event_name":"Golden Idol","floor":2,"gold_loss":0},{"cards_removed":["Strike_B"],"damage_healed":0,"gold_gain":0,"player_choice":"Card Removal","damage_taken":7,"max_hp_gain":0,"max_hp_loss":0,"event_name":"Golden Wing","floor":3,"gold_loss":0},{"damage_healed":0,"gold_gain":0,"player_choice":"Grow","damage_taken":0,"max_hp_gain":0,"max_hp_loss":0,"event_name":"Living Wall","floor":7,"gold_loss":0,"cards_upgraded":["Deep Breath"]},{"damage_healed":0,"gold_gain":0,"player_choice":"Ignored","damage_taken":0,"max_hp_gain":0,"max_hp_loss":0,"event_name":"Liars Game","floor":13,"gold_loss":0},{"damage_healed":0,"gold_gain":0,"player_choice":"Obtained Relic","damage_taken":0,"relics_obtained":["Blood Vial"],"max_hp_gain":0,"max_hp_loss":0,"event_name":"Addict","floor":19,"gold_loss":85},{"damage_healed":0,"gold_gain":0,"player_choice":"Trade","damage_taken":0,"relics_obtained":["FaceOfCleric"],"max_hp_gain":0,"max_hp_loss":0,"event_name":"FaceTrader","floor":20,"gold_loss":0},{"cards_removed":["Defend_B"],"damage_healed":0,"gold_gain":0,"player_choice":"Offered Basic","damage_taken":0,"max_hp_gain":0,"max_hp_loss":0,"event_name":"Bonfire Elementals","floor":31,"gold_loss":0}],"is_beta":false,"boss_relics":[{"not_picked":["Astrolabe","Fusion Hammer"],"picked":"Black Star"},{"not_picked":["Lizard Tail","Pandora\u0027s Box"],"picked":"Empty Cage"}],"items_purged_floors":[14,30],"is_endless":false,"potions_floor_spawned":[10,16,28,36],"killed_by":"3 Darklings","ascension_level":0}