{"gold_per_floor":[114,131,2,21,41,41,41,72,96,96,113,143,143,153,153,255,255,255,255,155,0,0,0,0,0,0,0,0,0,0,0,0,0,0,0,0,0,0,0,0,0,0,0,0,0,0,0,0,0,0],"floor_reached":51,"playtime":4221,"items_purged":["Strike_B","Strike_B"],"score":1059,"play_id":"4772ece5-010c-4231-984c-8e755c4da423","local_time":"20190226092410","is_ascension_mode":true,"campfire_choices":[{"data":"Chill","floor":6.0,"key":"SMITH"},{"floor":10.0,"key":"REST"},{"floor":13.0,"key":"REST"},{"floor":15.0,"key":"REST"},{"floor":23.0,"key":"REST"},{"data":"Self Repair","floor":25.0,"key":"SMITH"},{"floor":27.0,"key":"REST"},{"floor":32.0,"key":"REST"},{"floor":40.0,"key":"REST"},{"floor":42.0,"key":"REST"},{"data":"Multi-Cast","floor":47,"key":"SMITH"},{"data":"Electrodynamics","floor":49,"key":"SMITH"}],"neow_cost":"NONE","seed_source_timestamp":63364628471021,"circlet_count":0,"master_deck":["AscendersBane","Zap","Dualcast","Chill+1","Gash","Leap","Gash","Glacier","Self Repair+1","Electrodynamics+1","Conserve Battery+1","Gash","Defragment+1","Loop+1","All For One","Machine Learning+1","Rainbow","Hello World+1","Multi-Cast+1","Cold Snap","Defragment+1","Static Discharge+1","Leap","Undo+1","Sunder+1","Gash","Conserve Battery+1"],"special_seed":0,"relics":["Cracked Core","Strawberry","Happy Flower","Potion Belt","Shuriken","Ectoplasm","Frozen Egg 2","Oddly Smooth Stone","Pandora\u0027s Box","Bronze Scales","Bottled Tornado","Blue Candle"],"potions_floor_usage":[50],"damage_taken":[{"damage":4.0,"enemies":"Jaw Worm","floor":1.0,"turns":4.0},{"damage":0.0,"enemies":"Small Slimes","floor":2.0,"turns":4.0},{"damage":0.0,"enemies":"2 Louse","floor":4.0,"turns":3.0},{"damage":9.0,"enemies":"Red Slaver","floor":5.0,"turns":4.0},{"damage":36.0,"enemies":"Gremlin Nob","floor":8.0,"turns":6.0},{"damage":3.0,"enemies":"Blue Slaver","floor":11.0,"turns":4.0},{"damage":12.0,"enemies":"Lagavulin","floor":12.0,"turns":7.0},{"damage":0.0,"enemies":"Exordium Thugs","floor":14.0,"turns":4.0},{"damage":42.0,"enemies":"Slime Boss","floor":16.0,"turns":18.0},{"damage":27.0,"enemies":"Chosen","floor":18.0,"turns":9.0},{"damage":30.0,"enemies":"2 Thieves","floor":22.0,"turns":5.0},{"damage":17.0,"enemies":"Snake Plant","floor":24.0,"turns":6.0},{"damage":11.0,"enemies":"Snecko","floor":28.0,"turns":6.0},{"damage":16.0,"enemies":"Chosen and Byrds","floor":29.0,"turns":8.0},{"damage":20.0,"enemies":"Sentry and Sphere","floor":30.0,"turns":7.0},{"damage":51.0,"enemies":"Book of Stabbing","floor":31.0,"turns":9.0},{"damage":42.0,"enemies":"Automaton","floor":33.0,"turns":8.0},{"damage":0.0,"enemies":"3 Shapes","floor":35.0,"turns":4.0},{"damage":8.0,"enemies":"3 Darklings","floor":38.0,"turns":2.0},{"damage":39.0,"enemies":"Writhing Mass","floor":39.0,"turns":4.0},{"damage":31.0,"enemies":"Giant Head","floor":41.0,"turns":10.0},{"damage":8.0,"enemies":"Reptomancer","floor":44.0,"turns":6.0},{"damage":6,"enemies":"4 Shapes","floor":46,"turns":4},{"damage":1,"enemies":"Maw","floor":48,"turns":6},{"damage":28,"enemies":"Awakened One","floor":50,"turns":11}],"seed_played":"5668617689568364391","potions_obtained":[{"floor":12.0,"key":"Dexterity Potion"},{"floor":14.0,"key":"GamblersBrew"},{"floor":28.0,"key":"FearPotion"},{"floor":29.0,"key":"PowerPotion"},{"floor":30.0,"key":"Regen Potion"},{"floor":38.0,"key":"FearPotion"},{"floor":39.0,"key":"Swift Potion"},{"floor":41.0,"key":"Block Potion"},{"floor":48,"key":"Dexterity Potion"}],"is_trial":false,"path_per_floor":["M","M","$","M","M","R","?","E","T","R","M","E","R","M","R","B",null,"M","?","$","?","M","R","M","R","T","R","M","M","M","E","R","B",null,"M","?","?","M","M","R","E","R","T","E","?","M","R","M","R","B",null],"character_chosen":"DEFECT","items_purchased":["Leap"],"campfire_rested":8,"item_purchase_floors":[3],"current_hp_per_floor":[71,71,71,71,62,62,57,21,21,47,44,32,58,58,84,49,79,59,59,59,59,36,62,52,52,52,78,77,71,61,35,61,29,74,84,84,89,81,42,68,47,73,73,75,75,79,79,88,88,70],"gold":0,"neow_bonus":"TEN_PERCENT_HP_BONUS","is_prod":false,"is_daily":false,"chose_seed":false,"campfire_upgraded":4,"win_rate":0,"timestamp":1551165850,"path_taken":["M","M","$","M","M","R","?","E","T","R","M","E","R","M","R","BOSS","M","?","$","?","M","R","M","R","T","R","M","M","M","E","R","BOSS","M","?","?","M","?","R","E","R","T","E","?","M","R","M","R","BOSS"],"build_version":"2019-01-23","purchased_purges":2,"victory":true,"max_hp_per_floor":[82,82,82,82,82,82,89,89,89,89,89,89,89,89,89,89,89,89,89,89,89,89,89,89,89,89,89,89,89,89,89,89,89,89,89,89,89,89,89,89,89,89,89,89,89,89,89,89,89,89],"card_choices":[{"not_picked":["Beam Cell","Steam Power"],"picked":"Chill","floor":1.0},{"not_picked":["Reprogram","Barrage"],"picked":"Gash","floor":2.0},{"not_picked":["Conserve Battery","Chaos"],"picked":"Gash","floor":4.0},{"not_picked":["Hologram","Sweeping Beam","Streamline"],"picked":"SKIP","floor":5.0},{"not_picked":["Stack","Capacitor","Storm"],"picked":"SKIP","floor":8.0},{"not_picked":["Ball Lightning","Force Field"],"picked":"Glacier","floor":11.0},{"not_picked":["Streamline","Reprogram","Storm"],"picked":"SKIP","floor":12.0},{"not_picked":["Barrage","Thunder Strike"],"picked":"Self Repair","floor":14.0},{"not_picked":["Rainbow","Echo Form"],"picked":"Electrodynamics","floor":16.0},{"not_picked":["Streamline","Sweeping Beam","Barrage"],"picked":"SKIP","floor":18.0},{"not_picked":["Barrage","Force Field+1"],"picked":"Conserve Battery+1","floor":22.0},{"not_picked":["Streamline","Heatsinks","Sweeping Beam"],"picked":"SKIP","floor":24.0},{"not_picked":["Force Field","Ball Lightning"],"picked":"Gash","floor":28.0},{"not_picked":["Skim","Beam Cell"],"picked":"Defragment+1","floor":29.0},{"not_picked":["Compile Driver","Coolheaded"],"picked":"Loop+1","floor":30.0},{"not_picked":["Heatsinks+1","Reprogram+1"],"picked":"All For One","floor":31.0},{"not_picked":["All For One","Biased Cognition+1"],"picked":"Machine Learning+1","floor":33.0},{"not_picked":["Blizzard","White Noise+1","Stack"],"picked":"SKIP","floor":35.0},{"not_picked":["Turbo+1","Steam+1"],"picked":"Leap","floor":38.0},{"not_picked":["Reprogram+1","Force Field+1"],"picked":"Undo+1","floor":39.0},{"not_picked":["Reprogram","Recycle"],"picked":"Sunder+1","floor":41.0},{"not_picked":["Reinforced Body+1","Leap"],"picked":"Gash","floor":44.0},{"not_picked":["Core Surge","Go for the Eyes+1"],"picked":"Conserve Battery+1","floor":46},{"not_picked":["Sweeping Beam","Doom and Gloom","Sunder"],"picked":"SKIP","floor":48}],"player_experience":679457,"relics_obtained":[{"floor":8.0,"key":"Happy Flower"},{"floor":9.0,"key":"Potion Belt"},{"floor":12.0,"key":"Shuriken"},{"floor":26.0,"key":"Frozen Egg 2"},{"floor":31.0,"key":"Oddly Smooth Stone"},{"floor":41.0,"key":"Bronze Scales"},{"floor":43.0,"key":"Bottled Tornado"},{"floor":44.0,"key":"Blue Candle"}],"event_choices":[{"damage_healed":0.0,"max_hp_gain":0.0,"max_hp_loss":0.0,"gold_gain":0.0,"event_name":"Scrap Ooze","player_choice":"Success","floor":7.0,"gold_loss":0.0,"damage_taken":12.0,"relics_obtained":["Strawberry"]},{"damage_healed":0.0,"max_hp_gain":0.0,"max_hp_loss":0.0,"gold_gain":0.0,"event_name":"Cursed Tome","player_choice":"Ignored","floor":19.0,"gold_loss":0.0,"damage_taken":0.0},{"damage_healed":0.0,"max_hp_gain":0.0,"max_hp_loss":0.0,"gold_gain":0.0,"event_name":"Masked Bandits","player_choice":"Paid Fearfully","floor":21.0,"gold_loss":155.0,"damage_taken":0.0},{"damage_healed":0.0,"max_hp_gain":0.0,"max_hp_loss":0.0,"gold_gain":0.0,"event_name":"Mysterious Sphere","player_choice":"Ignored","floor":36.0,"gold_loss":0.0,"damage_taken":0.0},{"damage_healed":5.0,"max_hp_gain":0.0,"max_hp_loss":0.0,"gold_gain":0.0,"event_name":"Wheel of Change","player_choice":"Full Heal","floor":37.0,"gold_loss":0.0,"damage_taken":0.0},{"damage_healed":0,"gold_gain":0,"player_choice":"Ignored","damage_taken":0,"max_hp_gain":0,"max_hp_loss":0,"event_name":"Transmorgrifier","floor":45,"gold_loss":0}],"is_beta":false,"boss_relics":[{"not_picked":["Philosopher\u0027s Stone","Nuclear Battery"],"picked":"Ectoplasm"},{"not_picked":["Inserter","Fusion Hammer"],"picked":"Pandora\u0027s Box"}],"items_purged_floors":[3,20],"is_endless":false,"potions_floor_spawned":[12,14,28,29,30,38,39,41,48],"ascension_level":10}