{"gold_per_floor":[119,119,134,134,147,147,162,162,162,176,186,196,211,211,211,313,313,325,325,325,335,364,364,396,396,396,396,412,337,349,359,359,455,455,475,697,710,710,724,724,756,856,880,1247,1259,1050,1062,85,85,85],"floor_reached":51,"playtime":5177,"items_purged":["Dagger Spray","A Thousand Cuts"],"score":1154,"play_id":"3287aa26-ab5d-4b8d-afb3-301269e3ec13","local_time":"20190513030732","is_ascension_mode":true,"campfire_choices":[{"data":"Wraith Form v2","floor":6.0,"key":"SMITH"},{"data":"Wraith Form v2","floor":8.0,"key":"SMITH"},{"floor":15.0,"key":"REST"},{"data":"Grand Finale","floor":23,"key":"SMITH"},{"floor":25,"key":"DIG"},{"floor":27,"key":"DIG"},{"floor":32,"key":"DIG"},{"floor":40,"key":"DIG"},{"floor":45,"key":"DIG"},{"floor":49,"key":"REST"}],"neow_cost":"NONE","seed_source_timestamp":2781105665562664,"circlet_count":0,"master_deck":["AscendersBane","Survivor","Neutralize","Skewer","Flechettes","Wraith Form v2+1","Wraith Form v2+1","Cloak And Dagger","Outmaneuver+1","PiercingWail","Flying Knee","Terror","Cloak And Dagger+1","Grand Finale+1","Night Terror","Grand Finale+1"],"special_seed":0,"relics":["Pandora\u0027s Box","Shovel","Molten Egg 2","Runic Pyramid","Oddly Smooth Stone","Red Mask","Anchor","Matryoshka","Bottled Tornado","The Courier","Singing Bowl","Pen Nib","WristBlade","Kunai","Pear","Girya","MawBank","Strawberry","Old Coin","Juzu Bracelet","Lee\u0027s Waffle","DollysMirror","Dodecahedron","Incense Burner","War Paint","Happy Flower"],"potions_floor_usage":[33,46],"damage_taken":[{"damage":1.0,"enemies":"Jaw Worm","floor":1.0,"turns":5.0},{"damage":2.0,"enemies":"2 Louse","floor":3.0,"turns":3.0},{"damage":4.0,"enemies":"Cultist","floor":5.0,"turns":3.0},{"damage":3.0,"enemies":"Blue Slaver","floor":7.0,"turns":4.0},{"damage":5.0,"enemies":"Looter","floor":10.0,"turns":3.0},{"damage":12.0,"enemies":"Lots of Slimes","floor":11.0,"turns":5.0},{"damage":0.0,"enemies":"Large Slime","floor":12.0,"turns":6.0},{"damage":13.0,"enemies":"3 Louse","floor":13.0,"turns":4.0},{"damage":34.0,"enemies":"The Guardian","floor":16.0,"turns":10.0},{"damage":25.0,"enemies":"Shell Parasite","floor":18.0,"turns":5.0},{"damage":3.0,"enemies":"Spheric Guardian","floor":21.0,"turns":6.0},{"damage":4.0,"enemies":"Masked Bandits","floor":22.0,"turns":4.0},{"damage":7,"enemies":"Gremlin Leader","floor":24,"turns":5},{"damage":2,"enemies":"Cultist and Chosen","floor":28,"turns":4},{"damage":0,"enemies":"3 Cultists","floor":30,"turns":4},{"damage":1,"enemies":"Centurion and Healer","floor":31,"turns":4},{"damage":5,"enemies":"Collector","floor":33,"turns":6},{"damage":5,"enemies":"3 Shapes","floor":35,"turns":5},{"damage":3,"enemies":"Orb Walker","floor":37,"turns":5},{"damage":8,"enemies":"Sphere and 2 Shapes","floor":39,"turns":5},{"damage":2,"enemies":"Giant Head","floor":41,"turns":6},{"damage":0,"enemies":"Mind Bloom Boss Battle","floor":42,"turns":4},{"damage":0,"enemies":"2 Orb Walkers","floor":44,"turns":5},{"damage":4,"enemies":"3 Darklings","floor":47,"turns":4},{"damage":2,"enemies":"Donu and Deca","floor":50,"turns":4}],"seed_played":"-1622564287008940206","potions_obtained":[{"floor":1.0,"key":"Ancient Potion"},{"floor":7.0,"key":"SkillPotion"},{"floor":10.0,"key":"Regen Potion"},{"floor":11.0,"key":"Swift Potion"},{"floor":22.0,"key":"Poison Potion"},{"floor":31,"key":"SpeedPotion"},{"floor":33,"key":"SteroidPotion"},{"floor":42,"key":"Fruit Juice"}],"is_trial":false,"path_per_floor":["M","?","M","?","M","R","M","R","T","M","M","M","M","?","R","B",null,"M","?","?","M","?","R","E","R","T","R","M","?","M","M","R","B",null,"M","?","M","?","M","R","E","?","T","?","R","$","M","$","R","B",null],"character_chosen":"THE_SILENT","items_purchased":["Lee\u0027s Waffle","GhostInAJar","DollysMirror","Dodecahedron","Incense Burner","War Paint","Happy Flower"],"campfire_rested":2,"item_purchase_floors":[46,48,48,48,48,48,48],"current_hp_per_floor":[62,67,65,65,61,61,58,58,58,53,55,55,42,24,46,12,59,34,34,85,82,78,78,71,71,71,71,71,71,73,74,74,69,86,83,83,82,82,76,76,86,88,95,97,97,127,125,125,129,127],"gold":85,"neow_bonus":"BOSS_RELIC","is_prod":false,"is_daily":false,"chose_seed":false,"campfire_upgraded":3,"win_rate":0,"timestamp":1557706052,"path_taken":["M","?","M","?","?","R","M","R","T","M","M","M","M","?","R","BOSS","BOSS","M","?","?","?","?","R","E","R","T","R","M","?","M","M","R","BOSS","M","?","M","?","M","R","E","?","T","?","R","$","M","$","R","BOSS"],"build_version":"2019-01-23","purchased_purges":2,"victory":true,"max_hp_per_floor":[70,75,75,75,75,75,75,75,75,75,75,75,75,75,75,75,75,75,75,85,85,85,85,85,85,85,85,87,87,89,91,91,91,91,93,93,95,90,92,92,104,106,113,115,115,127,129,129,129,129],"card_choices":[{"not_picked":["Terror","Dagger Spray"],"picked":"PiercingWail","floor":1.0},{"not_picked":["Acrobatics","PiercingWail"],"picked":"Flying Knee","floor":3.0},{"not_picked":["Flechettes","Dagger Spray"],"picked":"Infinite Blades","floor":5.0},{"not_picked":["Dodge and Roll","Masterful Stab","Dagger Throw"],"picked":"SKIP","floor":7.0},{"not_picked":["All Out Attack","Sucker Punch"],"picked":"Terror","floor":10.0},{"not_picked":["PiercingWail","Quick Slash","Slice"],"picked":"SKIP","floor":11.0},{"not_picked":["Flechettes","Underhanded Strike"],"picked":"Cloak And Dagger","floor":12.0},{"not_picked":["Eviscerate","Terror"],"picked":"Grand Finale","floor":13.0},{"not_picked":["Deflect","Setup","Outmaneuver"],"picked":"SKIP","floor":18.0},{"not_picked":["Expertise","Deadly Poison+1","Terror"],"picked":"SKIP","floor":21.0},{"not_picked":["Malaise","PiercingWail","Burst"],"picked":"SKIP","floor":24},{"not_picked":["Backstab+1","Bouncing Flask","Poisoned Stab+1"],"picked":"Singing Bowl","floor":28},{"not_picked":["Underhanded Strike+1","Cloak And Dagger","Dodge and Roll+1"],"picked":"Singing Bowl","floor":30},{"not_picked":["Leg Sweep","Sucker Punch+1","Deadly Poison+1"],"picked":"Singing Bowl","floor":31},{"not_picked":["Die Die Die+1","Glass Knife+1"],"picked":"Night Terror","floor":33},{"not_picked":["Deadly Poison+1","Deflect","Heel Hook+1"],"picked":"Singing Bowl","floor":35},{"not_picked":["Blur","Blade Dance+1","Terror"],"picked":"Singing Bowl","floor":37},{"not_picked":["PiercingWail+1","Calculated Gamble+1","Outmaneuver"],"picked":"Singing Bowl","floor":39},{"not_picked":["Deflect+1","Prepared","Tactician+1"],"picked":"Singing Bowl","floor":41},{"not_picked":["Bane+1","Reflex","Backstab+1"],"picked":"Singing Bowl","floor":42},{"not_picked":["Deadly Poison","Deflect","Leg Sweep"],"picked":"Singing Bowl","floor":44},{"not_picked":["Flechettes+1","Deadly Poison+1","A Thousand Cuts"],"picked":"Singing Bowl","floor":47}],"player_experience":985183,"relics_obtained":[{"floor":9.0,"key":"Shovel"},{"floor":22.0,"key":"Red Mask"},{"floor":24,"key":"Anchor"},{"floor":25,"key":"Matryoshka"},{"floor":26,"key":"Bottled Tornado"},{"floor":26,"key":"The Courier"},{"floor":27,"key":"Singing Bowl"},{"floor":32,"key":"Pen Nib"},{"floor":40,"key":"Kunai"},{"floor":41,"key":"Pear"},{"floor":42,"key":"Girya"},{"floor":43,"key":"MawBank"},{"floor":43,"key":"Strawberry"},{"floor":44,"key":"Old Coin"},{"floor":45,"key":"Juzu Bracelet"}],"event_choices":[{"damage_healed":0.0,"max_hp_gain":5.0,"max_hp_loss":0.0,"gold_gain":0.0,"event_name":"Big Fish","player_choice":"Donut","floor":2.0,"gold_loss":0.0,"damage_taken":0.0},{"cards_removed":["Reflex"],"damage_healed":0.0,"max_hp_gain":0.0,"max_hp_loss":0.0,"gold_gain":0.0,"event_name":"Purifier","player_choice":"Purged","floor":4.0,"gold_loss":0.0,"damage_taken":0.0},{"damage_healed":0.0,"max_hp_gain":0.0,"max_hp_loss":0.0,"gold_gain":0.0,"event_name":"Scrap Ooze","player_choice":"Success","floor":14.0,"gold_loss":0.0,"damage_taken":18.0,"relics_obtained":["Molten Egg 2"]},{"damage_healed":0.0,"max_hp_gain":0.0,"max_hp_loss":0.0,"gold_gain":0.0,"event_name":"The Mausoleum","player_choice":"Opened","floor":19.0,"gold_loss":0.0,"damage_taken":0.0,"relics_obtained":["Oddly Smooth Stone"]},{"cards_removed":["Malaise"],"damage_healed":41.0,"max_hp_gain":10.0,"max_hp_loss":0.0,"gold_gain":0.0,"event_name":"Bonfire Elementals","player_choice":"Offered Rare","floor":20.0,"gold_loss":0.0,"damage_taken":0.0},{"damage_healed":0.0,"max_hp_gain":0.0,"max_hp_loss":0.0,"gold_gain":0.0,"event_name":"Masked Bandits","player_choice":"Fought Bandits","floor":22.0,"gold_loss":0.0,"damage_taken":0.0},{"cards_removed":["Infinite Blades"],"damage_healed":0,"gold_gain":0,"player_choice":"Gave Gold","damage_taken":0,"max_hp_gain":0,"max_hp_loss":0,"event_name":"Beggar","floor":29,"gold_loss":75},{"damage_healed":0,"gold_gain":222,"player_choice":"Wore Mask","damage_taken":0,"max_hp_gain":0,"max_hp_loss":0,"event_name":"Tomb of Lord Red Mask","floor":36,"gold_loss":0},{"damage_healed":0,"gold_gain":0,"player_choice":"Max HP","damage_taken":0,"max_hp_gain":0,"max_hp_loss":5,"event_name":"Winding Halls","floor":38,"gold_loss":0},{"damage_healed":0,"gold_gain":0,"player_choice":"Fight","damage_taken":0,"max_hp_gain":0,"max_hp_loss":0,"event_name":"MindBloom","floor":42,"gold_loss":0},{"damage_healed":0,"gold_gain":0,"player_choice":"Fight","damage_taken":0,"max_hp_gain":0,"max_hp_loss":0,"event_name":"Mysterious Sphere","floor":44,"gold_loss":0}],"is_beta":false,"boss_relics":[{"not_picked":["Eternal Feather","Sozu"],"picked":"Runic Pyramid"},{"not_picked":["Snecko Eye","Runic Dome"],"picked":"WristBlade"}],"items_purged_floors":[46,48],"is_endless":false,"potions_floor_spawned":[1,7,10,11,13,22,31,33,39,42],"ascension_level":11}