{"gold_per_floor":[210,224,224,52,63,63,74,74,101,101,48,78,153,185,185,290,290,310,310,310,79,89,89,0,10,310,328,328,362,372,390,390,390],"floor_reached":33,"playtime":1322,"items_purged":[],"score":451,"play_id":"9f7a3a29-f06a-45d3-9096-ea01f36df5fc","local_time":"20181215014604","is_ascension_mode":true,"campfire_choices":[{"data":"Inflame","floor":6,"key":"SMITH"},{"data":"Clothesline","floor":8,"key":"SMITH"},{"data":"Cleave","floor":10,"key":"SMITH"},{"data":"Shrug It Off","floor":15,"key":"SMITH"},{"data":"Sword Boomerang","floor":23,"key":"SMITH"},{"data":"Shrug It Off","floor":28,"key":"SMITH"},{"data":"Immolate","floor":32,"key":"SMITH"}],"neow_cost":"NONE","seed_source_timestamp":141685770421955,"circlet_count":0,"master_deck":["AscendersBane","Defend_R","Defend_R","Defend_R","Defend_R","Bash+1","Iron Wave","Cleave+1","Inflame+1","Shrug It Off+1","Clothesline+1","Fiend Fire","Thunderclap","Feed","Sword Boomerang+1","Bite","Bite","Bite","Bite","Bite","Shrug It Off+1","Spot Weakness+1","Cleave+1","Immolate+1","Disarm+1"],"relics":["Burning Blood","Oddly Smooth Stone","Happy Flower","Omamori","Cursed Key","Vajra","Old Coin","Incense Burner"],"potions_floor_usage":[12,16,29,29,33,33],"damage_taken":[{"damage":14,"enemies":"2 Louse","floor":1,"turns":4},{"damage":6,"enemies":"Cultist","floor":2,"turns":4},{"damage":7,"enemies":"Small Slimes","floor":5,"turns":2},{"damage":4,"enemies":"3 Louse","floor":7,"turns":4},{"damage":18,"enemies":"Lagavulin","floor":12,"turns":5},{"damage":6,"enemies":"Gremlin Nob","floor":14,"turns":3},{"damage":26,"enemies":"Hexaghost","floor":16,"turns":12},{"damage":20,"enemies":"3 Byrds","floor":18,"turns":5},{"damage":20,"enemies":"Colosseum Slavers","floor":20,"turns":4},{"damage":19,"enemies":"Spheric Guardian","floor":22,"turns":4},{"damage":14,"enemies":"Snecko","floor":25,"turns":4},{"damage":15,"enemies":"Centurion and Healer","floor":27,"turns":4},{"damage":15,"enemies":"Book of Stabbing","floor":29,"turns":3},{"damage":16,"enemies":"Shelled Parasite and Fungi","floor":30,"turns":4},{"damage":1,"enemies":"Snecko","floor":31,"turns":4},{"damage":66,"enemies":"Collector","floor":33,"turns":7}],"seed_played":"6705111448644891491","potions_obtained":[{"floor":1,"key":"Poison Potion"},{"floor":2,"key":"Strength Potion"},{"floor":18,"key":"SkillPotion"},{"floor":29,"key":"SteroidPotion"},{"floor":30,"key":"SkillPotion"}],"is_trial":false,"path_per_floor":["M","M","?","$","M","R","M","R","T","R","$","E","?","E","R","B",null,"M","?","?","$","M","R","?","M","T","M","R","E","M","M","R","B"],"character_chosen":"IRONCLAD","items_purchased":["Inflame","Shrug It Off","Clothesline","Thunderclap","Shrug It Off","Vajra","SteroidPotion"],"campfire_rested":0,"item_purchase_floors":[4,4,4,11,21,21,21],"current_hp_per_floor":[64,64,64,64,63,63,65,65,65,65,65,53,42,42,42,22,66,52,52,46,46,45,45,45,46,46,45,45,38,35,47,47,0],"gold":390,"neow_bonus":"HUNDRED_GOLD","is_prod":false,"is_daily":false,"chose_seed":false,"campfire_upgraded":7,"win_rate":0,"timestamp":1544856364,"path_taken":["M","M","?","$","?","R","M","R","T","R","?","E","?","E","R","BOSS","M","?","?","$","M","R","?","M","T","M","R","E","M","M","R","BOSS"],"build_version":"2018-12-13","purchased_purges":0,"victory":false,"max_hp_per_floor":[80,80,80,80,80,80,80,80,80,80,80,80,80,80,80,80,80,80,56,56,56,56,56,56,59,59,59,59,59,62,65,65,65],"card_choices":[{"not_picked":["Heavy Blade","Feel No Pain"],"picked":"Iron Wave","floor":1},{"not_picked":["Heavy Blade","Warcry"],"picked":"Cleave","floor":2},{"not_picked":["Clash","Warcry"],"picked":"Fiend Fire","floor":5},{"not_picked":["Clothesline","Rage","Clash"],"picked":"SKIP","floor":7},{"not_picked":["Entrench","Havoc","Cleave"],"picked":"SKIP","floor":12},{"not_picked":["Rage","Sever Soul","Fire Breathing"],"picked":"SKIP","floor":14},{"not_picked":["Fiend Fire","Reaper"],"picked":"Feed","floor":16},{"not_picked":["Wild Strike","Rage"],"picked":"Sword Boomerang","floor":18},{"not_picked":["Twin Strike","Clash+1"],"picked":"Spot Weakness+1","floor":22},{"not_picked":["Clash","Perfected Strike"],"picked":"Cleave+1","floor":25},{"not_picked":["Warcry","Clothesline+1"],"picked":"Immolate","floor":27},{"not_picked":["Offering","Sever Soul+1"],"picked":"Disarm+1","floor":29},{"not_picked":["Combust","Hemokinesis+1","Headbutt"],"picked":"SKIP","floor":30},{"not_picked":["Cleave","Carnage+1","Warcry"],"picked":"SKIP","floor":31}],"player_experience":331836,"relics_obtained":[{"floor":9,"key":"Oddly Smooth Stone"},{"floor":12,"key":"Happy Flower"},{"floor":14,"key":"Omamori"},{"floor":26,"key":"Old Coin"},{"floor":29,"key":"Incense Burner"}],"event_choices":[{"damage_healed":0,"gold_gain":0,"player_choice":"Upgraded","damage_taken":0,"max_hp_gain":0,"max_hp_loss":0,"event_name":"Upgrade Shrine","floor":3,"gold_loss":0,"cards_upgraded":["Bash"]},{"damage_healed":0,"gold_gain":75,"player_choice":"Gather Gold","damage_taken":11,"max_hp_gain":0,"max_hp_loss":0,"event_name":"World of Goop","floor":13,"gold_loss":0},{"damage_healed":0,"gold_gain":0,"player_choice":"Became a vampire","damage_taken":0,"max_hp_gain":0,"max_hp_loss":24,"event_name":"Vampires","floor":19,"gold_loss":0,"cards_obtained":["Bite","Bite","Bite","Bite","Bite"]},{"damage_healed":0,"gold_gain":0,"player_choice":"Fight","damage_taken":0,"max_hp_gain":0,"max_hp_loss":0,"event_name":"Colosseum","floor":20,"gold_loss":0},{"damage_healed":0,"gold_gain":0,"player_choice":"Fled From Nobs","damage_taken":0,"max_hp_gain":0,"max_hp_loss":0,"event_name":"Colosseum","floor":20,"gold_loss":0},{"damage_healed":0,"gold_gain":0,"player_choice":"Paid Fearfully","damage_taken":0,"max_hp_gain":0,"max_hp_loss":0,"event_name":"Masked Bandits","floor":24,"gold_loss":89}],"is_beta":false,"boss_relics":[{"not_picked":["Busted Crown","Black Star"],"picked":"Cursed Key"}],"items_purged_floors":[],"is_endless":false,"potions_floor_spawned":[1,2,18,22,25,29,30],"killed_by":"Collector","ascension_level":11}