{"gold_per_floor":[116,191,266,277,277,277,309,329,329,329,329,352,387,306,306,432,432,453,453,494,455,480,480,387,411,411,449,449,180,218,238,238,238],"floor_reached":33,"playtime":2897,"items_purged":[],"score":291,"play_id":"884a4b42-b687-4082-95c9-a07c045f1e0b","local_time":"20190517123334","is_ascension_mode":false,"campfire_choices":[{"data":"Deadly Poison","floor":6,"key":"SMITH"},{"floor":10,"key":"REST"},{"floor":15,"key":"REST"},{"floor":23,"key":"REST"},{"floor":32,"key":"REST"}],"neow_cost":"NONE","seed_source_timestamp":41569774178800,"circlet_count":0,"master_deck":["Defend_G+1","Defend_G+1","Defend_G+1","Defend_G+1","Defend_G+1","Strike_G+1","Strike_G+1","Strike_G+1","Strike_G+1","Strike_G+1","Survivor","Neutralize","Deadly Poison+1","Quick Slash","After Image","Backstab","Poisoned Stab","Infinite Blades","Predator","Bullet Time","Predator","Bouncing Flask","Noxious Fumes","Leg Sweep","Infinite Blades","Flying Knee","Backflip","Die Die Die","Acrobatics","Quick Slash","Terror","Poisoned Stab"],"relics":["Ring of the Snake","WingedGreaves","Bottled Flame","Golden Idol","Paper Crane","Velvet Choker","Red Mask","Gremlin Horn","Matryoshka","Lee\u0027s Waffle","Lantern"],"potions_floor_usage":[13],"damage_taken":[{"damage":0,"enemies":"Small Slimes","floor":1,"turns":7},{"damage":1,"enemies":"Cultist","floor":4,"turns":5},{"damage":13,"enemies":"Lagavulin","floor":7,"turns":7},{"damage":6,"enemies":"2 Louse","floor":8,"turns":2},{"damage":0,"enemies":"Blue Slaver","floor":12,"turns":4},{"damage":17,"enemies":"3 Sentries","floor":13,"turns":14},{"damage":32,"enemies":"Hexaghost","floor":16,"turns":10},{"damage":17,"enemies":"Spheric Guardian","floor":18,"turns":6},{"damage":25,"enemies":"Masked Bandits","floor":20,"turns":6},{"damage":0,"enemies":"3 Byrds","floor":22,"turns":6},{"damage":20,"enemies":"Sentry and Sphere","floor":25,"turns":6},{"damage":22,"enemies":"Book of Stabbing","floor":27,"turns":7},{"damage":13,"enemies":"Gremlin Leader","floor":30,"turns":7},{"damage":24,"enemies":"Cultist and Chosen","floor":31,"turns":7},{"damage":72,"enemies":"Champ","floor":33,"turns":10}],"seed_played":"-3929439243522130804","potions_obtained":[{"floor":4,"key":"Poison Potion"},{"floor":7,"key":"GamblersBrew"},{"floor":12,"key":"Poison Potion"},{"floor":13,"key":"Fire Potion"}],"is_trial":false,"path_per_floor":["M","?","?","M","?","R","E","M","T","R","?","M","E","$","R","B",null,"M","?","?","$","M","R","$","M","T","E","?","$","E","M","R","B"],"character_chosen":"THE_SILENT","items_purchased":["Predator","Noxious Fumes","Infinite Blades","Flying Knee","Acrobatics","Quick Slash","Lee\u0027s Waffle"],"campfire_rested":4,"item_purchase_floors":[14,21,24,24,29,29,29],"current_hp_per_floor":[77,66,59,58,58,58,45,39,39,62,62,62,45,45,66,34,71,54,54,29,29,29,50,50,30,30,8,8,78,65,41,64,0],"gold":238,"neow_bonus":"TEN_PERCENT_HP_BONUS","is_prod":false,"is_daily":false,"chose_seed":false,"campfire_upgraded":1,"win_rate":0.0,"timestamp":1558110814,"path_taken":["M","?","?","?","?","R","E","M","T","R","?","M","E","$","R","BOSS","M","?","?","$","M","R","$","M","T","E","?","$","E","M","R","BOSS"],"build_version":"2019-01-23","purchased_purges":0,"victory":false,"max_hp_per_floor":[77,77,77,77,77,77,77,77,77,77,71,71,71,71,71,71,71,71,71,71,71,71,71,71,71,71,71,71,78,78,78,78,78],"card_choices":[{"not_picked":["Dash","Well Laid Plans"],"picked":"Deadly Poison","floor":1},{"not_picked":["PiercingWail","Blade Dance"],"picked":"Quick Slash","floor":4},{"not_picked":["PiercingWail","Dagger Throw"],"picked":"After Image","floor":7},{"not_picked":["Underhanded Strike","Deflect"],"picked":"Backstab","floor":8},{"not_picked":["Outmaneuver","Prepared"],"picked":"Poisoned Stab","floor":12},{"not_picked":["Caltrops","Calculated Gamble"],"picked":"Infinite Blades","floor":13},{"not_picked":["Unload","Die Die Die"],"picked":"Bullet Time","floor":16},{"not_picked":["Sucker Punch","Dodge and Roll+1"],"picked":"Predator","floor":18},{"not_picked":["Slice","Underhanded Strike"],"picked":"Bouncing Flask","floor":20},{"not_picked":["Well Laid Plans","Prepared+1"],"picked":"Leg Sweep","floor":22},{"not_picked":["Prepared+1","Deflect"],"picked":"Backflip","floor":25},{"not_picked":["Underhanded Strike","Prepared+1"],"picked":"Die Die Die","floor":27},{"not_picked":["Prepared","Well Laid Plans"],"picked":"Terror","floor":30},{"not_picked":["Endless Agony","Sucker Punch"],"picked":"Poisoned Stab","floor":31}],"player_experience":1255,"relics_obtained":[{"floor":7,"key":"WingedGreaves"},{"floor":9,"key":"Bottled Flame"},{"floor":13,"key":"Paper Crane"},{"floor":20,"key":"Red Mask"},{"floor":26,"key":"Gremlin Horn"},{"floor":27,"key":"Matryoshka"},{"floor":30,"key":"Lantern"}],"event_choices":[{"damage_healed":0,"gold_gain":75,"player_choice":"Gather Gold","damage_taken":11,"max_hp_gain":0,"max_hp_loss":0,"event_name":"World of Goop","floor":2,"gold_loss":0},{"damage_healed":0,"gold_gain":75,"player_choice":"Touch","damage_taken":7,"max_hp_gain":0,"max_hp_loss":0,"event_name":"FaceTrader","floor":3,"gold_loss":0},{"damage_healed":0,"gold_gain":0,"player_choice":"Ignored","damage_taken":0,"max_hp_gain":0,"max_hp_loss":0,"event_name":"Golden Wing","floor":5,"gold_loss":0},{"damage_healed":0,"gold_gain":0,"player_choice":"Lose Max HP","damage_taken":0,"relics_obtained":["Golden Idol"],"max_hp_gain":0,"max_hp_loss":6,"event_name":"Golden Idol","floor":11,"gold_loss":0},{"damage_healed":0,"gold_gain":0,"player_choice":"Simplicity","damage_taken":0,"max_hp_gain":0,"max_hp_loss":0,"event_name":"Back to Basics","floor":19,"gold_loss":0,"cards_upgraded":["Defend_G","Defend_G","Defend_G","Defend_G","Defend_G","Strike_G","Strike_G","Strike_G","Strike_G","Strike_G"]},{"damage_healed":0,"gold_gain":0,"player_choice":"Fought Bandits","damage_taken":0,"max_hp_gain":0,"max_hp_loss":0,"event_name":"Masked Bandits","floor":20,"gold_loss":0},{"damage_healed":0,"gold_gain":0,"player_choice":"Ignored","damage_taken":0,"max_hp_gain":0,"max_hp_loss":0,"event_name":"Vampires","floor":28,"gold_loss":0}],"is_beta":false,"boss_relics":[{"not_picked":["White Beast Statue","Ring of the Serpent"],"picked":"Velvet Choker"}],"items_purged_floors":[],"is_endless":false,"potions_floor_spawned":[4,7,12,13,20,30,31],"killed_by":"Champ","ascension_level":0}