{"gold_per_floor":[115,115,115,125,125,151,151,170,220,220],"floor_reached":10,"playtime":377,"items_purged":[],"score":86,"play_id":"9efeb7c2-e41f-4e67-a7b9-6b114bdb9d0a","local_time":"20190509193134","is_ascension_mode":true,"campfire_choices":[{"data":"Armaments","floor":7,"key":"SMITH"}],"neow_cost":"CURSE","seed_source_timestamp":2179202140596158,"circlet_count":0,"master_deck":["Strike_R","Strike_R","Strike_R","Strike_R","Defend_R","Defend_R","Defend_R","Bash","Immolate","Reaper","Armaments+1","Dual Wield","Burning Pact"],"relics":["Burning Blood","Boot","Bronze Scales","Omamori"],"potions_floor_usage":[],"damage_taken":[{"damage":16,"enemies":"Small Slimes","floor":1,"turns":3},{"damage":0,"enemies":"2 Louse","floor":4,"turns":1},{"damage":48,"enemies":"Gremlin Nob","floor":6,"turns":5},{"damage":14,"enemies":"Cultist","floor":8,"turns":6},{"damage":61,"enemies":"Lagavulin","floor":10,"turns":6}],"seed_played":"-1081731412022412704","potions_obtained":[{"floor":6,"key":"EssenceOfSteel"}],"is_trial":false,"path_per_floor":["M","?","?","M","?","E","R","M","T","E"],"character_chosen":"IRONCLAD","items_purchased":[],"campfire_rested":0,"item_purchase_floors":[],"current_hp_per_floor":[70,63,68,74,74,42,42,39,39,0],"gold":220,"neow_bonus":"TRANSFORM_TWO_CARDS","is_prod":false,"is_daily":false,"chose_seed":false,"campfire_upgraded":1,"win_rate":0,"timestamp":1557444694,"path_taken":["M","?","?","M","?","E","R","?","T","E"],"build_version":"2019-01-23","purchased_purges":0,"victory":false,"max_hp_per_floor":[80,80,85,85,85,85,85,85,85,85],"card_choices":[{"not_picked":["Perfected Strike","Fire Breathing"],"picked":"Armaments","floor":1},{"not_picked":["Intimidate","Entrench"],"picked":"Dual Wield","floor":4},{"not_picked":["Reckless Charge","Clash"],"picked":"Burning Pact","floor":6},{"not_picked":["Body Slam","Havoc","Burning Pact"],"picked":"SKIP","floor":8}],"player_experience":208213,"relics_obtained":[{"floor":5,"key":"Boot"},{"floor":6,"key":"Bronze Scales"},{"floor":9,"key":"Omamori"}],"event_choices":[{"cards_removed":["Clumsy"],"damage_healed":0,"gold_gain":0,"player_choice":"Card Removal","damage_taken":7,"max_hp_gain":0,"max_hp_loss":0,"event_name":"Golden Wing","floor":2,"gold_loss":0},{"damage_healed":0,"gold_gain":0,"player_choice":"Donut","damage_taken":0,"max_hp_gain":5,"max_hp_loss":0,"event_name":"Big Fish","floor":3,"gold_loss":0},{"damage_healed":0,"gold_gain":0,"player_choice":"Relic","damage_taken":0,"max_hp_gain":0,"max_hp_loss":0,"event_name":"Wheel of Change","floor":5,"gold_loss":0}],"is_beta":false,"boss_relics":[],"items_purged_floors":[],"is_endless":false,"potions_floor_spawned":[6],"killed_by":"Lagavulin","ascension_level":6}