{"gold_per_floor":[117,135,44,54,54,54,71,71,71,102,102,87,87,105,105,203,203,220,240,254,169,188,188,215,215,215,225,243,278,158,6,6,111,111,126,126,226,15,33,33],"floor_reached":40,"playtime":3783,"items_purged":["Defend_B","Defend_B","Writhe"],"score":428,"play_id":"00cfb786-35ef-4efc-aa49-0873d8dbaa6b","local_time":"20190519025031","is_ascension_mode":false,"campfire_choices":[{"data":"Undo","floor":6,"key":"SMITH"},{"data":"Conserve Battery","floor":8,"key":"SMITH"},{"floor":11,"key":"REST"},{"floor":15,"key":"REST"},{"floor":23,"key":"REST"},{"floor":25,"key":"REST"},{"floor":32,"key":"REST"}],"neow_cost":"NONE","seed_source_timestamp":199103336196722,"circlet_count":0,"master_deck":["Strike_B","Strike_B","Strike_B","Defend_B","Defend_B","Zap","Dualcast","Undo+1","Conserve Battery+1","Hologram","Discovery+1","Conserve Battery","Echo Form","Hologram+1","Conserve Battery+1","Reboot+1","Finesse+1"],"relics":["Cracked Core","Cables","Letter Opener","FaceOfCleric","Lizard Tail","Blood Vial","Shuriken","Toxic Egg 2","Sundial","White Beast Statue","Prayer Wheel"],"potions_floor_usage":[22,28,28,29,33,33,37,39,40],"damage_taken":[{"damage":0,"enemies":"2 Louse","floor":1,"turns":2},{"damage":1,"enemies":"Jaw Worm","floor":2,"turns":4},{"damage":0,"enemies":"Cultist","floor":4,"turns":5},{"damage":11,"enemies":"Large Slime","floor":7,"turns":9},{"damage":42,"enemies":"Gremlin Nob","floor":10,"turns":6},{"damage":0,"enemies":"Exordium Thugs","floor":12,"turns":5},{"damage":0,"enemies":"Looter","floor":14,"turns":3},{"damage":29,"enemies":"The Guardian","floor":16,"turns":10},{"damage":11,"enemies":"Spheric Guardian","floor":18,"turns":7},{"damage":5,"enemies":"2 Thieves","floor":19,"turns":2},{"damage":5,"enemies":"Shelled Parasite and Fungi","floor":20,"turns":8},{"damage":6,"enemies":"Snake Plant","floor":22,"turns":6},{"damage":53,"enemies":"Book of Stabbing","floor":24,"turns":8},{"damage":4,"enemies":"Snecko","floor":27,"turns":6},{"damage":0,"enemies":"Shelled Parasite and Fungi","floor":28,"turns":7},{"damage":41,"enemies":"Slavers","floor":29,"turns":7},{"damage":36,"enemies":"Collector","floor":33,"turns":11},{"damage":20,"enemies":"3 Darklings","floor":35,"turns":5},{"damage":44,"enemies":"Mind Bloom Boss Battle","floor":37,"turns":11},{"damage":3,"enemies":"Orb Walker","floor":39,"turns":4},{"damage":115,"enemies":"Giant Head","floor":40,"turns":11}],"seed_played":"-2643235074967774898","potions_obtained":[{"floor":7,"key":"GamblersBrew"},{"floor":14,"key":"GamblersBrew"},{"floor":18,"key":"Weak Potion"},{"floor":24,"key":"Explosive Potion"},{"floor":27,"key":"Energy Potion"},{"floor":29,"key":"Swift Potion"},{"floor":35,"key":"AttackPotion"},{"floor":37,"key":"Weak Potion"},{"floor":39,"key":"Fire Potion"}],"is_trial":false,"path_per_floor":["M","M","$","M","?","R","M","R","T","E","R","M","?","M","R","B",null,"M","M","M","?","M","R","E","R","T","M","M","E","$","$","R","B",null,"M","?","?","$","M","E"],"character_chosen":"DEFECT","items_purchased":["Discovery","Conserve Battery+1","PowerPotion","Finesse+1"],"campfire_rested":5,"item_purchase_floors":[3,30,31,38],"current_hp_per_floor":[75,74,74,74,74,74,63,63,63,21,43,43,43,44,66,38,77,67,63,59,59,56,80,29,53,53,52,55,17,17,17,42,9,86,67,87,44,44,44,0],"gold":33,"neow_bonus":"TRANSFORM_CARD","is_prod":false,"is_daily":false,"chose_seed":false,"campfire_upgraded":2,"win_rate":0.0,"timestamp":1558248631,"path_taken":["M","M","$","M","?","R","M","R","T","E","R","M","?","M","R","BOSS","M","M","?","?","M","R","E","R","T","M","M","E","?","$","R","BOSS","M","?","?","$","M","E"],"build_version":"2019-01-23","purchased_purges":3,"victory":false,"max_hp_per_floor":[75,75,75,75,75,75,75,75,75,75,75,75,75,76,76,77,77,78,79,80,80,81,81,82,82,82,83,84,85,85,85,85,86,86,87,87,88,88,89,89],"card_choices":[{"not_picked":["Compile Driver","Stack"],"picked":"Conserve Battery","floor":1},{"not_picked":["Go for the Eyes","Barrage"],"picked":"Hologram","floor":2},{"not_picked":["Steam","Stack","Gash"],"picked":"SKIP","floor":4},{"not_picked":["Force Field","Reinforced Body","Amplify"],"picked":"SKIP","floor":7},{"not_picked":["Redo","Rebound"],"picked":"Conserve Battery","floor":10},{"not_picked":["Barrage","Genetic Algorithm","Turbo"],"picked":"SKIP","floor":12},{"not_picked":["Capacitor","Darkness","Barrage"],"picked":"SKIP","floor":14},{"not_picked":["Multi-Cast","Reboot"],"picked":"Echo Form","floor":16},{"not_picked":["Double Energy","Doom and Gloom","Chaos"],"picked":"SKIP","floor":18},{"not_picked":["Steam Power+1","Genetic Algorithm","Rebound+1"],"picked":"SKIP","floor":19},{"not_picked":["Steam","Beam Cell","Streamline+1"],"picked":"SKIP","floor":20},{"not_picked":["Beam Cell","Barrage","Redo+1"],"picked":"SKIP","floor":22},{"not_picked":["Consume","Multi-Cast","Steam"],"picked":"SKIP","floor":24},{"not_picked":["Chill+1","Turbo+1"],"picked":"Hologram+1","floor":27},{"not_picked":["Stack+1","BootSequence+1","Static Discharge"],"picked":"SKIP","floor":28},{"not_picked":["Coolheaded+1","Defragment","Rebound"],"picked":"SKIP","floor":29},{"not_picked":["Electrodynamics","Machine Learning"],"picked":"Reboot+1","floor":33},{"not_picked":["Cold Snap","Go for the Eyes+1","Ball Lightning"],"picked":"SKIP","floor":35},{"not_picked":["Beam Cell+1","Reinforced Body+1","Conserve Battery+1"],"picked":"SKIP","floor":39},{"not_picked":["Go for the Eyes","Beam Cell","Fusion+1"],"picked":"SKIP","floor":39}],"player_experience":251978,"relics_obtained":[{"floor":9,"key":"Cables"},{"floor":10,"key":"Letter Opener"},{"floor":24,"key":"Shuriken"},{"floor":26,"key":"Toxic Egg 2"},{"floor":29,"key":"Sundial"},{"floor":37,"key":"Prayer Wheel"}],"event_choices":[{"damage_healed":0,"gold_gain":0,"player_choice":"Grow","damage_taken":0,"max_hp_gain":0,"max_hp_loss":0,"event_name":"Living Wall","floor":5,"gold_loss":0,"cards_upgraded":["Discovery"]},{"damage_healed":0,"gold_gain":0,"player_choice":"Trade","damage_taken":0,"relics_obtained":["FaceOfCleric"],"max_hp_gain":0,"max_hp_loss":0,"event_name":"FaceTrader","floor":13,"gold_loss":0},{"damage_healed":0,"gold_gain":0,"player_choice":"Obtained Relic","damage_taken":0,"relics_obtained":["Blood Vial"],"max_hp_gain":0,"max_hp_loss":0,"event_name":"Addict","floor":21,"gold_loss":85},{"damage_healed":22,"gold_gain":0,"player_choice":"Writhe","damage_taken":0,"max_hp_gain":0,"max_hp_loss":0,"event_name":"Winding Halls","floor":36,"gold_loss":0,"cards_obtained":["Writhe"]},{"damage_healed":0,"gold_gain":0,"player_choice":"Fight","damage_taken":0,"max_hp_gain":0,"max_hp_loss":0,"event_name":"MindBloom","floor":37,"gold_loss":0}],"is_beta":false,"boss_relics":[{"not_picked":["Snecko Eye","Tiny House"],"picked":"Lizard Tail"},{"not_picked":["Philosopher\u0027s Stone","Pandora\u0027s Box"],"picked":"White Beast Statue"}],"items_purged_floors":[30,31,38],"is_endless":false,"potions_floor_spawned":[7,14,18,24,27,29,35,37,39],"killed_by":"Giant Head","ascension_level":0}