{"gold_per_floor":[117,117,67,15,15,15,48,48,118,118,133,133,147,179,179,280,280,280,280,280,280,280,280,280,280,280,280,280,280,280,205,205,205],"floor_reached":33,"playtime":1097,"items_purged":[],"score":293,"play_id":"d45e43a7-fe2b-40e6-a128-b483d9cb4660","local_time":"20190419222430","is_ascension_mode":false,"campfire_choices":[{"data":"Zap","floor":8,"key":"SMITH"},{"data":"Chaos","floor":10,"key":"SMITH"},{"data":"Electrodynamics","floor":12,"key":"SMITH"},{"data":"FTL","floor":15,"key":"SMITH"},{"data":"Storm","floor":24,"key":"SMITH"},{"floor":27,"key":"REST"},{"floor":32,"key":"RECALL"}],"neow_cost":"NONE","seed_source_timestamp":258047436908164,"circlet_count":0,"master_deck":["Strike_B","Defend_B","Defend_B","Defend_B","Defend_B","Zap+1","Dualcast+1","Electrodynamics+1","Conserve Battery","Turbo","Chaos+1","Sweeping Beam","Ball Lightning","FTL+1","Echo Form","Darkness+1","Chill","Genetic Algorithm+1","Storm+1","Glacier+1","Coolheaded+1"],"relics":["Cracked Core","Bag of Preparation","Kunai","Boot","Ectoplasm","Strawberry","Pocketwatch","Pantograph","GremlinMask"],"potions_floor_usage":[20],"damage_taken":[{"damage":6,"enemies":"Jaw Worm","floor":1,"turns":2},{"damage":5,"enemies":"3 Sentries","floor":7,"turns":3},{"damage":0,"enemies":"2 Louse","floor":11,"turns":1},{"damage":0,"enemies":"Small Slimes","floor":13,"turns":2},{"damage":23,"enemies":"Gremlin Nob","floor":14,"turns":4},{"damage":24,"enemies":"Hexaghost","floor":16,"turns":8},{"damage":0,"enemies":"2 Thieves","floor":18,"turns":1},{"damage":0,"enemies":"Spheric Guardian","floor":19,"turns":3},{"damage":5,"enemies":"Centurion and Healer","floor":20,"turns":2},{"damage":0,"enemies":"3 Cultists","floor":21,"turns":3},{"damage":44,"enemies":"Gremlin Leader","floor":23,"turns":5},{"damage":28,"enemies":"Slavers","floor":25,"turns":3},{"damage":5,"enemies":"Sentry and Sphere","floor":28,"turns":3},{"damage":3,"enemies":"Snecko","floor":30,"turns":4},{"damage":16,"enemies":"Champ","floor":33,"turns":9}],"seed_played":"-6222673815632186330","potions_obtained":[{"floor":14,"key":"Energy Potion"},{"floor":19,"key":"Swift Potion"},{"floor":21,"key":"GamblersBrew"},{"floor":28,"key":"SmokeBomb"}],"is_trial":false,"path_per_floor":["M","?","?","$","?","?","E","R","T","R","M","R","M","E","R","B",null,"M","M","M","M","$","E","R","E","T","R","M","?","M","?","R","B"],"character_chosen":"DEFECT","items_purchased":["Turbo"],"campfire_rested":1,"item_purchase_floors":[4],"current_hp_per_floor":[69,69,69,69,62,62,57,57,57,57,57,57,57,34,34,10,75,75,75,70,70,70,33,33,5,5,29,24,24,21,21,21,30],"gold":205,"neow_bonus":"ONE_RANDOM_RARE_CARD","is_prod":false,"is_daily":false,"chose_seed":false,"campfire_upgraded":5,"win_rate":0,"timestamp":1555680270,"path_taken":["M","?","?","$","?","?","E","R","T","R","M","R","?","E","R","BOSS","M","M","M","M","$","E","R","E","T","R","M","?","?","?","R","BOSS"],"build_version":"2019-01-23","purchased_purges":0,"victory":false,"max_hp_per_floor":[75,75,75,75,75,75,75,75,75,75,75,75,75,75,75,75,75,75,75,75,75,75,82,82,82,82,82,82,82,82,82,82,82],"card_choices":[{"not_picked":["Steam","Rip and Tear"],"picked":"Conserve Battery","floor":1},{"not_picked":["Leap","Buffer"],"picked":"Chaos","floor":7},{"not_picked":["Leap","Stack"],"picked":"Sweeping Beam","floor":11},{"not_picked":["Streamline","Redo"],"picked":"Ball Lightning","floor":13},{"not_picked":["Leap","Beam Cell"],"picked":"FTL","floor":14},{"not_picked":["Thunder Strike","Buffer"],"picked":"Echo Form","floor":16},{"not_picked":["Double Energy","Gash","Hologram"],"picked":"SKIP","floor":18},{"not_picked":["Force Field","Turbo"],"picked":"Darkness+1","floor":19},{"not_picked":["Aggregate","Cold Snap"],"picked":"Chill","floor":20},{"not_picked":["Go for the Eyes","Conserve Battery"],"picked":"Genetic Algorithm+1","floor":21},{"not_picked":["Leap","Redo"],"picked":"Storm","floor":23},{"not_picked":["Beam Cell+1","Meteor Strike","Stack+1"],"picked":"SKIP","floor":25},{"not_picked":["Streamline","Lockon"],"picked":"Glacier+1","floor":28},{"not_picked":["Scrape","Conserve Battery"],"picked":"Coolheaded+1","floor":30}],"player_experience":305269,"relics_obtained":[{"floor":7,"key":"Bag of Preparation"},{"floor":9,"key":"Kunai"},{"floor":14,"key":"Boot"},{"floor":23,"key":"Strawberry"},{"floor":25,"key":"Pocketwatch"},{"floor":26,"key":"Pantograph"}],"event_choices":[{"damage_healed":0,"gold_gain":0,"player_choice":"Grow","damage_taken":0,"max_hp_gain":0,"max_hp_loss":0,"event_name":"Living Wall","floor":2,"gold_loss":0,"cards_upgraded":["Dualcast"]},{"cards_removed":["Strike_B"],"damage_healed":0,"gold_gain":0,"player_choice":"Card Removal","damage_taken":0,"max_hp_gain":0,"max_hp_loss":0,"event_name":"The Cleric","floor":3,"gold_loss":50},{"cards_removed":["Strike_B"],"damage_healed":0,"gold_gain":0,"player_choice":"Card Removal","damage_taken":7,"max_hp_gain":0,"max_hp_loss":0,"event_name":"Golden Wing","floor":5,"gold_loss":0},{"cards_removed":["Strike_B"],"damage_healed":0,"gold_gain":0,"player_choice":"Took Card","damage_taken":0,"max_hp_gain":0,"max_hp_loss":0,"event_name":"NoteForYourself","floor":6,"gold_loss":0,"cards_obtained":["Havoc"]},{"damage_healed":0,"gold_gain":0,"player_choice":"Trade","damage_taken":0,"relics_obtained":["GremlinMask"],"max_hp_gain":0,"max_hp_loss":0,"event_name":"FaceTrader","floor":29,"gold_loss":0},{"cards_removed":["Havoc"],"damage_healed":0,"gold_gain":0,"player_choice":"Gave Gold","damage_taken":0,"max_hp_gain":0,"max_hp_loss":0,"event_name":"Beggar","floor":31,"gold_loss":75}],"is_beta":false,"boss_relics":[{"not_picked":["Empty Cage","Astrolabe"],"picked":"Ectoplasm"}],"items_purged_floors":[],"is_endless":false,"potions_floor_spawned":[14,19,21,28],"killed_by":"Champ","ascension_level":0}