{"gold_per_floor":[113,113,113,113,132,132,132,176,176,176,176,189,464,497,497,618,618,641,556,556,312,355,394,394,409,435,460,483,506,506,575,575,695,695,720,720,474,494,454,454,233,247,273,296,296,319,652,652,652,652,652,652,129,162,162],"floor_reached":56,"playtime":2850,"items_purged":["Pain","Strike_B"],"score":1244,"play_id":"59026687-7cc9-4e7e-81c3-63918630bcd0","local_time":"20190420163507","is_ascension_mode":false,"campfire_choices":[{"data":"Zap","floor":6,"key":"SMITH"},{"data":"Dualcast","floor":11,"key":"SMITH"},{"data":"Recycle","floor":15,"key":"SMITH"},{"data":"Chill","floor":24,"key":"SMITH"},{"floor":30,"key":"REST"},{"data":"Recycle","floor":32,"key":"SMITH"},{"floor":40,"key":"RECALL"},{"data":"Defragment","floor":45,"key":"SMITH"},{"data":"Steam Power","floor":49,"key":"SMITH"},{"data":"Madness","floor":52,"key":"SMITH"}],"neow_cost":"NONE","seed_source_timestamp":321716507205204,"circlet_count":0,"master_deck":["Strike_B+1","Strike_B","Defend_B","Defend_B","Defend_B","Defend_B","Zap+1","Dualcast+1","Strike_B","Ball Lightning+1","All For One","Recycle+1","Conserve Battery","Core Surge+1","Chill+1","Violence","Hologram+1","Hello World+1","Recycle+1","Reboot","Chill","Madness+1","Madness","Madness","White Noise+1","Madness","Defragment+1","Steam Power+1","Mayhem","Capacitor"],"relics":["Cracked Core","NeowsBlessing","Dead Branch","Emotion Chip","Kunai","WarpedTongs","Gremlin Horn","Sozu","Pear","Red Mask","Dream Catcher","Anchor","Lantern","Empty Cage","Happy Flower","Centennial Puzzle","Bottled Flame","Runic Capacitor","Bag of Preparation","Whetstone"],"potions_floor_usage":[20,20],"damage_taken":[{"damage":0,"enemies":"2 Louse","floor":1,"turns":1},{"damage":0,"enemies":"Small Slimes","floor":5,"turns":1},{"damage":0,"enemies":"Gremlin Nob","floor":8,"turns":1},{"damage":2,"enemies":"Cultist","floor":12,"turns":2},{"damage":9,"enemies":"3 Sentries","floor":14,"turns":5},{"damage":43,"enemies":"Slime Boss","floor":16,"turns":9},{"damage":5,"enemies":"Shell Parasite","floor":18,"turns":3},{"damage":19,"enemies":"Colosseum Slavers","floor":20,"turns":3},{"damage":8,"enemies":"Colosseum Nobs","floor":20,"turns":2},{"damage":10,"enemies":"Masked Bandits","floor":22,"turns":3},{"damage":9,"enemies":"Gremlin Leader","floor":23,"turns":7},{"damage":2,"enemies":"2 Thieves","floor":25,"turns":3},{"damage":20,"enemies":"Chosen and Byrds","floor":28,"turns":5},{"damage":8,"enemies":"Cultist and Chosen","floor":29,"turns":5},{"damage":12,"enemies":"Collector","floor":33,"turns":10},{"damage":0,"enemies":"3 Shapes","floor":35,"turns":4},{"damage":0,"enemies":"Orb Walker","floor":38,"turns":1},{"damage":10,"enemies":"Writhing Mass","floor":42,"turns":4},{"damage":10,"enemies":"Spire Growth","floor":44,"turns":5},{"damage":0,"enemies":"4 Shapes","floor":46,"turns":4},{"damage":32,"enemies":"Awakened One","floor":50,"turns":7},{"damage":4,"enemies":"Shield and Spear","floor":54,"turns":5},{"damage":46,"enemies":"The Heart","floor":55,"turns":7}],"seed_played":"-8043749757245142707","potions_obtained":[{"floor":14,"key":"SmokeBomb"},{"floor":16,"key":"Explosive Potion"}],"is_trial":false,"path_per_floor":["M","?","?","?","M","R","T","E","T","?","R","M","?","E","R","B",null,"M","?","?","$","?","E","R","M","T","T","M","M","R","T","R","B",null,"M","?","$","M","?","R","$","M","T","M","R","M","?","T","R","B",null,"R","$","E","B",null],"character_chosen":"DEFECT","items_purchased":["Violence","Happy Flower","Madness","Madness","Defragment","Runic Capacitor","Bag of Preparation","Mayhem"],"campfire_rested":1,"item_purchase_floors":[21,37,37,41,41,53,53,53],"current_hp_per_floor":[75,75,57,57,57,57,57,57,57,57,57,55,55,46,46,3,75,70,80,53,53,43,34,34,32,32,32,12,4,29,29,29,17,85,85,74,74,74,74,74,74,64,64,54,54,54,54,54,54,22,85,85,85,81,35],"gold":162,"neow_bonus":"THREE_ENEMY_KILL","is_prod":false,"is_daily":false,"chose_seed":false,"campfire_upgraded":8,"win_rate":0,"timestamp":1555745707,"path_taken":["M","?","?","?","?","R","?","E","T","?","R","?","?","E","R","BOSS","M","?","?","$","?","E","R","M","T","?","M","?","R","?","R","BOSS","M","?","$","M","?","R","$","M","T","M","R","?","?","?","R","BOSS","R","$","E","BOSS"],"build_version":"2019-01-23","purchased_purges":2,"victory":true,"max_hp_per_floor":[75,75,75,75,75,75,75,75,75,75,75,75,75,75,75,75,75,75,85,85,85,85,85,85,85,85,85,85,85,85,85,85,85,85,85,85,85,85,85,85,85,85,85,85,85,85,85,85,85,85,85,85,85,85,85],"card_choices":[{"not_picked":["Rebound","Lockon"],"picked":"Ball Lightning","floor":1},{"not_picked":["Melter","Sunder"],"picked":"Ball Lightning","floor":5},{"not_picked":["Beam Cell","Barrage"],"picked":"All For One","floor":8},{"not_picked":["Streamline","Sweeping Beam"],"picked":"Recycle","floor":12},{"not_picked":["Reprogram","Steam"],"picked":"Conserve Battery","floor":14},{"not_picked":["Hyperbeam","Amplify"],"picked":"Core Surge","floor":16},{"not_picked":["Hologram","Barrage+1"],"picked":"Chill","floor":18},{"not_picked":["Cold Snap","Heatsinks+1","Streamline"],"picked":"SKIP","floor":23},{"not_picked":["FTL+1","Beam Cell"],"picked":"Hologram","floor":25},{"not_picked":["Compile Driver+1","Fusion+1"],"picked":"Hello World+1","floor":28},{"not_picked":["Rebound+1","Barrage","Undo"],"picked":"SKIP","floor":29},{"not_picked":["Gash","Capacitor"],"picked":"Recycle","floor":30},{"not_picked":["Multi-Cast","Core Surge"],"picked":"Reboot","floor":33},{"not_picked":["Fusion+1","Stack"],"picked":"Chill","floor":35},{"not_picked":["Steam","Leap+1"],"picked":"White Noise+1","floor":38},{"not_picked":["Reprogram+1","Heatsinks+1","Doom and Gloom"],"picked":"SKIP","floor":42},{"not_picked":["Sweeping Beam+1","Hello World+1","Capacitor+1"],"picked":"SKIP","floor":44},{"not_picked":["Rebound+1","Steam"],"picked":"Steam Power","floor":46},{"not_picked":["Conserve Battery+1","Melter+1"],"picked":"Capacitor","floor":54}],"player_experience":317873,"relics_obtained":[{"floor":7,"key":"Dead Branch"},{"floor":8,"key":"Emotion Chip"},{"floor":9,"key":"Kunai"},{"floor":14,"key":"Gremlin Horn"},{"floor":22,"key":"Red Mask"},{"floor":23,"key":"Dream Catcher"},{"floor":26,"key":"Anchor"},{"floor":27,"key":"Lantern"},{"floor":43,"key":"Centennial Puzzle"},{"floor":48,"key":"Bottled Flame"},{"floor":54,"key":"Whetstone"}],"event_choices":[{"damage_healed":0,"gold_gain":0,"player_choice":"Leave","damage_taken":0,"max_hp_gain":0,"max_hp_loss":0,"event_name":"The Cleric","floor":2,"gold_loss":0},{"damage_healed":0,"gold_gain":0,"player_choice":"Take Damage","damage_taken":18,"relics_obtained":["Golden Idol"],"max_hp_gain":0,"max_hp_loss":0,"event_name":"Golden Idol","floor":3,"gold_loss":0},{"cards_removed":["Ball Lightning"],"damage_healed":0,"gold_gain":0,"player_choice":"Took Card","damage_taken":0,"max_hp_gain":0,"max_hp_loss":0,"event_name":"NoteForYourself","floor":4,"gold_loss":0,"cards_obtained":["Strike_B"]},{"damage_healed":0,"gold_gain":0,"player_choice":"Rummage","damage_taken":0,"relics_obtained":["WarpedTongs"],"max_hp_gain":0,"max_hp_loss":0,"event_name":"Accursed Blacksmith","floor":10,"gold_loss":0,"cards_obtained":["Pain"]},{"damage_healed":0,"gold_gain":275,"player_choice":"Desecrate","damage_taken":0,"max_hp_gain":0,"max_hp_loss":0,"event_name":"Golden Shrine","floor":13,"gold_loss":0,"cards_obtained":["Regret"]},{"damage_healed":0,"gold_gain":0,"player_choice":"Obtained Relic","damage_taken":0,"relics_obtained":["Pear"],"max_hp_gain":0,"max_hp_loss":0,"event_name":"Addict","floor":19,"gold_loss":85},{"damage_healed":0,"gold_gain":0,"player_choice":"Fight","damage_taken":0,"max_hp_gain":0,"max_hp_loss":0,"event_name":"Colosseum","floor":20,"gold_loss":0},{"damage_healed":0,"gold_gain":0,"player_choice":"Fought Nobs","damage_taken":0,"max_hp_gain":0,"max_hp_loss":0,"event_name":"Colosseum","floor":20,"gold_loss":0},{"damage_healed":0,"gold_gain":0,"player_choice":"Fought Bandits","damage_taken":0,"max_hp_gain":0,"max_hp_loss":0,"event_name":"Masked Bandits","floor":22,"gold_loss":0},{"damage_healed":0,"gold_gain":0,"player_choice":"Embrace Madness","damage_taken":11,"max_hp_gain":0,"max_hp_loss":0,"event_name":"Winding Halls","floor":36,"gold_loss":0,"cards_obtained":["Madness","Madness"]},{"damage_healed":0,"gold_gain":0,"player_choice":"Upgraded Two","damage_taken":0,"max_hp_gain":0,"max_hp_loss":0,"event_name":"Designer","floor":39,"gold_loss":40,"cards_upgraded":["Strike_B","Hologram"]},{"damage_healed":0,"gold_gain":333,"player_choice":"Gave Idol","damage_taken":0,"max_hp_gain":0,"max_hp_loss":0,"event_name":"The Moai Head","floor":47,"relics_lost":["Golden Idol"],"gold_loss":0}],"is_beta":false,"boss_relics":[{"not_picked":["Runic Dome","Philosopher\u0027s Stone"],"picked":"Sozu"},{"not_picked":["Snecko Eye","Coffee Dripper"],"picked":"Empty Cage"}],"items_purged_floors":[21,41],"is_endless":false,"potions_floor_spawned":[14,16,20,25,28,44,46],"ascension_level":0}