{"gold_per_floor":[118,118,29,49,49,49,77,77,77,87,101,130,130,141,141,213,213,225,243,243],"floor_reached":20,"playtime":670,"items_purged":[],"score":418,"play_id":"08293e57-45de-4209-b4ba-66d6f7857c49","local_time":"20190408162438","is_ascension_mode":true,"campfire_choices":[{"data":"Bash","floor":6,"key":"SMITH"},{"data":"Immolate","floor":8,"key":"SMITH"},{"data":"Feel No Pain","floor":15,"key":"SMITH"}],"neow_cost":"NONE","seed_source_timestamp":251112583573119,"circlet_count":0,"master_deck":["AscendersBane","Strike_R","Strike_R","Strike_R","Strike_R","Defend_R","Defend_R","Defend_R","Defend_R","Bash+1","Sword Boomerang","Immolate+1","Feel No Pain+1","Burning Pact","Uppercut+1","Dark Embrace"],"relics":["Burning Blood","NeowsBlessing","Oddly Smooth Stone","Boot","Vajra","Runic Pyramid"],"potions_floor_usage":[16,19],"damage_taken":[{"damage":0,"enemies":"Small Slimes","floor":1,"turns":1},{"damage":0,"enemies":"Cultist","floor":4,"turns":1},{"damage":0,"enemies":"Lagavulin","floor":7,"turns":2},{"damage":9,"enemies":"Jaw Worm","floor":10,"turns":2},{"damage":10,"enemies":"Looter","floor":11,"turns":4},{"damage":15,"enemies":"3 Sentries","floor":12,"turns":5},{"damage":4,"enemies":"2 Fungi Beasts","floor":14,"turns":2},{"damage":57,"enemies":"The Guardian","floor":16,"turns":12},{"damage":33,"enemies":"3 Byrds","floor":18,"turns":4},{"damage":38,"enemies":"Spheric Guardian","floor":19,"turns":7},{"damage":20,"enemies":"Chosen and Byrds","floor":20,"turns":4}],"seed_played":"-1766739063428487950","potions_obtained":[{"floor":7,"key":"BloodPotion"},{"floor":11,"key":"SkillPotion"},{"floor":19,"key":"GamblersBrew"}],"is_trial":false,"path_per_floor":["M","?","$","M","$","R","E","R","T","M","M","E","?","M","R","B",null,"M","M","M"],"character_chosen":"IRONCLAD","items_purchased":["Feel No Pain"],"campfire_rested":0,"item_purchase_floors":[3],"current_hp_per_floor":[74,74,74,75,75,75,75,75,75,72,68,59,59,61,61,10,59,32,7,0],"gold":243,"neow_bonus":"THREE_ENEMY_KILL","is_prod":false,"is_daily":false,"chose_seed":false,"campfire_upgraded":3,"win_rate":0,"timestamp":1554755078,"path_taken":["M","?","$","M","$","R","E","R","T","M","?","E","?","M","R","BOSS","M","M","M"],"build_version":"2019-01-23","purchased_purges":0,"victory":false,"max_hp_per_floor":[75,75,75,75,75,75,75,75,75,75,75,75,75,75,75,75,75,75,75,75],"card_choices":[{"not_picked":["Blood for Blood","Flex"],"picked":"Sword Boomerang","floor":1},{"not_picked":["Havoc","Heavy Blade","Carnage"],"picked":"SKIP","floor":4},{"not_picked":["Sword Boomerang","Warcry"],"picked":"Burning Pact","floor":7},{"not_picked":["Headbutt","Sever Soul","Havoc"],"picked":"SKIP","floor":10},{"not_picked":["Flex","Wild Strike","Brutality"],"picked":"SKIP","floor":11},{"not_picked":["Inflame","Intimidate"],"picked":"Uppercut","floor":12},{"not_picked":["Iron Wave","Thunderclap","Pommel Strike"],"picked":"SKIP","floor":14},{"not_picked":["Bludgeon","Exhume"],"picked":"Dark Embrace","floor":16},{"not_picked":["Twin Strike","Anger","Perfected Strike+1"],"picked":"SKIP","floor":18},{"not_picked":["Infernal Blade","Anger","Sword Boomerang"],"picked":"SKIP","floor":19}],"player_experience":550141,"relics_obtained":[{"floor":7,"key":"Oddly Smooth Stone"},{"floor":9,"key":"Boot"},{"floor":12,"key":"Vajra"}],"event_choices":[{"damage_healed":0,"gold_gain":0,"cards_transformed":["Strike_R"],"player_choice":"Transformed","damage_taken":0,"max_hp_gain":0,"max_hp_loss":0,"event_name":"Transmorgrifier","floor":2,"gold_loss":0,"cards_obtained":["Immolate"]},{"damage_healed":0,"gold_gain":0,"player_choice":"Grow","damage_taken":0,"max_hp_gain":0,"max_hp_loss":0,"event_name":"Living Wall","floor":13,"gold_loss":0,"cards_upgraded":["Uppercut"]}],"is_beta":false,"boss_relics":[{"not_picked":["Eternal Feather","Ectoplasm"],"picked":"Runic Pyramid"}],"items_purged_floors":[],"is_endless":false,"potions_floor_spawned":[7,11,14,19],"killed_by":"Chosen and Byrds","ascension_level":20}