{"gold_per_floor":[112,112,112,127,127,127,127,127,151,171,171,26,69,81,93,105],"floor_reached":16,"playtime":291,"items_purged":[],"score":146,"play_id":"b91f05a5-fce2-40e7-b92f-634fa8599323","local_time":"20190424155709","daily_mods":["Heirloom","Time Dilation","Flight"],"is_ascension_mode":false,"campfire_choices":[{"data":"Zap","floor":6,"key":"SMITH"},{"data":"Dualcast","floor":8,"key":"SMITH"},{"data":"Leap","floor":11,"key":"SMITH"},{"data":"FTL","floor":15,"key":"SMITH"}],"neow_cost":"","seed_source_timestamp":0,"circlet_count":0,"master_deck":["Strike_B","Strike_B","Strike_B","Strike_B","Defend_B","Defend_B","Zap+1","Dualcast+1","Steam","Leap+1","Steam","Storm","FTL+1","Sweeping Beam"],"relics":["Cracked Core","FossilizedHelix","Golden Idol","Dodecahedron","Regal Pillow","MawBank"],"potions_floor_usage":[13],"damage_taken":[{"damage":0,"enemies":"Jaw Worm","floor":1,"turns":3},{"damage":0,"enemies":"Cultist","floor":4,"turns":3},{"damage":0,"enemies":"2 Louse","floor":10,"turns":2},{"damage":7,"enemies":"3 Sentries","floor":13,"turns":6},{"damage":16,"enemies":"Slime Boss","floor":16,"turns":7}],"seed_played":"-2494143956321348400","potions_obtained":[{"floor":1,"key":"Regen Potion"},{"floor":4,"key":"Poison Potion"}],"is_trial":true,"path_per_floor":["M","?","?","M","T","R","?","R","T","M","R","$","E","?","R","B"],"character_chosen":"DEFECT","items_purchased":["Storm","FTL"],"campfire_rested":0,"item_purchase_floors":[12,12],"current_hp_per_floor":[75,57,57,57,57,57,57,57,57,57,57,57,50,50,50,34],"gold":105,"neow_bonus":"","is_prod":false,"is_daily":false,"chose_seed":false,"campfire_upgraded":4,"win_rate":0,"timestamp":1556089029,"path_taken":["M","?","?","?","?","R","?","R","T","?","R","?","E","?","R","BOSS"],"build_version":"2019-01-23","purchased_purges":0,"victory":false,"max_hp_per_floor":[75,75,75,75,75,75,75,75,75,75,75,75,75,75,75,75],"card_choices":[{"not_picked":["Gash","Reinforced Body"],"picked":"Steam","floor":1},{"not_picked":["Rebound","Stack"],"picked":"Leap","floor":4},{"not_picked":["Redo","Barrage"],"picked":"Steam","floor":10},{"not_picked":["Rip and Tear","Force Field"],"picked":"Sweeping Beam","floor":13}],"player_experience":358637,"relics_obtained":[{"floor":5,"key":"Dodecahedron"},{"floor":9,"key":"Regal Pillow"},{"floor":13,"key":"MawBank"}],"event_choices":[{"damage_healed":0,"gold_gain":0,"player_choice":"Take Damage","damage_taken":18,"relics_obtained":["Golden Idol"],"max_hp_gain":0,"max_hp_loss":0,"event_name":"Golden Idol","floor":2,"gold_loss":0},{"cards_removed":["Defend_B"],"damage_healed":0,"gold_gain":0,"player_choice":"Purged","damage_taken":0,"max_hp_gain":0,"max_hp_loss":0,"event_name":"Purifier","floor":3,"gold_loss":0},{"cards_removed":["Defend_B"],"damage_healed":0,"gold_gain":0,"player_choice":"Offered Basic","damage_taken":0,"max_hp_gain":0,"max_hp_loss":0,"event_name":"Bonfire Elementals","floor":7,"gold_loss":0},{"damage_healed":0,"gold_gain":0,"player_choice":"Ignored","damage_taken":0,"max_hp_gain":0,"max_hp_loss":0,"event_name":"Golden Wing","floor":14,"gold_loss":0}],"is_beta":false,"boss_relics":[],"items_purged_floors":[],"is_endless":true,"potions_floor_spawned":[1,4],"killed_by":"Slime Boss","ascension_level":0}