{"gold_per_floor":[109,121,135,151,165,182,207,221,244,257,257,274,274,309,309,412,412,431,68,88,100,111,111,11,11,80,80,80,97,114,132,132,231,231,242,262,262,277,73,73],"floor_reached":40,"playtime":3291,"items_purged":["Defend_B","Strike_B"],"score":433,"play_id":"d0e82848-a6bb-4f5e-808a-0fe4a7327c65","local_time":"20190518005353","is_ascension_mode":false,"campfire_choices":[{"floor":11,"key":"REST"},{"floor":13,"key":"REST"},{"data":"Defragment","floor":15,"key":"SMITH"},{"floor":23,"key":"REST"},{"data":"Capacitor","floor":28,"key":"SMITH"},{"data":"Chaos","floor":32,"key":"SMITH"}],"neow_cost":"NONE","seed_source_timestamp":106189981521531,"circlet_count":0,"master_deck":["Strike_B","Strike_B","Defend_B","Defend_B","Defend_B","Zap","Dualcast","Fusion","Capacitor+1","Barrage","Defragment+1","Glacier","Coolheaded","Chaos+1","FTL","Barrage","Coolheaded","Cold Snap","Reboot","Coolheaded","Glacier","Barrage","Chaos","Fusion","Glacier","Heatsinks","Creative AI","Barrage+1","Chaos+1"],"relics":["Cracked Core","Omamori","Pen Nib","Blood Vial","Orrery","Bronze Scales","Art of War","Mummified Hand","Inserter","DollysMirror"],"potions_floor_usage":[4,6,8,12,16,22,33,38,40],"damage_taken":[{"damage":0,"enemies":"Cultist","floor":1,"turns":4},{"damage":0,"enemies":"Small Slimes","floor":2,"turns":3},{"damage":0,"enemies":"2 Louse","floor":3,"turns":4},{"damage":48,"enemies":"Exordium Thugs","floor":4,"turns":7},{"damage":2,"enemies":"Blue Slaver","floor":5,"turns":5},{"damage":4,"enemies":"Exordium Wildlife","floor":6,"turns":9},{"damage":15,"enemies":"3 Sentries","floor":7,"turns":11},{"damage":7,"enemies":"Gremlin Gang","floor":8,"turns":7},{"damage":2,"enemies":"Blue Slaver","floor":10,"turns":4},{"damage":7,"enemies":"Exordium Thugs","floor":12,"turns":5},{"damage":3,"enemies":"Lagavulin","floor":14,"turns":7},{"damage":23,"enemies":"Slime Boss","floor":16,"turns":8},{"damage":21,"enemies":"3 Byrds","floor":18,"turns":6},{"damage":13,"enemies":"Spheric Guardian","floor":20,"turns":4},{"damage":8,"enemies":"Shelled Parasite and Fungi","floor":21,"turns":7},{"damage":23,"enemies":"Snake Plant","floor":22,"turns":4},{"damage":0,"enemies":"Centurion and Healer","floor":29,"turns":5},{"damage":0,"enemies":"Snecko","floor":30,"turns":7},{"damage":4,"enemies":"Cultist and Chosen","floor":31,"turns":6},{"damage":9,"enemies":"Collector","floor":33,"turns":15},{"damage":7,"enemies":"Orb Walker","floor":35,"turns":5},{"damage":26,"enemies":"3 Darklings","floor":36,"turns":7},{"damage":31,"enemies":"Jaw Worm Horde","floor":38,"turns":7},{"damage":23,"enemies":"Reptomancer","floor":40,"turns":2}],"seed_played":"5740763764406802142","potions_obtained":[{"floor":2,"key":"Weak Potion"},{"floor":4,"key":"Strength Potion"},{"floor":5,"key":"SpeedPotion"},{"floor":7,"key":"Regen Potion"},{"floor":10,"key":"AttackPotion"},{"floor":20,"key":"FearPotion"},{"floor":21,"key":"Poison Potion"},{"floor":22,"key":"Ancient Potion"},{"floor":30,"key":"FocusPotion"},{"floor":38,"key":"Fire Potion"}],"is_trial":false,"path_per_floor":["M","M","M","M","M","M","E","M","T","M","R","M","R","E","R","B",null,"M","$","M","M","M","R","$","?","T","?","R","M","M","M","R","B",null,"M","M","?","M","$","E"],"character_chosen":"DEFECT","items_purchased":["Bronze Scales","Art of War","DollysMirror"],"campfire_rested":3,"item_purchase_floors":[19,19,39],"current_hp_per_floor":[75,75,75,27,25,21,6,14,14,12,34,27,49,46,46,25,75,54,54,43,37,16,38,38,63,63,63,63,65,67,65,65,58,75,68,44,44,15,15,0],"gold":73,"neow_bonus":"THREE_CARDS","is_prod":false,"is_daily":false,"chose_seed":false,"campfire_upgraded":3,"win_rate":0.0,"timestamp":1558155233,"path_taken":["M","M","?","M","M","M","E","M","T","M","R","M","R","E","R","BOSS","M","$","M","?","M","R","?","?","T","?","R","M","M","M","R","BOSS","M","?","?","M","$","E"],"build_version":"2019-01-23","purchased_purges":2,"victory":false,"max_hp_per_floor":[75,75,75,75,75,75,75,75,75,75,75,75,75,75,75,75,75,75,75,75,75,75,75,75,75,75,75,75,75,75,75,75,75,75,75,75,75,75,75,75],"card_choices":[{"not_picked":["Tempest","Scrape"],"picked":"Fusion","floor":0},{"not_picked":["Gash","Go for the Eyes"],"picked":"Capacitor","floor":1},{"not_picked":["Scrape","Rebound"],"picked":"Barrage","floor":2},{"not_picked":["Coolheaded","Turbo"],"picked":"Defragment","floor":3},{"not_picked":["Turbo","Aggregate"],"picked":"Glacier","floor":4},{"not_picked":["Go for the Eyes","Genetic Algorithm"],"picked":"Coolheaded","floor":5},{"not_picked":["Rebound","Lockon"],"picked":"Chaos","floor":6},{"not_picked":["Auto Shields","Storm"],"picked":"Chill","floor":7},{"not_picked":["Beam Cell","Lockon"],"picked":"FTL","floor":8},{"not_picked":["Turbo","Scrape"],"picked":"Barrage","floor":10},{"not_picked":["Beam Cell","Reboot"],"picked":"Coolheaded","floor":12},{"not_picked":["Turbo","Loop"],"picked":"Cold Snap","floor":14},{"not_picked":["Electrodynamics","Rainbow"],"picked":"Reboot","floor":16},{"not_picked":["Ball Lightning","Static Discharge"],"picked":"Coolheaded","floor":17},{"not_picked":["Steam","FTL"],"picked":"Glacier","floor":17},{"not_picked":["Sweeping Beam","Beam Cell"],"picked":"Barrage","floor":17},{"not_picked":["Conserve Battery","Streamline"],"picked":"Chaos","floor":17},{"not_picked":["Sweeping Beam","Hello World"],"picked":"Fusion","floor":17},{"not_picked":["Reinforced Body","Scrape","Sunder"],"picked":"SKIP","floor":18},{"not_picked":["Cold Snap","Stack+1","Rebound"],"picked":"SKIP","floor":20},{"not_picked":["Seek","Darkness","Sunder"],"picked":"SKIP","floor":21},{"not_picked":["Auto Shields","Undo"],"picked":"Glacier","floor":22},{"not_picked":["Reinforced Body","Conserve Battery","Sweeping Beam"],"picked":"SKIP","floor":29},{"not_picked":["Steam","Aggregate","Turbo"],"picked":"SKIP","floor":30},{"not_picked":["Go for the Eyes+1","Rebound"],"picked":"Heatsinks","floor":31},{"not_picked":["Meteor Strike","Echo Form"],"picked":"Creative AI","floor":33},{"not_picked":["Go for the Eyes+1","Genetic Algorithm+1","Lockon"],"picked":"SKIP","floor":35},{"not_picked":["Beam Cell","Barrage+1","Steam+1"],"picked":"SKIP","floor":36},{"not_picked":["Rainbow","Ball Lightning"],"picked":"Barrage+1","floor":38}],"player_experience":226517,"relics_obtained":[{"floor":7,"key":"Omamori"},{"floor":9,"key":"Pen Nib"},{"floor":14,"key":"Blood Vial"},{"floor":26,"key":"Mummified Hand"}],"event_choices":[{"damage_healed":25,"gold_gain":0,"player_choice":"Heal","damage_taken":0,"max_hp_gain":0,"max_hp_loss":0,"event_name":"The Library","floor":25,"gold_loss":0},{"cards_removed":["Strike_B"],"damage_healed":0,"gold_gain":0,"player_choice":"Offered Basic","damage_taken":0,"max_hp_gain":0,"max_hp_loss":0,"event_name":"Bonfire Elementals","floor":27,"gold_loss":0},{"cards_removed":["Chill"],"damage_healed":0,"gold_gain":0,"player_choice":"Removed Skill","damage_taken":0,"max_hp_gain":0,"max_hp_loss":0,"event_name":"Falling","floor":37,"gold_loss":0}],"is_beta":false,"boss_relics":[{"not_picked":["Black Star","Eternal Feather"],"picked":"Orrery"},{"not_picked":["Sozu","Runic Pyramid"],"picked":"Inserter"}],"items_purged_floors":[19,24],"is_endless":false,"potions_floor_spawned":[2,4,5,7,10,20,21,22,30,38],"killed_by":"Reptomancer","ascension_level":0}