{"gold_per_floor":[113,113,132,132,219,257,269,300,380,392,465,477,290,309,309,414,414,434,360,360,373,386,386,397,397,397,411,429,11,11],"floor_reached":30,"playtime":924,"items_purged":[],"score":255,"play_id":"b5a70156-db6e-499c-b27c-80373ee36a80","local_time":"20190430210007","is_ascension_mode":false,"campfire_choices":[{"data":"Ball Lightning","floor":7,"key":"SMITH"},{"data":"Redo","floor":10,"key":"SMITH"},{"data":"Coolheaded","floor":15,"key":"SMITH"},{"data":"Biased Cognition","floor":23,"key":"SMITH"},{"data":"Tempest","floor":25,"key":"SMITH"}],"neow_cost":"NONE","seed_source_timestamp":7404823478800,"circlet_count":0,"master_deck":["Strike_B","Strike_B","Strike_B","Strike_B","Defend_B","Defend_B","Defend_B","Defend_B","Zap+1","Dualcast","Ball Lightning+1","Coolheaded","Go for the Eyes","Redo+1","Coolheaded+1","Biased Cognition+1","Tempest+1","Finesse","Panacea","White Noise","Go for the Eyes+1","Leap+1","Loop+1","Defragment"],"relics":["Cracked Core","NeowsBlessing","MawBank","Oddly Smooth Stone","Cables","Chemical X","Nuclear Battery","Pocketwatch","HandDrill","Regal Pillow"],"potions_floor_usage":[8],"damage_taken":[{"damage":0,"enemies":"2 Louse","floor":1,"turns":1},{"damage":0,"enemies":"Jaw Worm","floor":3,"turns":1},{"damage":0,"enemies":"3 Sentries","floor":6,"turns":1},{"damage":0,"enemies":"Small Slimes","floor":8,"turns":1},{"damage":4,"enemies":"3 Louse","floor":14,"turns":2},{"damage":30,"enemies":"The Guardian","floor":16,"turns":12},{"damage":0,"enemies":"Spheric Guardian","floor":18,"turns":3},{"damage":22,"enemies":"Shell Parasite","floor":21,"turns":3},{"damage":0,"enemies":"Cultist and Chosen","floor":22,"turns":4},{"damage":15,"enemies":"Centurion and Healer","floor":24,"turns":5},{"damage":0,"enemies":"Snake Plant","floor":27,"turns":3},{"damage":12,"enemies":"Shelled Parasite and Fungi","floor":28,"turns":4},{"damage":0,"enemies":"Cultist and Chosen","floor":30,"turns":1}],"seed_played":"6193461089161540598","potions_obtained":[{"floor":6,"key":"Fire Potion"},{"floor":18,"key":"Strength Potion"},{"floor":27,"key":"Poison Potion"},{"floor":28,"key":"PowerPotion"}],"is_trial":false,"path_per_floor":["M","?","M","?","?","E","R","M","T","R","?","?","$","M","R","B",null,"M","$","?","M","M","R","M","R","T","M","M","$","M"],"character_chosen":"DEFECT","items_purchased":["Chemical X","Tempest","Defragment","HandDrill","Regal Pillow"],"campfire_rested":0,"item_purchase_floors":[13,19,29,29,29],"current_hp_per_floor":[75,75,75,63,52,52,52,52,52,52,52,52,52,48,48,18,75,75,75,54,32,32,32,17,17,17,17,5,5,5],"gold":11,"neow_bonus":"THREE_ENEMY_KILL","is_prod":false,"is_daily":false,"chose_seed":false,"campfire_upgraded":5,"win_rate":0,"timestamp":1556647207,"path_taken":["M","?","M","?","?","E","R","M","T","R","?","?","$","M","R","BOSS","M","$","?","M","M","R","M","R","T","M","M","$","M"],"build_version":"2019-01-23","purchased_purges":0,"victory":false,"max_hp_per_floor":[75,75,75,75,75,75,75,75,75,75,75,75,75,75,75,75,75,75,75,75,75,75,75,75,75,75,75,75,75,75],"card_choices":[{"not_picked":["Chaos","Cold Snap"],"picked":"Ball Lightning","floor":1},{"not_picked":["Sweeping Beam","Hologram"],"picked":"Coolheaded","floor":3},{"not_picked":["Reprogram","Auto Shields"],"picked":"Go for the Eyes","floor":6},{"not_picked":["Barrage","Steam"],"picked":"Redo","floor":8},{"not_picked":["Reboot","Turbo"],"picked":"Coolheaded","floor":14},{"not_picked":["Echo Form","Fission"],"picked":"Biased Cognition","floor":16},{"not_picked":["Hologram","Gash","Beam Cell"],"picked":"SKIP","floor":18},{"not_picked":["Steam Power","Conserve Battery"],"picked":"White Noise","floor":21},{"not_picked":["Redo","Undo"],"picked":"Go for the Eyes+1","floor":22},{"not_picked":["BootSequence+1","Coolheaded"],"picked":"Leap+1","floor":24},{"not_picked":["Sweeping Beam","Skim"],"picked":"Loop+1","floor":27},{"not_picked":["Sweeping Beam","Capacitor","Auto Shields+1"],"picked":"SKIP","floor":28}],"player_experience":274216,"relics_obtained":[{"floor":6,"key":"Oddly Smooth Stone"},{"floor":9,"key":"Cables"},{"floor":26,"key":"Pocketwatch"}],"event_choices":[{"damage_healed":0,"gold_gain":0,"player_choice":"Grow","damage_taken":0,"max_hp_gain":0,"max_hp_loss":0,"event_name":"Living Wall","floor":2,"gold_loss":0,"cards_upgraded":["Zap"]},{"damage_healed":0,"gold_gain":0,"player_choice":"Success","damage_taken":12,"relics_obtained":["MawBank"],"max_hp_gain":0,"max_hp_loss":0,"event_name":"Scrap Ooze","floor":4,"gold_loss":0},{"damage_healed":0,"gold_gain":75,"player_choice":"Gather Gold","damage_taken":11,"max_hp_gain":0,"max_hp_loss":0,"event_name":"World of Goop","floor":5,"gold_loss":0},{"damage_healed":0,"gold_gain":61,"player_choice":"Gained Gold","damage_taken":0,"max_hp_gain":0,"max_hp_loss":0,"event_name":"Golden Wing","floor":11,"gold_loss":0},{"damage_healed":0,"gold_gain":0,"player_choice":"Ignored","damage_taken":0,"max_hp_gain":0,"max_hp_loss":0,"event_name":"Liars Game","floor":12,"gold_loss":0},{"damage_healed":0,"gold_gain":0,"player_choice":"CARD CARD ","damage_taken":21,"max_hp_gain":0,"max_hp_loss":0,"event_name":"Knowing Skull","floor":20,"potions_obtained":[],"gold_loss":0,"cards_obtained":["Finesse","Panacea"]}],"is_beta":false,"boss_relics":[{"not_picked":["Fusion Hammer","Coffee Dripper"],"picked":"Nuclear Battery"}],"items_purged_floors":[],"is_endless":false,"potions_floor_spawned":[6,18,27,28],"killed_by":"Cultist and Chosen","ascension_level":0}