{"gold_per_floor":[111,6,6,106,116,148,163,163,241,273,287,316,316,91,91,189,189,203,213,213,113,113,147,147,176,176,187,207,207],"floor_reached":29,"playtime":3810,"items_purged":["Defend_G","Survivor"],"score":295,"play_id":"54424250-5fa2-4bbf-acff-981f77093f3b","local_time":"20190108013246","is_ascension_mode":true,"campfire_choices":[{"floor":8,"key":"REST"},{"floor":13,"key":"REST"},{"data":"Noxious Fumes","floor":15,"key":"SMITH"},{"floor":24,"key":"REST"}],"neow_cost":"NONE","seed_source_timestamp":457776865862872,"circlet_count":0,"master_deck":["Defend_G","Defend_G+1","Defend_G+1","Strike_G","Strike_G","Strike_G","Strike_G","Strike_G","Neutralize","Slice","Noxious Fumes","Backflip","Slice","Noxious Fumes","Malaise","Cloak And Dagger","Flying Knee","Bane","Noxious Fumes+1","Well Laid Plans","Glass Knife","Envenom","Flying Knee","Leg Sweep","Infinite Blades","Bane+1"],"relics":["WristBlade","War Paint","PreservedInsect","Ancient Tea Set","Fusion Hammer","Blue Candle","Darkstone Periapt","Bag of Marbles"],"potions_floor_usage":[10,12,16,19,20,20],"damage_taken":[{"damage":2,"enemies":"Small Slimes","floor":1,"turns":4},{"damage":1,"enemies":"Jaw Worm","floor":5,"turns":4},{"damage":21,"enemies":"Lagavulin","floor":6,"turns":6},{"damage":0,"enemies":"Cultist","floor":7,"turns":3},{"damage":9,"enemies":"Gremlin Nob","floor":10,"turns":4},{"damage":0,"enemies":"2 Fungi Beasts","floor":11,"turns":3},{"damage":22,"enemies":"3 Sentries","floor":12,"turns":6},{"damage":14,"enemies":"Slime Boss","floor":16,"turns":8},{"damage":14,"enemies":"Shell Parasite","floor":18,"turns":4},{"damage":9,"enemies":"Spheric Guardian","floor":19,"turns":5},{"damage":9,"enemies":"Colosseum Slavers","floor":20,"turns":4},{"damage":33,"enemies":"Book of Stabbing","floor":23,"turns":5},{"damage":23,"enemies":"Slavers","floor":25,"turns":5},{"damage":22,"enemies":"Cultist and Chosen","floor":27,"turns":5},{"damage":1,"enemies":"Centurion and Healer","floor":28,"turns":6},{"damage":20,"enemies":"Shelled Parasite and Fungi","floor":29,"turns":3}],"seed_played":"-1841241490523870019","potions_obtained":[{"floor":5,"key":"Fire Potion"},{"floor":6,"key":"Dexterity Potion"},{"floor":10,"key":"SteroidPotion"},{"floor":16,"key":"Fire Potion"},{"floor":18,"key":"Block Potion"},{"floor":19,"key":"Poison Potion"}],"is_trial":false,"path_per_floor":["M","$","?","?","M","E","M","R","T","E","M","E","R","$","R","B",null,"M","M","?","$","?","E","R","E","T","M","M","M"],"character_chosen":"THE_SILENT","items_purchased":["Noxious Fumes","Backflip","Well Laid Plans","Glass Knife"],"campfire_rested":3,"item_purchase_floors":[2,2,14,14],"current_hp_per_floor":[68,68,68,68,67,46,46,67,67,58,58,36,57,57,57,43,70,56,47,38,38,61,28,49,26,26,4,3,0],"gold":207,"neow_bonus":"BOSS_RELIC","is_prod":false,"is_daily":false,"chose_seed":false,"campfire_upgraded":1,"win_rate":0,"timestamp":1546903966,"path_taken":["M","$","?","?","M","E","?","R","T","E","M","E","R","$","R","BOSS","M","M","?","$","?","E","R","E","T","M","M","M"],"build_version":"2019-01-03v4","purchased_purges":2,"victory":false,"max_hp_per_floor":[70,70,70,70,70,70,70,70,70,70,70,70,70,70,70,70,70,70,70,70,70,70,70,70,70,70,70,70,70],"card_choices":[{"not_picked":["Outmaneuver","Cloak And Dagger"],"picked":"Slice","floor":1},{"not_picked":["Dagger Spray","Flying Knee"],"picked":"Noxious Fumes","floor":5},{"not_picked":["Poisoned Stab","Predator"],"picked":"Malaise","floor":6},{"not_picked":["Dodge and Roll","PiercingWail"],"picked":"Cloak And Dagger","floor":7},{"not_picked":["Dodge and Roll","Deadly Poison"],"picked":"Flying Knee","floor":10},{"not_picked":["Predator","Prepared"],"picked":"Bane","floor":11},{"not_picked":["Finisher","Phantasmal Killer"],"picked":"Noxious Fumes","floor":12},{"not_picked":["Glass Knife","After Image"],"picked":"Envenom","floor":16},{"not_picked":["Poisoned Stab","Acrobatics+1"],"picked":"Flying Knee","floor":18},{"not_picked":["Underhanded Strike","Sucker Punch","Deflect"],"picked":"SKIP","floor":19},{"not_picked":["Dagger Spray","Dodge and Roll"],"picked":"Leg Sweep","floor":23},{"not_picked":["Venomology","Dash"],"picked":"Infinite Blades","floor":25},{"not_picked":["Blade Dance","Dagger Spray+1"],"picked":"Bane+1","floor":27},{"not_picked":["Backflip","Underhanded Strike","Quick Slash"],"picked":"SKIP","floor":28}],"player_experience":131806,"relics_obtained":[{"floor":6,"key":"War Paint"},{"floor":10,"key":"PreservedInsect"},{"floor":12,"key":"Ancient Tea Set"},{"floor":23,"key":"Blue Candle"},{"floor":25,"key":"Darkstone Periapt"},{"floor":26,"key":"Bag of Marbles"}],"event_choices":[{"damage_healed":0,"gold_gain":0,"cards_transformed":["Defend_G"],"player_choice":"Change","damage_taken":0,"max_hp_gain":0,"max_hp_loss":0,"event_name":"Living Wall","floor":3,"gold_loss":0,"cards_obtained":["Slice"]},{"damage_healed":0,"gold_gain":100,"player_choice":"Gold","damage_taken":0,"max_hp_gain":0,"max_hp_loss":0,"event_name":"Wheel of Change","floor":4,"gold_loss":0},{"damage_healed":0,"gold_gain":0,"player_choice":"Fight","damage_taken":0,"max_hp_gain":0,"max_hp_loss":0,"event_name":"Colosseum","floor":20,"gold_loss":0},{"damage_healed":0,"gold_gain":0,"player_choice":"Fled From Nobs","damage_taken":0,"max_hp_gain":0,"max_hp_loss":0,"event_name":"Colosseum","floor":20,"gold_loss":0},{"damage_healed":23,"gold_gain":0,"player_choice":"Heal","damage_taken":0,"max_hp_gain":0,"max_hp_loss":0,"event_name":"The Library","floor":22,"gold_loss":0}],"is_beta":false,"boss_relics":[{"not_picked":["Lizard Tail","White Beast Statue"],"picked":"Fusion Hammer"}],"items_purged_floors":[14,21],"is_endless":false,"potions_floor_spawned":[5,6,10,16,18,19],"killed_by":"Shelled Parasite and Fungi","ascension_level":1}