{"gold_per_floor":[119,139,150,162,172,206,226,226,226,301,301,331,331,53,53,149,149,164,16,28,47,47,47,73,86,86,86,99,99,99,133,133,238,238,253,267,267,280,290,319,319,349,373,38,367,382,382,30,30,30],"floor_reached":51,"playtime":3150,"items_purged":["Pain","Strike_R+1","Strike_R+1"],"score":954,"play_id":"7586c293-8931-4822-94e0-a65da68e2e3f","local_time":"20181113230031","is_ascension_mode":true,"campfire_choices":[{"floor":8,"key":"REST"},{"data":"Bash","floor":11,"key":"SMITH"},{"floor":13,"key":"REST"},{"data":"Clothesline","floor":15,"key":"SMITH"},{"data":"Flame Barrier","floor":23,"key":"SMITH"},{"floor":27,"key":"REST"},{"data":"Disarm","floor":32,"key":"SMITH"},{"data":"Brutality","floor":41,"key":"SMITH"},{"floor":47,"key":"REST"},{"data":"Heavy Blade","floor":49,"key":"SMITH"}],"neow_cost":"CURSE","seed_source_timestamp":63461223519161,"circlet_count":0,"master_deck":["Defend_R+1","Defend_R+1","Defend_R+1","Defend_R+1","Bash+1","Offering","Clothesline+1","Flame Barrier+1","Pommel Strike","Thunderclap","Twin Strike","Offering","Anger","Reaper","Shrug It Off","Exhume","Fiend Fire+1","Blood for Blood+1","Impervious+1","Pummel","Corruption","Pummel","Shockwave","Disarm+1","Rupture","Brutality+1","Sword Boomerang+1","Limit Break","Battle Trance","Warcry+1","Heavy Blade+1","Second Wind+1","Disarm"],"relics":["Burning Blood","Paper Frog","Ornamental Fan","Vajra","Happy Flower","Astrolabe","Bronze Scales","Mercury Hourglass","The Courier","Bag of Preparation","Black Star","Art of War","Red Skull","Dodecahedron","Sundial","PreservedInsect","Membership Card","Bottled Lightning","Old Coin","StoneCalendar","Mango","Orichalcum"],"potions_floor_usage":[6,24,25,42,42,48,50,50,50],"damage_taken":[{"damage":4,"enemies":"Small Slimes","floor":1,"turns":3},{"damage":12,"enemies":"Cultist","floor":2,"turns":3},{"damage":3,"enemies":"2 Louse","floor":3,"turns":2},{"damage":12,"enemies":"Looter","floor":4,"turns":3},{"damage":32,"enemies":"Exordium Thugs","floor":5,"turns":7},{"damage":26,"enemies":"3 Sentries","floor":6,"turns":7},{"damage":11,"enemies":"Exordium Wildlife","floor":7,"turns":4},{"damage":28,"enemies":"Gremlin Nob","floor":12,"turns":4},{"damage":12,"enemies":"Slime Boss","floor":16,"turns":5},{"damage":6,"enemies":"Chosen","floor":18,"turns":2},{"damage":7,"enemies":"2 Thieves","floor":20,"turns":2},{"damage":12,"enemies":"Centurion and Healer","floor":21,"turns":5},{"damage":46,"enemies":"Gremlin Leader","floor":24,"turns":4},{"damage":16,"enemies":"Sentry and Sphere","floor":25,"turns":3},{"damage":6,"enemies":"Snecko","floor":28,"turns":4},{"damage":6,"enemies":"Book of Stabbing","floor":31,"turns":3},{"damage":56,"enemies":"Automaton","floor":33,"turns":9},{"damage":7,"enemies":"Orb Walker","floor":35,"turns":3},{"damage":9,"enemies":"3 Shapes","floor":36,"turns":2},{"damage":21,"enemies":"3 Darklings","floor":38,"turns":4},{"damage":16,"enemies":"Jaw Worm Horde","floor":39,"turns":4},{"damage":25,"enemies":"Nemesis","floor":40,"turns":5},{"damage":16,"enemies":"Reptomancer","floor":42,"turns":2},{"damage":10,"enemies":"Nemesis","floor":45,"turns":3},{"damage":10,"enemies":"Transient","floor":46,"turns":5},{"damage":29,"enemies":"Time Eater","floor":50,"turns":7}],"seed_played":"-2961349278141623390","potions_obtained":[{"floor":2,"key":"Ancient Potion"},{"floor":3,"key":"EssenceOfSteel"},{"floor":5,"key":"Block Potion"},{"floor":16,"key":"SkillPotion"},{"floor":24,"key":"Regen Potion"},{"floor":28,"key":"GamblersBrew"},{"floor":39,"key":"PowerPotion"},{"floor":45,"key":"SteroidPotion"}],"is_trial":false,"path_per_floor":["M","M","M","M","M","E","M","R","T","?","R","E","R","$","R","B",null,"M","$","M","M","$","R","E","M","T","R","M","?","?","E","R","B",null,"M","M","?","M","M","E","R","E","T","$","E","M","R","$","R","B",null],"character_chosen":"IRONCLAD","items_purchased":["Happy Flower","Shrug It Off","Bronze Scales","Membership Card","Heavy Blade","Bottled Lightning","Fruit Juice","Disarm","Mango","Orichalcum","EntropicBrew"],"campfire_rested":4,"item_purchase_floors":[14,14,19,44,44,44,48,48,48,48,48],"current_hp_per_floor":[80,74,77,71,45,25,20,44,44,36,36,14,38,38,38,32,80,80,80,79,73,73,73,33,32,32,56,56,56,56,56,56,18,80,80,77,77,68,70,51,51,41,41,41,37,41,65,84,84,61],"gold":30,"neow_bonus":"THREE_RARE_CARDS","is_prod":false,"is_daily":false,"chose_seed":false,"campfire_upgraded":6,"win_rate":0,"timestamp":1542168031,"path_taken":["M","M","M","M","M","E","M","R","T","?","R","E","R","$","R","BOSS","M","?","M","M","$","R","E","M","T","R","M","?","?","E","R","BOSS","M","M","?","M","M","E","R","E","T","$","E","M","R","$","R","BOSS"],"build_version":"2018-11-08","purchased_purges":3,"victory":true,"max_hp_per_floor":[80,80,80,80,80,80,80,80,80,80,80,80,80,80,80,80,80,80,80,80,80,80,80,80,80,80,80,80,80,80,80,80,80,80,80,80,80,80,80,80,80,80,80,80,80,80,80,99,99,99],"card_choices":[{"not_picked":["Impervious","Bludgeon"],"picked":"Offering","floor":0},{"not_picked":["Hemokinesis","Warcry"],"picked":"Clothesline","floor":1},{"not_picked":["Havoc","Clothesline"],"picked":"Flame Barrier","floor":2},{"not_picked":["Shrug It Off","Sentinel"],"picked":"Pommel Strike","floor":3},{"not_picked":["Flame Barrier","Dropkick"],"picked":"Thunderclap","floor":4},{"not_picked":["Heavy Blade","Flame Barrier"],"picked":"Twin Strike","floor":5},{"not_picked":["Clothesline","Havoc"],"picked":"Offering","floor":6},{"not_picked":["Wild Strike","Power Through"],"picked":"Anger","floor":7},{"not_picked":["Sword Boomerang","Perfected Strike"],"picked":"Reaper","floor":12},{"not_picked":["Brutality","Double Tap"],"picked":"Exhume","floor":16},{"not_picked":["Flex","Perfected Strike"],"picked":"Pummel","floor":18},{"not_picked":["Flex","Berserk"],"picked":"Corruption","floor":20},{"not_picked":["Wild Strike","Entrench"],"picked":"Pummel","floor":21},{"not_picked":["Iron Wave+1","Warcry+1"],"picked":"Shockwave","floor":24},{"not_picked":["Sword Boomerang","Shrug It Off","Iron Wave"],"picked":"SKIP","floor":25},{"not_picked":["Perfected Strike","Clash","Havoc"],"picked":"SKIP","floor":28},{"not_picked":["Battle Trance","True Grit"],"picked":"Rupture","floor":31},{"not_picked":["Barricade","Dark Embrace"],"picked":"Brutality","floor":33},{"not_picked":["Heavy Blade","Havoc+1"],"picked":"Sword Boomerang+1","floor":35},{"not_picked":["Clash+1","Headbutt","Uppercut"],"picked":"SKIP","floor":36},{"not_picked":["Perfected Strike+1","Carnage"],"picked":"Limit Break","floor":38},{"not_picked":["Uppercut+1","Wild Strike"],"picked":"Battle Trance","floor":39},{"not_picked":["Reaper","Armaments"],"picked":"Warcry+1","floor":40},{"not_picked":["Infernal Blade","Burning Pact","Disarm"],"picked":"SKIP","floor":42},{"not_picked":["Fiend Fire","Searing Blow"],"picked":"Second Wind+1","floor":45},{"not_picked":["Perfected Strike+1","Sword Boomerang","Seeing Red"],"picked":"SKIP","floor":46}],"player_experience":127934,"relics_obtained":[{"floor":6,"key":"Paper Frog"},{"floor":9,"key":"Ornamental Fan"},{"floor":12,"key":"Vajra"},{"floor":24,"key":"Mercury Hourglass"},{"floor":26,"key":"The Courier"},{"floor":31,"key":"Bag of Preparation"},{"floor":40,"key":"Art of War"},{"floor":40,"key":"Red Skull"},{"floor":42,"key":"Dodecahedron"},{"floor":42,"key":"Sundial"},{"floor":43,"key":"PreservedInsect"},{"floor":45,"key":"Old Coin"},{"floor":45,"key":"StoneCalendar"}],"event_choices":[{"damage_healed":0,"gold_gain":75,"player_choice":"Touch","damage_taken":8,"max_hp_gain":0,"max_hp_loss":0,"event_name":"FaceTrader","floor":10,"gold_loss":0},{"damage_healed":0,"gold_gain":0,"player_choice":"Read","damage_taken":0,"max_hp_gain":0,"max_hp_loss":0,"event_name":"The Library","floor":29,"gold_loss":0,"cards_obtained":["Disarm"]},{"damage_healed":0,"gold_gain":0,"player_choice":"Simplicity","damage_taken":0,"max_hp_gain":0,"max_hp_loss":0,"event_name":"Back to Basics","floor":30,"gold_loss":0,"cards_upgraded":["Strike_R","Strike_R","Defend_R","Defend_R","Defend_R","Defend_R"]},{"damage_healed":0,"gold_gain":0,"player_choice":"Ignored","damage_taken":0,"max_hp_gain":0,"max_hp_loss":0,"event_name":"Mysterious Sphere","floor":37,"gold_loss":0}],"is_beta":false,"boss_relics":[{"not_picked":["Black Blood","Runic Dome"],"picked":"Astrolabe"},{"not_picked":["Philosopher\u0027s Stone","Tiny House"],"picked":"Black Star"}],"items_purged_floors":[14,44,48],"is_endless":false,"potions_floor_spawned":[2,3,5,16,21,24,28,35,39,40,45],"ascension_level":1}