{"gold_per_floor":[109,109,128,148,148,148,48,48,121,147,162,162,225,55,55,154,154,172,182,102,116,116],"floor_reached":22,"playtime":684,"items_purged":["Decay","Writhe"],"score":184,"play_id":"b158b1b5-a5e5-40d4-9676-a56fd48d7550","local_time":"20190420104606","is_ascension_mode":false,"campfire_choices":[{"data":"Zap","floor":6,"key":"SMITH"},{"data":"Dualcast","floor":8,"key":"SMITH"},{"data":"Lockon","floor":12,"key":"SMITH"},{"data":"Conserve Battery","floor":15,"key":"SMITH"}],"neow_cost":"NONE","seed_source_timestamp":302959500239575,"circlet_count":0,"master_deck":["Strike_B","Strike_B","Strike_B","Strike_B","Defend_B","Defend_B","Defend_B","Defend_B","Zap+1","Dualcast+1","FTL","Lockon+1","Leap","Compile Driver","Conserve Battery+1","Compile Driver","Magnetism+1","Machine Learning+1","Parasite","Decay","Storm+1","Capacitor+1","Turbo+1","BootSequence"],"relics":["Cracked Core","NeowsBlessing","Symbiotic Virus","Frozen Egg 2","DataDisk","Prayer Wheel","Calling Bell","Regal Pillow","The Courier","Pocketwatch"],"potions_floor_usage":[10,13,21],"damage_taken":[{"damage":0,"enemies":"2 Louse","floor":1,"turns":1},{"damage":0,"enemies":"Cultist","floor":3,"turns":1},{"damage":0,"enemies":"Small Slimes","floor":4,"turns":1},{"damage":9,"enemies":"3 Sentries","floor":10,"turns":6},{"damage":3,"enemies":"Looter","floor":11,"turns":2},{"damage":16,"enemies":"Lagavulin Event","floor":13,"turns":4},{"damage":6,"enemies":"Slime Boss","floor":16,"turns":6},{"damage":24,"enemies":"Chosen","floor":18,"turns":5},{"damage":2,"enemies":"Spheric Guardian","floor":19,"turns":3},{"damage":25,"enemies":"Snake Plant","floor":21,"turns":3},{"damage":41,"enemies":"Snecko","floor":22,"turns":5}],"seed_played":"232472750443647438","potions_obtained":[{"floor":1,"key":"Fire Potion"},{"floor":4,"key":"Energy Potion"},{"floor":10,"key":"Regen Potion"},{"floor":11,"key":"Energy Potion"},{"floor":16,"key":"Weak Potion"},{"floor":21,"key":"Strength Potion"}],"is_trial":false,"path_per_floor":["M","?","M","M","?","R","$","R","T","E","M","R","?","$","R","B",null,"M","M","$","M","M"],"character_chosen":"DEFECT","items_purchased":["Compile Driver","Magnetism+1"],"campfire_rested":0,"item_purchase_floors":[7,14],"current_hp_per_floor":[75,75,75,75,68,68,68,68,68,59,56,56,40,40,40,34,75,51,49,49,29,0],"gold":116,"neow_bonus":"THREE_ENEMY_KILL","is_prod":false,"is_daily":false,"chose_seed":false,"campfire_upgraded":4,"win_rate":0,"timestamp":1555724766,"path_taken":["M","?","?","M","?","R","$","R","T","E","M","R","?","$","R","BOSS","M","M","$","M","M"],"build_version":"2019-01-23","purchased_purges":2,"victory":false,"max_hp_per_floor":[75,75,75,75,75,75,75,75,75,75,75,75,75,75,75,75,75,75,75,75,75,75],"card_choices":[{"not_picked":["Barrage","Recycle"],"picked":"FTL","floor":1},{"not_picked":["Stack","Compile Driver"],"picked":"Lockon","floor":3},{"not_picked":["Scrape","Capacitor"],"picked":"Leap","floor":4},{"not_picked":["Fusion","Rip and Tear"],"picked":"Conserve Battery","floor":10},{"not_picked":["Biased Cognition+1","Beam Cell","Barrage"],"picked":"SKIP","floor":11},{"not_picked":["Storm+1","Leap"],"picked":"Compile Driver","floor":13},{"not_picked":["All For One","Amplify"],"picked":"Machine Learning+1","floor":16},{"not_picked":["Steam","Blizzard"],"picked":"Storm+1","floor":18},{"not_picked":["Aggregate","Beam Cell"],"picked":"Capacitor+1","floor":18},{"not_picked":["Scrape","Fusion"],"picked":"Turbo+1","floor":19},{"not_picked":["Hologram+1","Conserve Battery","Undo"],"picked":"SKIP","floor":19},{"not_picked":["Coolheaded","Scrape"],"picked":"BootSequence","floor":21},{"not_picked":["Scrape","Barrage","Steam"],"picked":"SKIP","floor":21}],"player_experience":308702,"relics_obtained":[{"floor":9,"key":"Frozen Egg 2"},{"floor":10,"key":"DataDisk"},{"floor":17,"key":"Regal Pillow"},{"floor":17,"key":"The Courier"},{"floor":17,"key":"Pocketwatch"}],"event_choices":[{"damage_healed":0,"gold_gain":0,"player_choice":"Cursed","damage_taken":0,"max_hp_gain":0,"max_hp_loss":0,"event_name":"Wheel of Change","floor":2,"gold_loss":0,"cards_obtained":["Decay"]},{"damage_healed":0,"gold_gain":0,"player_choice":"Success","damage_taken":7,"relics_obtained":["Symbiotic Virus"],"max_hp_gain":0,"max_hp_loss":0,"event_name":"Scrap Ooze","floor":5,"gold_loss":0},{"damage_healed":0,"gold_gain":0,"player_choice":"Searched \u00272\u0027 times","damage_taken":0,"relics_obtained":["Prayer Wheel"],"max_hp_gain":0,"max_hp_loss":0,"event_name":"Dead Adventurer","floor":13,"gold_loss":0}],"is_beta":false,"boss_relics":[{"not_picked":["Busted Crown","Inserter"],"picked":"Calling Bell"}],"items_purged_floors":[7,20],"is_endless":false,"potions_floor_spawned":[1,4,10,11,16,21],"killed_by":"Snecko","ascension_level":0}