{"gold_per_floor":[112,130,55,55,0,0,32,32,79,109,109,137,148,48,48,127,127,144,157,0,0,11,11,11],"floor_reached":24,"playtime":2122,"items_purged":["Strike_B","Strike_B"],"score":431,"play_id":"82cbbb17-f375-412f-af3f-97a3af046a87","local_time":"20190325235636","is_ascension_mode":true,"campfire_choices":[{"data":"Fusion","floor":6,"key":"SMITH"},{"data":"Echo Form","floor":8,"key":"SMITH"},{"data":"White Noise","floor":11,"key":"SMITH"},{"floor":15,"key":"REST"},{"floor":23,"key":"REST"}],"neow_cost":"NONE","seed_source_timestamp":388966559871455,"circlet_count":0,"master_deck":["AscendersBane","Strike_B","Strike_B","Defend_B","Defend_B","Defend_B","Zap","Dualcast","Undo","Fusion+1","Streamline","Echo Form+1","White Noise+1","Ball Lightning","Electrodynamics","Auto Shields","Self Repair"],"special_seed":0,"relics":["Cracked Core","NeowsBlessing","Mummified Hand","Centennial Puzzle","Odd Mushroom","Girya","Sozu"],"potions_floor_usage":[12,16,16],"damage_taken":[{"damage":0.0,"enemies":"Cultist","floor":1.0,"turns":1.0},{"damage":0.0,"enemies":"Small Slimes","floor":2.0,"turns":1.0},{"damage":0,"enemies":"Gremlin Nob","floor":7,"turns":1},{"damage":6,"enemies":"The Mushroom Lair","floor":10,"turns":4},{"damage":15,"enemies":"Lagavulin","floor":12,"turns":5},{"damage":7,"enemies":"Jaw Worm","floor":13,"turns":2},{"damage":33,"enemies":"Slime Boss","floor":16,"turns":7},{"damage":7,"enemies":"Spheric Guardian","floor":18,"turns":4},{"damage":37,"enemies":"Chosen","floor":19,"turns":5},{"damage":13,"enemies":"Snecko","floor":22,"turns":5},{"damage":23,"enemies":"Book of Stabbing","floor":24,"turns":3}],"seed_played":"2604107315965774624","potions_obtained":[{"floor":1.0,"key":"Strength Potion"},{"floor":2.0,"key":"Poison Potion"},{"floor":13,"key":"LiquidBronze"}],"is_trial":false,"path_per_floor":["M","M","$","?","$","R","E","R","T","?","R","E","M","$","R","B",null,"M","M","?","?","M","R","E"],"character_chosen":"DEFECT","items_purchased":["Streamline"],"campfire_rested":2,"item_purchase_floors":[5],"current_hp_per_floor":[64,64,64,64,64,64,64,64,64,58,58,43,36,36,57,24,59,52,15,15,15,2,23,0],"gold":11,"neow_bonus":"THREE_ENEMY_KILL","is_prod":false,"is_daily":false,"chose_seed":false,"campfire_upgraded":3,"win_rate":0,"timestamp":1553550996,"path_taken":["M","?","$","?","$","R","E","R","T","?","R","E","?","$","R","BOSS","M","?","?","?","M","R","E"],"build_version":"2019-01-23","purchased_purges":2,"victory":false,"max_hp_per_floor":[71,71,71,71,71,71,71,71,71,71,71,71,71,71,71,71,71,71,71,71,71,71,71,71],"card_choices":[{"not_picked":["Rebound","Stack"],"picked":"Undo","floor":1.0},{"not_picked":["Redo","Rebound"],"picked":"Fusion","floor":2.0},{"not_picked":["Coolheaded","Lockon"],"picked":"Echo Form","floor":7},{"not_picked":["Hologram","Streamline"],"picked":"White Noise","floor":10},{"not_picked":["Redo","Stack","Consume"],"picked":"SKIP","floor":12},{"not_picked":["Hologram","Consume"],"picked":"Ball Lightning","floor":13},{"not_picked":["Echo Form","Meteor Strike"],"picked":"Electrodynamics","floor":16},{"not_picked":["Steam","Storm+1"],"picked":"Auto Shields","floor":18},{"not_picked":["Beam Cell","Sweeping Beam+1","Streamline"],"picked":"SKIP","floor":19},{"not_picked":["Scrape","Undo"],"picked":"Self Repair","floor":22}],"player_experience":779485,"relics_obtained":[{"floor":7,"key":"Mummified Hand"},{"floor":9,"key":"Centennial Puzzle"},{"floor":10,"key":"Odd Mushroom"},{"floor":12,"key":"Girya"}],"event_choices":[{"cards_removed":["Defend_B"],"damage_healed":0,"gold_gain":0,"player_choice":"Forget","damage_taken":0,"max_hp_gain":0,"max_hp_loss":0,"event_name":"Living Wall","floor":4,"gold_loss":0},{"damage_healed":0,"gold_gain":0,"player_choice":"Fought Mushrooms","damage_taken":0,"max_hp_gain":0,"max_hp_loss":0,"event_name":"Mushrooms","floor":10,"gold_loss":0},{"damage_healed":0,"gold_gain":0,"player_choice":"Paid Fearfully","damage_taken":0,"max_hp_gain":0,"max_hp_loss":0,"event_name":"Masked Bandits","floor":20,"gold_loss":157}],"is_beta":false,"boss_relics":[{"not_picked":["Fusion Hammer","FrozenCore"],"picked":"Sozu"}],"items_purged_floors":[3,14],"is_endless":false,"potions_floor_spawned":[1,2,13,22],"killed_by":"Book of Stabbing","ascension_level":18}