{"gold_per_floor":[211,63,78,32,48,48,76,88,135,310,310,340,340,363,363,486,486,504,68,68,84,84,125,137,163,198,235,247],"floor_reached":28,"playtime":2085,"items_purged":["Strike_R","Strike_R"],"score":310,"play_id":"98fb82fb-5ba3-4d1c-a7b6-68ddd69eb027","local_time":"20190427030838","is_ascension_mode":true,"campfire_choices":[{"data":"Hemokinesis","floor":6,"key":"SMITH"},{"data":"Feed","floor":11,"key":"SMITH"},{"data":"Warcry","floor":15,"key":"SMITH"},{"floor":24,"key":"REST"}],"neow_cost":"NONE","seed_source_timestamp":1081723579610594,"circlet_count":0,"master_deck":["Strike_R","Strike_R","Strike_R","Defend_R","Defend_R","Defend_R","Defend_R","Bash","Thunderclap","Feed+1","Hemokinesis+1","Clash","Shrug It Off","Headbutt","Doubt","Warcry+1","Thunderclap","Feed","Armaments+1","Sadistic Nature","Feed","Shame","Combust+1","RitualDagger","Burning Pact+1","Armaments"],"relics":["Black Blood","Pantograph","Lantern","Red Skull","Golden Idol","Pen Nib","MawBank","Smiling Mask","PreservedInsect"],"potions_floor_usage":[7,16,16,21,28],"damage_taken":[{"damage":15,"enemies":"Jaw Worm","floor":1,"turns":6},{"damage":2,"enemies":"Small Slimes","floor":3,"turns":4},{"damage":9,"enemies":"2 Louse","floor":5,"turns":3},{"damage":35,"enemies":"3 Sentries","floor":7,"turns":7},{"damage":12,"enemies":"Exordium Thugs","floor":8,"turns":3},{"damage":2,"enemies":"Gremlin Nob","floor":12,"turns":2},{"damage":0,"enemies":"2 Fungi Beasts","floor":14,"turns":2},{"damage":76,"enemies":"Hexaghost","floor":16,"turns":10},{"damage":46,"enemies":"Spheric Guardian","floor":18,"turns":7},{"damage":14,"enemies":"Shell Parasite","floor":21,"turns":5},{"damage":32,"enemies":"Book of Stabbing","floor":23,"turns":3},{"damage":19,"enemies":"Snake Plant","floor":25,"turns":3},{"damage":58,"enemies":"Shelled Parasite and Fungi","floor":28,"turns":5}],"seed_played":"-2548065335105343903","potions_obtained":[{"floor":3,"key":"Swift Potion"},{"floor":8,"key":"Dexterity Potion"},{"floor":12,"key":"Dexterity Potion"},{"floor":16,"key":"BloodPotion"},{"floor":18,"key":"AttackPotion"}],"is_trial":false,"path_per_floor":["M","$","M","$","M","R","E","M","T","?","R","E","?","M","R","B",null,"M","$","?","M","?","E","R","M","T","T","M"],"character_chosen":"IRONCLAD","items_purchased":["Feed","Clash","Sadistic Nature","Feed"],"campfire_rested":1,"item_purchase_floors":[2,4,19,19],"current_hp_per_floor":[71,71,78,78,78,78,52,49,49,49,49,57,57,63,63,18,89,53,53,53,52,46,24,51,45,45,45,0],"gold":247,"neow_bonus":"HUNDRED_GOLD","is_prod":false,"is_daily":false,"chose_seed":false,"campfire_upgraded":3,"win_rate":0,"timestamp":1556348918,"path_taken":["M","$","M","$","M","R","E","M","T","?","R","E","?","M","R","BOSS","M","$","?","M","?","E","R","M","T","?","M"],"build_version":"2019-01-23","purchased_purges":2,"victory":false,"max_hp_per_floor":[80,80,83,83,86,86,89,92,92,92,92,96,89,89,89,89,89,89,89,89,92,92,92,92,95,95,95,98],"card_choices":[{"not_picked":["Armaments","Blood for Blood"],"picked":"Thunderclap","floor":1},{"not_picked":["Spot Weakness","Pommel Strike"],"picked":"Hemokinesis","floor":3},{"not_picked":["Flame Barrier","Heavy Blade","Wild Strike"],"picked":"SKIP","floor":5},{"not_picked":["Anger","Heavy Blade"],"picked":"Shrug It Off","floor":7},{"not_picked":["Body Slam","Limit Break"],"picked":"Headbutt","floor":8},{"not_picked":["Heavy Blade","Body Slam"],"picked":"Warcry","floor":12},{"not_picked":["Inflame","Perfected Strike"],"picked":"Thunderclap","floor":14},{"not_picked":["Impervious","Reaper"],"picked":"Feed","floor":16},{"not_picked":["Burning Pact","Pommel Strike+1"],"picked":"Armaments+1","floor":18},{"not_picked":["Clash","Thunderclap"],"picked":"Combust+1","floor":21},{"not_picked":["Perfected Strike","Heavy Blade"],"picked":"Burning Pact+1","floor":23},{"not_picked":["Rampage","Clothesline"],"picked":"Armaments","floor":25}],"player_experience":116283,"relics_obtained":[{"floor":7,"key":"Pantograph"},{"floor":9,"key":"Lantern"},{"floor":12,"key":"Red Skull"},{"floor":23,"key":"MawBank"},{"floor":26,"key":"Smiling Mask"},{"floor":27,"key":"PreservedInsect"}],"event_choices":[{"damage_healed":0,"gold_gain":175,"player_choice":"AGREE","damage_taken":0,"max_hp_gain":0,"max_hp_loss":0,"event_name":"Liars Game","floor":10,"gold_loss":0,"cards_obtained":["Doubt"]},{"damage_healed":0,"gold_gain":0,"player_choice":"Lose Max HP","damage_taken":0,"relics_obtained":["Golden Idol"],"max_hp_gain":0,"max_hp_loss":7,"event_name":"Golden Idol","floor":13,"gold_loss":0},{"damage_healed":0,"gold_gain":0,"player_choice":"Stole Relic","damage_taken":0,"relics_obtained":["Pen Nib"],"max_hp_gain":0,"max_hp_loss":0,"event_name":"Addict","floor":20,"gold_loss":0,"cards_obtained":["Shame"]},{"damage_healed":0,"gold_gain":0,"player_choice":"Joined the Cult","damage_taken":6,"max_hp_gain":0,"max_hp_loss":0,"event_name":"Nest","floor":22,"gold_loss":0,"cards_obtained":["RitualDagger"]}],"is_beta":false,"boss_relics":[{"not_picked":["Lizard Tail","Busted Crown"],"picked":"Black Blood"}],"items_purged_floors":[2,19],"is_endless":false,"potions_floor_spawned":[3,8,12,16,18],"killed_by":"Shelled Parasite and Fungi","ascension_level":1}