{"gold_per_floor":[365,540,540,227,243,281,295,330,368,380,431,6,6],"floor_reached":13,"playtime":480,"items_purged":["Doubt"],"score":111,"play_id":"c269f4e1-1e99-4ce3-bb07-3d21c240abd4","local_time":"20181122123834","is_ascension_mode":true,"campfire_choices":[{"floor":10,"key":"REST"}],"neow_cost":"PERCENT_DAMAGE","seed_source_timestamp":116933656658204,"circlet_count":0,"master_deck":["Strike_B","Strike_B","Strike_B","Strike_B","Defend_B","Defend_B","Defend_B","Defend_B","Zap","Dualcast","Compile Driver","Double Energy","Chaos","Lockon","Ball Lightning","Coolheaded","Genetic Algorithm","All For One"],"relics":["Cracked Core","Golden Idol","Runic Capacitor","Bronze Scales","MawBank","Smiling Mask","Omamori","Dead Branch"],"potions_floor_usage":[6,8],"damage_taken":[{"damage":0,"enemies":"Small Slimes","floor":1,"turns":2},{"damage":1,"enemies":"2 Louse","floor":5,"turns":3},{"damage":21,"enemies":"Gremlin Nob","floor":6,"turns":4},{"damage":5,"enemies":"Jaw Worm","floor":7,"turns":3},{"damage":22,"enemies":"3 Sentries","floor":8,"turns":3},{"damage":18,"enemies":"Lagavulin","floor":11,"turns":7},{"damage":12,"enemies":"Exordium Wildlife","floor":13,"turns":1}],"seed_played":"-7783382273397771178","potions_obtained":[{"floor":5,"key":"Explosive Potion"},{"floor":6,"key":"PowerPotion"},{"floor":7,"key":"Ancient Potion"}],"is_trial":false,"path_per_floor":["M","?","?","$","M","E","M","E","T","R","E","$","M"],"character_chosen":"DEFECT","items_purchased":["Double Energy","Runic Capacitor","Dead Branch","All For One"],"campfire_rested":1,"item_purchase_floors":[4,4,12,12],"current_hp_per_floor":[54,54,54,54,53,32,27,5,5,25,7,7,0],"gold":6,"neow_bonus":"TWO_FIFTY_GOLD","is_prod":false,"is_daily":false,"chose_seed":false,"campfire_upgraded":0,"win_rate":0,"timestamp":1542908314,"path_taken":["M","?","?","$","M","E","M","E","T","R","E","$","?"],"build_version":"2018-11-15","purchased_purges":1,"victory":false,"max_hp_per_floor":[75,75,69,69,69,69,69,69,69,69,69,69,69],"card_choices":[{"not_picked":["Redo","Stack"],"picked":"Compile Driver","floor":1},{"not_picked":["Turbo","Aggregate"],"picked":"Chaos","floor":5},{"not_picked":["Hologram","Reinforced Body"],"picked":"Lockon","floor":6},{"not_picked":["Sweeping Beam","White Noise"],"picked":"Ball Lightning","floor":7},{"not_picked":["Hologram","Gash"],"picked":"Coolheaded","floor":8},{"not_picked":["Gash","Fusion"],"picked":"Genetic Algorithm","floor":11}],"player_experience":208995,"relics_obtained":[{"floor":6,"key":"Bronze Scales"},{"floor":8,"key":"MawBank"},{"floor":9,"key":"Smiling Mask"},{"floor":11,"key":"Omamori"}],"event_choices":[{"damage_healed":0,"gold_gain":175,"player_choice":"AGREE","damage_taken":0,"max_hp_gain":0,"max_hp_loss":0,"event_name":"Liars Game","floor":2,"gold_loss":0,"cards_obtained":["Doubt"]},{"damage_healed":0,"gold_gain":0,"player_choice":"Lose Max HP","damage_taken":0,"relics_obtained":["Golden Idol"],"max_hp_gain":0,"max_hp_loss":6,"event_name":"Golden Idol","floor":3,"gold_loss":0}],"is_beta":false,"boss_relics":[],"items_purged_floors":[4],"is_endless":false,"potions_floor_spawned":[5,6,7],"killed_by":"Exordium Wildlife","ascension_level":2}