{"gold_per_floor":[211,211,161,180,195,195,214,234,234,249,274,301,301,318,318,318],"floor_reached":16,"playtime":427,"items_purged":[],"score":104,"play_id":"43c0518f-9707-4687-8546-6c2b3614def8","local_time":"20190430215236","is_ascension_mode":false,"campfire_choices":[{"data":"Spot Weakness","floor":6,"key":"SMITH"},{"data":"Limit Break","floor":15,"key":"SMITH"}],"neow_cost":"NONE","seed_source_timestamp":11052672854100,"circlet_count":0,"master_deck":["Strike_R","Strike_R","Strike_R","Strike_R","Defend_R","Defend_R","Defend_R","Bash","Spot Weakness+1","Flame Barrier","Heavy Blade","Flex","Armaments","Inflame+1","Uppercut","Limit Break+1"],"relics":["Burning Blood","Frozen Egg 2","Potion Belt","Odd Mushroom"],"potions_floor_usage":[10,11,11],"damage_taken":[{"damage":1,"enemies":"Cultist","floor":1,"turns":3},{"damage":0,"enemies":"2 Louse","floor":4,"turns":2},{"damage":0,"enemies":"Small Slimes","floor":5,"turns":4},{"damage":7,"enemies":"3 Louse","floor":7,"turns":4},{"damage":6,"enemies":"Large Slime","floor":8,"turns":4},{"damage":18,"enemies":"Gremlin Gang","floor":10,"turns":4},{"damage":16,"enemies":"Gremlin Nob","floor":11,"turns":3},{"damage":33,"enemies":"The Mushroom Lair","floor":12,"turns":4},{"damage":12,"enemies":"3 Louse","floor":14,"turns":4},{"damage":50,"enemies":"The Guardian","floor":16,"turns":9}],"seed_played":"-8287686732669140404","potions_obtained":[{"floor":5,"key":"LiquidBronze"},{"floor":8,"key":"Poison Potion"},{"floor":10,"key":"Poison Potion"},{"floor":11,"key":"Ancient Potion"}],"is_trial":false,"path_per_floor":["M","?","?","M","M","R","M","M","T","M","E","?","?","M","R","B"],"character_chosen":"IRONCLAD","items_purchased":[],"campfire_rested":0,"item_purchase_floors":[],"current_hp_per_floor":[80,73,73,79,80,80,79,79,79,67,57,30,56,50,50,0],"gold":318,"neow_bonus":"HUNDRED_GOLD","is_prod":false,"is_daily":false,"chose_seed":false,"campfire_upgraded":2,"win_rate":0,"timestamp":1556650356,"path_taken":["M","?","?","M","M","R","M","M","T","M","E","?","?","M","R","BOSS"],"build_version":"2019-01-23","purchased_purges":0,"victory":false,"max_hp_per_floor":[80,80,80,80,80,80,80,80,80,80,80,80,80,80,80,80],"card_choices":[{"not_picked":["Sword Boomerang","Ghostly Armor"],"picked":"Spot Weakness","floor":1},{"not_picked":["Entrench","Wild Strike"],"picked":"Flame Barrier","floor":4},{"not_picked":["Corruption","Warcry","Headbutt"],"picked":"SKIP","floor":5},{"not_picked":["Thunderclap","Body Slam"],"picked":"Heavy Blade","floor":7},{"not_picked":["Iron Wave","Clothesline"],"picked":"Flex","floor":8},{"not_picked":["Thunderclap","Feel No Pain+1"],"picked":"Armaments","floor":10},{"not_picked":["Clothesline","Thunderclap"],"picked":"Inflame+1","floor":11},{"not_picked":["Metallicize+1","Sword Boomerang"],"picked":"Uppercut","floor":12},{"not_picked":["Entrench","Sentinel"],"picked":"Limit Break","floor":14}],"player_experience":277832,"relics_obtained":[{"floor":9,"key":"Frozen Egg 2"},{"floor":11,"key":"Potion Belt"},{"floor":12,"key":"Odd Mushroom"}],"event_choices":[{"cards_removed":["Defend_R"],"damage_healed":0,"gold_gain":0,"player_choice":"Card Removal","damage_taken":7,"max_hp_gain":0,"max_hp_loss":0,"event_name":"Golden Wing","floor":2,"gold_loss":0},{"cards_removed":["Strike_R"],"damage_healed":0,"gold_gain":0,"player_choice":"Card Removal","damage_taken":0,"max_hp_gain":0,"max_hp_loss":0,"event_name":"The Cleric","floor":3,"gold_loss":50},{"damage_healed":0,"gold_gain":0,"player_choice":"Fought Mushrooms","damage_taken":0,"max_hp_gain":0,"max_hp_loss":0,"event_name":"Mushrooms","floor":12,"gold_loss":0},{"damage_healed":26,"gold_gain":0,"player_choice":"Banana","damage_taken":0,"max_hp_gain":0,"max_hp_loss":0,"event_name":"Big Fish","floor":13,"gold_loss":0}],"is_beta":false,"boss_relics":[],"items_purged_floors":[],"is_endless":false,"potions_floor_spawned":[5,8,10,11],"killed_by":"The Guardian","ascension_level":0}