{"gold_per_floor":[118,118,118,129,140,140,1,36,36,36,50,50,85,98,98,173,173,152,152,202,48,58,83,83,83,83,83,95,126,126,143,143,220,220,231,231,8,8,19,19,19,19,19,52,52,66,76,0,0,0],"floor_reached":51,"playtime":3989,"items_purged":["Strike_G"],"score":1395,"play_id":"5417d7ef-d1ff-4fbd-9fd4-2da81933d838","local_time":"20190429202551","is_ascension_mode":true,"campfire_choices":[{"data":"Neutralize","floor":6,"key":"SMITH"},{"floor":10,"key":"REST"},{"data":"Noxious Fumes","floor":12,"key":"SMITH"},{"data":"Caltrops","floor":15,"key":"SMITH"},{"floor":24,"key":"REST"},{"data":"Wraith Form v2","floor":27,"key":"SMITH"},{"data":"Footwork","floor":32,"key":"SMITH"},{"data":"Footwork","floor":40,"key":"SMITH"},{"data":"Well Laid Plans","floor":42,"key":"SMITH"},{"data":"Leg Sweep","floor":45,"key":"SMITH"},{"data":"After Image","floor":49,"key":"SMITH"}],"neow_cost":"NONE","seed_source_timestamp":249250118287243,"circlet_count":0,"master_deck":["AscendersBane","Defend_G","Defend_G","Defend_G","Defend_G","Defend_G+1","Survivor","Neutralize+1","Backstab+1","Noxious Fumes+1","Caltrops+1","Dagger Throw","Backstab","Well Laid Plans+1","Wraith Form v2+1","Leg Sweep+1","Calculated Gamble+1","Backflip+1","Well Laid Plans","Bite","Bite","Bite","Bite","Bite","Dodge and Roll+1","Footwork+1","After Image+1","Footwork+1","Dodge and Roll+1","PiercingWail+1","Cloak And Dagger+1","Blur+1"],"relics":["Ring of the Snake","Calipers","Tough Bandages","Pocketwatch","Snecko Eye","Toxic Egg 2","WingedGreaves","Dodecahedron","Cursed Key","Snake Skull","Molten Egg 2"],"potions_floor_usage":[13,23,29,44,47,50],"damage_taken":[{"damage":9,"enemies":"Jaw Worm","floor":1,"turns":7},{"damage":0,"enemies":"2 Louse","floor":4,"turns":3},{"damage":0,"enemies":"Small Slimes","floor":5,"turns":4},{"damage":26,"enemies":"Lagavulin","floor":8,"turns":8},{"damage":0,"enemies":"2 Fungi Beasts","floor":11,"turns":3},{"damage":7,"enemies":"Gremlin Nob","floor":13,"turns":4},{"damage":4,"enemies":"Blue Slaver","floor":14,"turns":3},{"damage":9,"enemies":"The Guardian","floor":16,"turns":10},{"damage":14,"enemies":"2 Thieves","floor":18,"turns":4},{"damage":13,"enemies":"Colosseum Slavers","floor":19,"turns":7},{"damage":1,"enemies":"Chosen","floor":22,"turns":7},{"damage":19,"enemies":"Book of Stabbing","floor":23,"turns":7},{"damage":8,"enemies":"Snecko","floor":28,"turns":8},{"damage":19,"enemies":"Gremlin Leader","floor":29,"turns":9},{"damage":11,"enemies":"Shelled Parasite and Fungi","floor":31,"turns":11},{"damage":22,"enemies":"Automaton","floor":33,"turns":13},{"damage":11,"enemies":"3 Shapes","floor":35,"turns":8},{"damage":0,"enemies":"Orb Walker","floor":39,"turns":6},{"damage":41,"enemies":"Nemesis","floor":44,"turns":13},{"damage":0,"enemies":"Spire Growth","floor":46,"turns":9},{"damage":19,"enemies":"Transient","floor":47,"turns":6},{"damage":0,"enemies":"Donu and Deca","floor":50,"turns":15}],"seed_played":"-1421459000591538192","potions_obtained":[{"floor":1,"key":"Energy Potion"},{"floor":8,"key":"Swift Potion"},{"floor":11,"key":"Block Potion"},{"floor":18,"key":"PowerPotion"},{"floor":23,"key":"Poison Potion"},{"floor":33,"key":"AttackPotion"},{"floor":46,"key":"Ancient Potion"}],"is_trial":false,"path_per_floor":["M","?","?","M","M","R","$","E","T","R","M","R","E","M","R","B",null,"M","?","?","$","M","E","R","?","T","R","M","E","?","M","R","B",null,"M","?","$","?","M","R","$","R","T","E","R","M","M","$","R","B",null],"character_chosen":"THE_SILENT","items_purchased":["Dagger Throw","Caltrops","Calculated Gamble","Snake Skull","Dodge and Roll+1","Blur+1"],"campfire_rested":2,"item_purchase_floors":[7,7,21,37,37,48],"current_hp_per_floor":[56,61,38,38,38,38,38,12,12,35,35,35,28,24,24,15,62,48,35,35,35,34,15,38,38,38,38,50,51,37,54,54,58,58,57,57,57,57,58,58,58,58,58,39,39,55,47,47,47,58],"gold":0,"neow_bonus":"TEN_PERCENT_HP_BONUS","is_prod":false,"is_daily":false,"chose_seed":false,"campfire_upgraded":9,"win_rate":0,"timestamp":1556583951,"path_taken":["M","?","?","M","M","R","?","E","T","R","M","R","E","M","R","BOSS","M","?","?","$","M","E","R","?","T","R","M","E","?","?","R","BOSS","M","?","$","?","M","R","$","R","T","E","R","?","M","$","R","BOSS"],"build_version":"2019-01-23","purchased_purges":1,"victory":true,"max_hp_per_floor":[72,77,77,77,77,77,77,77,77,77,77,77,77,77,77,77,77,77,77,77,77,77,77,77,53,53,53,53,53,58,58,58,58,58,58,58,58,58,58,58,58,58,58,58,58,58,58,58,58,58],"card_choices":[{"not_picked":["Sucker Punch","Outmaneuver"],"picked":"Backstab","floor":1},{"not_picked":["Dodge and Roll","Sucker Punch"],"picked":"Noxious Fumes","floor":4},{"not_picked":["Sucker Punch","Distraction","Slice"],"picked":"SKIP","floor":5},{"not_picked":["Sucker Punch","Underhanded Strike"],"picked":"Dagger Throw","floor":8},{"not_picked":["Infinite Blades","Terror"],"picked":"Backstab","floor":11},{"not_picked":["Riddle With Holes","Cloak And Dagger"],"picked":"Well Laid Plans","floor":13},{"not_picked":["Prepared","Flying Knee","Sucker Punch"],"picked":"SKIP","floor":14},{"not_picked":["Storm of Steel","Glass Knife"],"picked":"Wraith Form v2","floor":16},{"not_picked":["Cloak And Dagger","Finisher+1"],"picked":"Leg Sweep","floor":18},{"not_picked":["Blade Dance","Catalyst"],"picked":"Backflip+1","floor":22},{"not_picked":["All Out Attack","Blade Dance"],"picked":"Well Laid Plans","floor":23},{"not_picked":["Reflex+1","Escape Plan+1"],"picked":"Dodge and Roll+1","floor":28},{"not_picked":["Caltrops","Bouncing Flask+1"],"picked":"Footwork","floor":29},{"not_picked":["Backflip+1","Backstab+1","Setup+1"],"picked":"SKIP","floor":31},{"not_picked":["Storm of Steel+1","Tools of the Trade"],"picked":"After Image","floor":33},{"not_picked":["Blade Dance+1","Terror+1"],"picked":"Footwork","floor":35},{"not_picked":["Acrobatics+1","Dagger Spray+1"],"picked":"PiercingWail+1","floor":39},{"not_picked":["Prepared+1","Deflect+1","Bane"],"picked":"SKIP","floor":44},{"not_picked":["Acrobatics+1","Flechettes+1"],"picked":"Cloak And Dagger+1","floor":46},{"not_picked":["Dagger Throw+1","Backflip+1","Expertise+1"],"picked":"SKIP","floor":47}],"player_experience":583671,"relics_obtained":[{"floor":8,"key":"Calipers"},{"floor":9,"key":"Tough Bandages"},{"floor":13,"key":"Pocketwatch"},{"floor":23,"key":"Toxic Egg 2"},{"floor":26,"key":"WingedGreaves"},{"floor":29,"key":"Dodecahedron"},{"floor":44,"key":"Molten Egg 2"}],"event_choices":[{"damage_healed":0,"gold_gain":0,"player_choice":"Donut","damage_taken":0,"max_hp_gain":5,"max_hp_loss":0,"event_name":"Big Fish","floor":2,"gold_loss":0},{"damage_healed":0,"gold_gain":0,"player_choice":"Entered Light","damage_taken":23,"max_hp_gain":0,"max_hp_loss":0,"event_name":"Shining Light","floor":3,"gold_loss":0,"cards_upgraded":["Defend_G","Backstab"]},{"damage_healed":0,"gold_gain":0,"player_choice":"Fight","damage_taken":0,"max_hp_gain":0,"max_hp_loss":0,"event_name":"Colosseum","floor":19,"gold_loss":0},{"damage_healed":0,"gold_gain":0,"player_choice":"Fled From Nobs","damage_taken":0,"max_hp_gain":0,"max_hp_loss":0,"event_name":"Colosseum","floor":19,"gold_loss":0},{"damage_healed":0,"gold_gain":50,"player_choice":"Stole From Cult","damage_taken":0,"max_hp_gain":0,"max_hp_loss":0,"event_name":"Nest","floor":20,"gold_loss":0},{"damage_healed":0,"gold_gain":0,"player_choice":"Became a vampire","damage_taken":0,"max_hp_gain":0,"max_hp_loss":24,"event_name":"Vampires","floor":25,"gold_loss":0,"cards_obtained":["Bite","Bite","Bite","Bite","Bite"]},{"damage_healed":0,"gold_gain":0,"player_choice":"Shed Blood","damage_taken":19,"max_hp_gain":5,"max_hp_loss":0,"event_name":"Forgotten Altar","floor":30,"gold_loss":0},{"cards_removed":["Dagger Throw"],"damage_healed":0,"gold_gain":0,"player_choice":"Removed Attack","damage_taken":0,"max_hp_gain":0,"max_hp_loss":0,"event_name":"Falling","floor":36,"gold_loss":0},{"damage_healed":0,"gold_gain":0,"player_choice":"Upgraded","damage_taken":0,"max_hp_gain":0,"max_hp_loss":0,"event_name":"Upgrade Shrine","floor":38,"gold_loss":0,"cards_upgraded":["Calculated Gamble"]}],"is_beta":false,"boss_relics":[{"not_picked":["Velvet Choker","HoveringKite"],"picked":"Snecko Eye"},{"not_picked":["Black Star","Astrolabe"],"picked":"Cursed Key"}],"items_purged_floors":[21],"is_endless":false,"potions_floor_spawned":[1,8,11,18,23,28,33,39,46],"ascension_level":18}