{"gold_per_floor":[118,4,4,0,16,16,34,45,45,45,45,61,91,109,109,109],"floor_reached":16,"playtime":916,"items_purged":["Strike_G"],"score":147,"play_id":"95567f91-bf4b-42a9-b073-b2c5400107d3","local_time":"20190513222040","is_ascension_mode":true,"campfire_choices":[{"data":"Neutralize","floor":6.0,"key":"SMITH"},{"data":"Well Laid Plans","floor":10.0,"key":"SMITH"},{"data":"Footwork","floor":15,"key":"SMITH"}],"neow_cost":"NONE","seed_source_timestamp":2854694891153509,"circlet_count":0,"master_deck":["AscendersBane","Defend_G","Defend_G","Defend_G","Defend_G","Defend_G","Strike_G","Strike_G+1","Strike_G","Strike_G+1","Survivor","Neutralize+1","Acrobatics","Infinite Blades","Calculated Gamble","Cloak And Dagger","Well Laid Plans+1","Flying Knee","Footwork+1"],"special_seed":0,"relics":["White Beast Statue","Bottled Flame"],"potions_floor_usage":[14,16,16],"damage_taken":[{"damage":6.0,"enemies":"Cultist","floor":1.0,"turns":5.0},{"damage":10.0,"enemies":"Jaw Worm","floor":5.0,"turns":5.0},{"damage":0.0,"enemies":"2 Louse","floor":7.0,"turns":5.0},{"damage":0.0,"enemies":"2 Fungi Beasts","floor":8.0,"turns":2.0},{"damage":0.0,"enemies":"3 Louse","floor":12.0,"turns":4.0},{"damage":1,"enemies":"Looter","floor":14,"turns":3},{"damage":40,"enemies":"Hexaghost","floor":16,"turns":16}],"seed_played":"-2371987925118304316","potions_obtained":[{"floor":1.0,"key":"Energy Potion"},{"floor":5.0,"key":"Dexterity Potion"},{"floor":7.0,"key":"SkillPotion"},{"floor":8.0,"key":"Block Potion"},{"floor":12.0,"key":"Dexterity Potion"},{"floor":14,"key":"GhostInAJar"}],"is_trial":false,"path_per_floor":["M","$","?","?","M","R","M","M","T","R","?","M","?","M","R","B"],"character_chosen":"THE_SILENT","items_purchased":["Infinite Blades"],"campfire_rested":0,"item_purchase_floors":[2],"current_hp_per_floor":[57,57,62,62,52,52,52,52,52,52,37,37,37,36,36,0],"gold":109,"neow_bonus":"BOSS_RELIC","is_prod":false,"is_daily":false,"chose_seed":false,"campfire_upgraded":3,"win_rate":0,"timestamp":1557775240,"path_taken":["M","$","?","?","M","R","M","M","T","R","?","M","?","M","R","BOSS"],"build_version":"2019-01-23","purchased_purges":1,"victory":false,"max_hp_per_floor":[70,70,75,75,75,75,75,75,75,75,75,75,75,75,75,75],"card_choices":[{"not_picked":["Quick Slash","Poisoned Stab"],"picked":"Acrobatics","floor":1.0},{"not_picked":["Distraction","Deadly Poison"],"picked":"Calculated Gamble","floor":5.0},{"not_picked":["Slice","Flying Knee"],"picked":"Cloak And Dagger","floor":7.0},{"not_picked":["Calculated Gamble","Prepared"],"picked":"Well Laid Plans","floor":8.0},{"not_picked":["Flechettes","Die Die Die"],"picked":"Flying Knee","floor":12.0},{"not_picked":["Outmaneuver","Blade Dance"],"picked":"Footwork","floor":14}],"player_experience":993517,"relics_obtained":[{"floor":9.0,"key":"Bottled Flame"}],"event_choices":[{"damage_healed":0.0,"max_hp_gain":5.0,"max_hp_loss":0.0,"gold_gain":0.0,"event_name":"Big Fish","player_choice":"Donut","floor":3.0,"gold_loss":0.0,"damage_taken":0.0},{"damage_healed":0.0,"max_hp_gain":0.0,"max_hp_loss":0.0,"gold_gain":0.0,"event_name":"World of Goop","player_choice":"Left Gold","floor":4.0,"gold_loss":4.0,"damage_taken":0.0},{"damage_healed":0.0,"max_hp_gain":0.0,"max_hp_loss":0.0,"gold_gain":0.0,"event_name":"Shining Light","player_choice":"Entered Light","floor":11.0,"gold_loss":0.0,"damage_taken":15.0,"cards_upgraded":["Strike_G","Strike_G"]},{"damage_healed":0,"gold_gain":30,"player_choice":"Searched \u00271\u0027 times","damage_taken":0,"max_hp_gain":0,"max_hp_loss":0,"event_name":"Dead Adventurer","floor":13,"gold_loss":0}],"is_beta":false,"boss_relics":[],"items_purged_floors":[2],"is_endless":false,"potions_floor_spawned":[1,5,7,8,12,14],"killed_by":"Hexaghost","ascension_level":12}