{"gold_per_floor":[113,113,113,127,6,6,18,18,18,50,50,80,26,39,39,113,113,130,0,0,0,10,10,27,43,91,91,101,151,151,151,151,151],"floor_reached":33,"playtime":2535,"items_purged":[],"score":443,"play_id":"f268e8ca-ed0e-4819-b5d0-05eaeaaeb4c8","local_time":"20190206005914","is_ascension_mode":true,"campfire_choices":[{"data":"Bash","floor":6.0,"key":"SMITH"},{"floor":8.0,"key":"REST"},{"floor":15.0,"key":"REST"},{"floor":23.0,"key":"REST"},{"floor":32.0,"key":"REST"}],"neow_cost":"NONE","seed_source_timestamp":2182325667942229,"circlet_count":0,"master_deck":["AscendersBane","Strike_R+1","Strike_R+1","Strike_R+1","Defend_R+1","Defend_R+1","Defend_R+1","Bash+1","Inflame","Warcry","Spot Weakness","Iron Wave","True Grit","Pummel","Warcry","Shrug It Off","Armaments","Dropkick+1","Flame Barrier+1","Ghostly Armor"],"special_seed":0,"relics":["Runic Pyramid","Red Skull","Bottled Tornado","Kunai","Self Forming Clay","Mark of Pain","Lantern"],"potions_floor_usage":[],"damage_taken":[{"damage":7.0,"enemies":"Jaw Worm","floor":1.0,"turns":3.0},{"damage":0.0,"enemies":"Small Slimes","floor":4.0,"turns":4.0},{"damage":1.0,"enemies":"2 Louse","floor":7.0,"turns":2.0},{"damage":9.0,"enemies":"3 Sentries","floor":10.0,"turns":8.0},{"damage":28.0,"enemies":"Lagavulin","floor":12.0,"turns":5.0},{"damage":8.0,"enemies":"Blue Slaver","floor":14.0,"turns":2.0},{"damage":37.0,"enemies":"Slime Boss","floor":16.0,"turns":13.0},{"damage":15.0,"enemies":"Spheric Guardian","floor":18.0,"turns":6.0},{"damage":6.0,"enemies":"Shell Parasite","floor":22.0,"turns":3.0},{"damage":22.0,"enemies":"Centurion and Healer","floor":24.0,"turns":8.0},{"damage":9.0,"enemies":"Snake Plant","floor":25.0,"turns":3.0},{"damage":16.0,"enemies":"3 Cultists","floor":28.0,"turns":7.0},{"damage":31,"enemies":"Collector","floor":33,"turns":6}],"seed_played":"7603407672089726534","potions_obtained":[{"floor":1.0,"key":"LiquidBronze"},{"floor":7.0,"key":"PowerPotion"},{"floor":14.0,"key":"Poison Potion"},{"floor":16.0,"key":"LiquidBronze"},{"floor":22.0,"key":"Dexterity Potion"},{"floor":24.0,"key":"AttackPotion"}],"is_trial":false,"path_per_floor":["M","?","?","M","$","R","M","R","T","E","?","E","$","M","R","B",null,"M","?","?","$","M","R","M","M","T","?","M","?","?","?","R","B"],"character_chosen":"IRONCLAD","items_purchased":["Spot Weakness","Iron Wave","Shrug It Off"],"campfire_rested":4,"item_purchase_floors":[5,5,13],"current_hp_per_floor":[61,56,56,56,56,56,55,75,75,66,59,31,31,23,45,8,58,43,43,36,36,30,52,30,21,21,21,5,5,5,5,27,0],"gold":151,"neow_bonus":"BOSS_RELIC","is_prod":false,"is_daily":false,"chose_seed":false,"campfire_upgraded":1,"win_rate":0,"timestamp":1549407554,"path_taken":["M","?","?","M","$","R","M","R","T","E","?","E","?","M","R","BOSS","M","?","?","$","M","R","M","?","T","?","?","?","?","?","R","BOSS"],"build_version":"2019-01-23","purchased_purges":0,"victory":false,"max_hp_per_floor":[75,75,75,75,75,75,75,75,75,75,75,75,75,75,75,75,75,75,75,75,75,75,75,75,75,75,75,75,75,75,75,75,75],"card_choices":[{"not_picked":["Perfected Strike","Anger"],"picked":"Inflame","floor":1.0},{"not_picked":["Thunderclap","Offering"],"picked":"Warcry","floor":4.0},{"not_picked":["Havoc","Intimidate"],"picked":"True Grit","floor":7.0},{"not_picked":["Uppercut","Reckless Charge"],"picked":"Pummel","floor":10.0},{"not_picked":["Dual Wield","Dark Embrace"],"picked":"Warcry","floor":12.0},{"not_picked":["Uppercut","Body Slam","Wild Strike"],"picked":"SKIP","floor":14.0},{"not_picked":["Perfected Strike","Searing Blow"],"picked":"Armaments","floor":18.0},{"not_picked":["Havoc","Body Slam","Sever Soul"],"picked":"SKIP","floor":22.0},{"not_picked":["Thunderclap","Second Wind"],"picked":"Dropkick+1","floor":24.0},{"not_picked":["Anger","Iron Wave"],"picked":"Flame Barrier+1","floor":25.0},{"not_picked":["Flex","Pommel Strike"],"picked":"Ghostly Armor","floor":28.0}],"player_experience":532037,"relics_obtained":[{"floor":9.0,"key":"Bottled Tornado"},{"floor":10.0,"key":"Kunai"},{"floor":12.0,"key":"Self Forming Clay"},{"floor":26.0,"key":"Lantern"}],"event_choices":[{"damage_healed":0.0,"max_hp_gain":0.0,"max_hp_loss":0.0,"gold_gain":0.0,"event_name":"Scrap Ooze","player_choice":"Success","floor":2.0,"gold_loss":0.0,"damage_taken":5.0,"relics_obtained":["Red Skull"]},{"cards_removed":["Strike_R"],"damage_healed":0.0,"max_hp_gain":0.0,"max_hp_loss":0.0,"gold_gain":0.0,"event_name":"Living Wall","player_choice":"Forget","floor":3.0,"gold_loss":0.0,"damage_taken":0.0},{"cards_removed":["Strike_R"],"damage_healed":0.0,"max_hp_gain":0.0,"max_hp_loss":0.0,"gold_gain":0.0,"event_name":"Golden Wing","player_choice":"Card Removal","floor":11.0,"gold_loss":0.0,"damage_taken":7.0},{"damage_healed":0.0,"max_hp_gain":0.0,"max_hp_loss":0.0,"gold_gain":0.0,"event_name":"Masked Bandits","player_choice":"Paid Fearfully","floor":19.0,"gold_loss":130.0,"damage_taken":0.0},{"damage_healed":0.0,"max_hp_gain":0.0,"max_hp_loss":0.0,"gold_gain":0.0,"event_name":"Knowing Skull","player_choice":"","floor":20.0,"potions_obtained":[],"gold_loss":0.0,"damage_taken":7.0,"cards_obtained":[]},{"cards_removed":["Defend_R"],"damage_healed":0.0,"max_hp_gain":0.0,"max_hp_loss":0.0,"gold_gain":0.0,"event_name":"Bonfire Elementals","player_choice":"Offered Basic","floor":27.0,"gold_loss":0.0,"damage_taken":0.0},{"damage_healed":0.0,"max_hp_gain":0.0,"max_hp_loss":0.0,"gold_gain":50.0,"event_name":"Nest","player_choice":"Stole From Cult","floor":29.0,"gold_loss":0.0,"damage_taken":0.0},{"damage_healed":0.0,"max_hp_gain":0.0,"max_hp_loss":0.0,"gold_gain":0.0,"event_name":"Ghosts","player_choice":"Ignored","floor":30.0,"gold_loss":0.0,"damage_taken":0.0},{"damage_healed":0.0,"max_hp_gain":0.0,"max_hp_loss":0.0,"gold_gain":0.0,"event_name":"Back to Basics","player_choice":"Simplicity","floor":31.0,"gold_loss":0.0,"damage_taken":0.0,"cards_upgraded":["Strike_R","Strike_R","Strike_R","Defend_R","Defend_R","Defend_R"]}],"is_beta":false,"boss_relics":[{"not_picked":["Eternal Feather","Calling Bell"],"picked":"Mark of Pain"}],"items_purged_floors":[],"is_endless":false,"potions_floor_spawned":[1,7,14,16,22,24],"killed_by":"Collector","ascension_level":15}