{"gold_per_floor":[117,10,23,36,55,85,45,45,45,64,82,100,100,100,100,205,205,223,223,223,237,237],"floor_reached":22,"playtime":1925,"items_purged":[],"score":207,"play_id":"a9403e29-2b30-4589-83b3-d7dedcd1d59b","local_time":"20190114102627","is_ascension_mode":true,"campfire_choices":[{"floor":8.0,"key":"REST"},{"floor":13.0,"key":"REST"},{"floor":15.0,"key":"REST"}],"neow_cost":"NONE","seed_source_timestamp":230392192334244,"circlet_count":0,"master_deck":["Zap","Dualcast","Go for the Eyes","Ball Lightning","Rebound","Conserve Battery","Gash","Genetic Algorithm+1","Conserve Battery","All For One","Seek","Gash","Redo","Creative AI+1","Darkness","Rip and Tear","Creative AI+1","Aggregate","Tempest","Coolheaded"],"special_seed":0,"relics":["Nuclear Battery","Turnip","Mummified Hand","Frozen Egg 2","Pandora\u0027s Box"],"potions_floor_usage":[],"damage_taken":[{"damage":2.0,"enemies":"Jaw Worm","floor":1.0,"turns":5.0},{"damage":0.0,"enemies":"Cultist","floor":3.0,"turns":2.0},{"damage":0.0,"enemies":"2 Louse","floor":4.0,"turns":2.0},{"damage":4.0,"enemies":"Exordium Thugs","floor":5.0,"turns":5.0},{"damage":34.0,"enemies":"3 Sentries","floor":6.0,"turns":8.0},{"damage":2.0,"enemies":"3 Louse","floor":10.0,"turns":3.0},{"damage":10.0,"enemies":"Red Slaver","floor":11.0,"turns":2.0},{"damage":15.0,"enemies":"Blue Slaver","floor":12.0,"turns":3.0},{"damage":22.0,"enemies":"The Guardian","floor":16.0,"turns":12.0},{"damage":37.0,"enemies":"2 Thieves","floor":18.0,"turns":4.0},{"damage":19,"enemies":"3 Byrds","floor":21,"turns":4},{"damage":21,"enemies":"Centurion and Healer","floor":22,"turns":2}],"seed_played":"8670166645226701263","potions_obtained":[{"floor":3.0,"key":"Dexterity Potion"},{"floor":10.0,"key":"SteroidPotion"},{"floor":12.0,"key":"Poison Potion"},{"floor":16.0,"key":"GamblersBrew"},{"floor":18.0,"key":"Block Potion"}],"is_trial":false,"path_per_floor":["M","?","M","M","M","E","?","R","T","M","M","M","R","?","R","B",null,"M","?","?","M","M"],"character_chosen":"DEFECT","items_purchased":[],"campfire_rested":3,"item_purchase_floors":[],"current_hp_per_floor":[73,73,73,73,69,35,35,57,57,55,45,30,52,52,74,52,75,38,38,38,19,0],"gold":237,"neow_bonus":"BOSS_RELIC","is_prod":false,"is_daily":false,"chose_seed":false,"campfire_upgraded":0,"win_rate":0,"timestamp":1547454387,"path_taken":["M","?","M","?","M","E","?","R","T","M","M","M","R","?","R","BOSS","M","?","?","?","M"],"build_version":"2019-01-10","purchased_purges":0,"victory":false,"max_hp_per_floor":[75,75,75,75,75,75,75,75,75,75,75,75,75,75,75,75,75,75,75,75,75,75],"card_choices":[{"not_picked":["Stack","Turbo"],"picked":"Sunder","floor":1.0},{"not_picked":["Barrage","Hologram"],"picked":"Go for the Eyes","floor":3.0},{"not_picked":["Steam Power","Consume"],"picked":"Ball Lightning","floor":4.0},{"not_picked":["Ball Lightning","Hologram"],"picked":"Rebound","floor":5.0},{"not_picked":["Rainbow","Steam"],"picked":"Conserve Battery","floor":6.0},{"not_picked":["BootSequence","Coolheaded"],"picked":"Gash","floor":10.0},{"not_picked":["Chaos","Stack"],"picked":"Genetic Algorithm","floor":11.0},{"not_picked":["Go for the Eyes","Gash"],"picked":"Conserve Battery","floor":12.0},{"not_picked":["Biased Cognition+1","Hyperbeam"],"picked":"All For One","floor":16.0},{"not_picked":["Streamline","Fusion"],"picked":"Aggregate","floor":18.0},{"not_picked":["Rebound+1","Skim"],"picked":"Coolheaded","floor":21}],"player_experience":236286,"relics_obtained":[{"floor":6.0,"key":"Mummified Hand"},{"floor":9.0,"key":"Frozen Egg 2"}],"event_choices":[{"damage_healed":0.0,"max_hp_gain":0.0,"max_hp_loss":0.0,"gold_gain":0.0,"event_name":"WeMeetAgain","player_choice":"Paid Gold","floor":2.0,"gold_loss":107.0,"damage_taken":0.0,"relics_obtained":["Turnip"]},{"damage_healed":0.0,"max_hp_gain":0.0,"max_hp_loss":0.0,"gold_gain":0.0,"event_name":"World of Goop","player_choice":"Left Gold","floor":7.0,"gold_loss":40.0,"damage_taken":0.0},{"damage_healed":0.0,"max_hp_gain":0.0,"max_hp_loss":0.0,"gold_gain":0.0,"event_name":"Upgrade Shrine","player_choice":"Upgraded","floor":14.0,"gold_loss":0.0,"damage_taken":0.0,"cards_upgraded":["Genetic Algorithm"]},{"cards_removed":["Streamline"],"damage_healed":0,"gold_gain":0,"player_choice":"Elegance","damage_taken":0,"max_hp_gain":0,"max_hp_loss":0,"event_name":"Back to Basics","floor":19,"gold_loss":0},{"damage_healed":0,"gold_gain":0,"cards_transformed":["Sunder"],"player_choice":"Transformed","damage_taken":0,"max_hp_gain":0,"max_hp_loss":0,"event_name":"Transmorgrifier","floor":20,"gold_loss":0,"cards_obtained":["Tempest"]}],"is_beta":false,"boss_relics":[{"not_picked":["Lizard Tail","Calling Bell"],"picked":"Pandora\u0027s Box"}],"items_purged_floors":[],"is_endless":false,"potions_floor_spawned":[3,10,12,16,18],"killed_by":"Centurion and Healer","ascension_level":2}