{"gold_per_floor":[114,45,57,57,68,68,86,86,86,52,72,86,86,115,115,211,211,227,244,244,17,27,27,27,45,72,83,109,109,13,23,23,23],"floor_reached":33,"playtime":2876,"items_purged":[],"score":350,"play_id":"5c2986d0-42a3-408b-b15f-8c717cff7695","local_time":"20190517115047","is_ascension_mode":true,"campfire_choices":[{"data":"True Grit","floor":6.0,"key":"SMITH"},{"data":"Inflame","floor":8.0,"key":"SMITH"},{"data":"Dark Embrace","floor":13.0,"key":"SMITH"},{"data":"Heavy Blade","floor":15.0,"key":"SMITH"},{"floor":24.0,"key":"REST"},{"data":"Uppercut","floor":29.0,"key":"SMITH"},{"floor":32.0,"key":"REST"}],"neow_cost":"TEN_PERCENT_HP_LOSS","seed_source_timestamp":75214953459280,"circlet_count":0,"master_deck":["Strike_R","Strike_R","Strike_R","Strike_R","Strike_R","Defend_R","Defend_R","Defend_R","Bash","Panacea","Forethought","True Grit+1","Inflame+1","Headbutt","Headbutt","Seeing Red+1","Feel No Pain","Dark Embrace+1","Heavy Blade+1","Reaper","True Grit+1","Ghostly Armor+1","Shrug It Off+1","Shrug It Off+1","Uppercut+1","Whirlwind","Disarm+1","Havoc+1","Metallicize","Seeing Red+1","Offering+1"],"special_seed":0,"relics":["Burning Blood","Toxic Egg 2","Mango","Orrery","MutagenicStrength","Membership Card","Centennial Puzzle","Bag of Preparation","Vajra"],"potions_floor_usage":[33,33,33],"damage_taken":[{"damage":9.0,"enemies":"Jaw Worm","floor":1.0,"turns":4.0},{"damage":13.0,"enemies":"Cultist","floor":3.0,"turns":5.0},{"damage":9.0,"enemies":"2 Louse","floor":5.0,"turns":3.0},{"damage":20.0,"enemies":"Large Slime","floor":7.0,"turns":7.0},{"damage":1.0,"enemies":"Exordium Thugs","floor":11.0,"turns":4.0},{"damage":6.0,"enemies":"2 Fungi Beasts","floor":12.0,"turns":4.0},{"damage":25.0,"enemies":"Gremlin Nob","floor":14.0,"turns":5.0},{"damage":26.0,"enemies":"Slime Boss","floor":16.0,"turns":12.0},{"damage":7.0,"enemies":"Chosen","floor":18.0,"turns":6.0},{"damage":18.0,"enemies":"Spheric Guardian","floor":19.0,"turns":7.0},{"damage":74.0,"enemies":"3 Cultists","floor":22.0,"turns":6.0},{"damage":13.0,"enemies":"Snecko","floor":25.0,"turns":7.0},{"damage":20.0,"enemies":"Shelled Parasite and Fungi","floor":27.0,"turns":8.0},{"damage":23.0,"enemies":"Book of Stabbing","floor":28.0,"turns":9.0},{"damage":36.0,"enemies":"3 Cultists","floor":31.0,"turns":7.0},{"damage":62,"enemies":"Champ","floor":33,"turns":12}],"seed_played":"326828543450285573","potions_obtained":[{"floor":1.0,"key":"Fruit Juice"},{"floor":5.0,"key":"Weak Potion"},{"floor":7.0,"key":"Block Potion"},{"floor":11.0,"key":"Poison Potion"},{"floor":14.0,"key":"Regen Potion"},{"floor":22.0,"key":"Fire Potion"},{"floor":25.0,"key":"PowerPotion"},{"floor":28.0,"key":"SpeedPotion"}],"is_trial":false,"path_per_floor":["M","$","M","?","M","R","M","R","T","$","M","M","R","E","R","B",null,"M","M","?","$","M","?","R","M","T","M","E","R","$","M","R","B"],"character_chosen":"IRONCLAD","items_purchased":["Inflame","Seeing Red+1","Membership Card","Disarm+1","Seeing Red+1","Vajra"],"campfire_rested":2,"item_purchase_floors":[2,10,21,21,30,30],"current_hp_per_floor":[74,74,67,60,57,57,43,43,43,43,48,48,48,43,43,23,74,73,68,68,68,15,15,42,45,45,41,34,34,34,28,55,0],"gold":23,"neow_bonus":"RANDOM_COLORLESS_2","is_prod":false,"is_daily":false,"chose_seed":false,"campfire_upgraded":5,"win_rate":0,"timestamp":1558086647,"path_taken":["M","$","M","?","M","R","M","R","T","$","M","M","R","E","R","BOSS","M","M","?","$","M","?","R","M","T","M","E","R","?","M","R","BOSS"],"build_version":"2019-01-23","purchased_purges":0,"victory":false,"max_hp_per_floor":[77,77,77,77,77,77,77,77,77,77,77,77,77,91,91,91,91,91,91,91,91,91,91,91,91,91,91,91,91,91,91,91,91],"card_choices":[{"not_picked":["Iron Wave","Burning Pact"],"picked":"True Grit","floor":1.0},{"not_picked":["Hemokinesis","Cleave"],"picked":"Headbutt","floor":3.0},{"not_picked":["Twin Strike","Hemokinesis"],"picked":"Headbutt","floor":5.0},{"not_picked":["Havoc","Sword Boomerang","Sever Soul"],"picked":"SKIP","floor":7.0},{"not_picked":["Combust","Carnage"],"picked":"Feel No Pain","floor":11.0},{"not_picked":["Perfected Strike","Warcry+1"],"picked":"Dark Embrace","floor":12.0},{"not_picked":["Rampage","Clash"],"picked":"Heavy Blade","floor":14.0},{"not_picked":["Feed","Barricade"],"picked":"Reaper","floor":16.0},{"not_picked":["Twin Strike","Sword Boomerang"],"picked":"True Grit+1","floor":17.0},{"not_picked":["Armaments+1","Flex+1"],"picked":"Ghostly Armor+1","floor":17.0},{"not_picked":["Metallicize","Wild Strike"],"picked":"Shrug It Off+1","floor":17.0},{"not_picked":["Brutality","Sever Soul"],"picked":"Shrug It Off+1","floor":17.0},{"not_picked":["Second Wind+1","Armaments+1"],"picked":"Uppercut","floor":18.0},{"not_picked":["Clothesline","Armaments+1"],"picked":"Whirlwind","floor":19.0},{"not_picked":["Armaments+1","Burning Pact+1","Iron Wave"],"picked":"SKIP","floor":22.0},{"not_picked":["Headbutt","Twin Strike"],"picked":"Havoc+1","floor":25.0},{"not_picked":["Pommel Strike","Armaments+1","Sword Boomerang"],"picked":"SKIP","floor":27.0},{"not_picked":["Pommel Strike","Clash+1"],"picked":"Metallicize","floor":28.0},{"not_picked":["Feel No Pain","Intimidate+1"],"picked":"Offering+1","floor":31.0}],"player_experience":295329,"relics_obtained":[{"floor":9.0,"key":"Toxic Egg 2"},{"floor":14.0,"key":"Mango"},{"floor":26.0,"key":"Centennial Puzzle"},{"floor":28.0,"key":"Bag of Preparation"}],"event_choices":[{"cards_removed":["Defend_R"],"damage_healed":0.0,"max_hp_gain":0.0,"max_hp_loss":0.0,"gold_gain":0.0,"event_name":"Golden Wing","player_choice":"Card Removal","floor":4.0,"gold_loss":0.0,"damage_taken":7.0},{"damage_healed":0.0,"max_hp_gain":0.0,"max_hp_loss":0.0,"gold_gain":0.0,"event_name":"Drug Dealer","player_choice":"Inject Mutagens","floor":20.0,"gold_loss":0.0,"damage_taken":0.0,"relics_obtained":["MutagenicStrength"]},{"damage_healed":0.0,"max_hp_gain":0.0,"max_hp_loss":0.0,"gold_gain":0.0,"event_name":"The Mausoleum","player_choice":"Ignored","floor":23.0,"gold_loss":0.0,"damage_taken":0.0}],"is_beta":false,"boss_relics":[{"not_picked":["Snecko Eye","Busted Crown"],"picked":"Orrery"}],"items_purged_floors":[],"is_endless":false,"potions_floor_spawned":[1,5,7,11,14,22,25,28],"killed_by":"Champ","ascension_level":6}