{"gold_per_floor":[118,137,148,162,182,215,165,165,243,259,259,585,585,618,618,715,715,730,645,425,436,164,164,192,192,246,273,273,308,308],"floor_reached":30,"playtime":1701,"items_purged":["Strike_R","Strike_R"],"score":445,"play_id":"2e37a99a-44b3-4565-acc0-c39ec3d9d214","local_time":"20190507201752","is_ascension_mode":true,"campfire_choices":[{"floor":11,"key":"REST"},{"floor":13,"key":"REST"},{"floor":15,"key":"REST"},{"floor":23,"key":"REST"},{"floor":25,"key":"REST"},{"floor":28,"key":"REST"}],"neow_cost":"NONE","seed_source_timestamp":2007864571257417,"circlet_count":0,"master_deck":["Strike_R+1","Strike_R","Defend_R","Defend_R","Defend_R+1","Defend_R","Bash","Inflame","Entrench","Clothesline","Combust","Metallicize","Barricade","Flame Barrier","Iron Wave","Armaments","Clothesline","Juggernaut","Iron Wave","Mayhem","Body Slam","Armaments+1"],"relics":["Velvet Choker","Ornamental Fan","Sundial","Old Coin","Vajra","Orrery","Self Forming Clay","Bottled Flame","Ancient Tea Set","Matryoshka","Smiling Mask"],"potions_floor_usage":[6,12,14,16,16],"damage_taken":[{"damage":2,"enemies":"Jaw Worm","floor":1,"turns":3},{"damage":1,"enemies":"2 Louse","floor":2,"turns":2},{"damage":0,"enemies":"Cultist","floor":3,"turns":3},{"damage":2,"enemies":"Looter","floor":4,"turns":4},{"damage":9,"enemies":"Red Slaver","floor":5,"turns":4},{"damage":28,"enemies":"Lagavulin","floor":6,"turns":4},{"damage":0,"enemies":"Large Slime","floor":10,"turns":4},{"damage":20,"enemies":"Gremlin Nob","floor":12,"turns":4},{"damage":23,"enemies":"Lagavulin","floor":14,"turns":4},{"damage":9,"enemies":"The Guardian","floor":16,"turns":10},{"damage":33,"enemies":"2 Thieves","floor":18,"turns":4},{"damage":7,"enemies":"Shell Parasite","floor":21,"turns":22},{"damage":57,"enemies":"Gremlin Leader","floor":24,"turns":8},{"damage":28,"enemies":"Book of Stabbing","floor":27,"turns":6},{"damage":20,"enemies":"Gremlin Leader","floor":29,"turns":6},{"damage":9,"enemies":"Centurion and Healer","floor":30,"turns":4}],"seed_played":"-749816616539084011","potions_obtained":[{"floor":1,"key":"Ancient Potion"},{"floor":3,"key":"Poison Potion"},{"floor":4,"key":"PowerPotion"},{"floor":10,"key":"SteroidPotion"},{"floor":12,"key":"PowerPotion"},{"floor":14,"key":"LiquidBronze"},{"floor":21,"key":"FairyPotion"},{"floor":29,"key":"SteroidPotion"}],"is_trial":false,"path_per_floor":["M","M","M","M","M","E","?","?","T","M","R","E","R","E","R","B",null,"M","?","$","M","$","R","E","R","T","E","R","E","M"],"character_chosen":"IRONCLAD","items_purchased":["Juggernaut","Mayhem"],"campfire_rested":6,"item_purchase_floors":[20,22],"current_hp_per_floor":[78,77,77,75,66,38,38,22,22,22,46,26,50,27,51,42,71,38,38,38,31,31,55,6,30,30,2,26,6,0],"gold":308,"neow_bonus":"BOSS_RELIC","is_prod":false,"is_daily":false,"chose_seed":false,"campfire_upgraded":0,"win_rate":0,"timestamp":1557274672,"path_taken":["M","M","M","M","M","E","?","?","T","M","R","E","R","E","R","BOSS","M","?","$","M","$","R","E","R","T","E","R","E","M"],"build_version":"2019-01-23","purchased_purges":2,"victory":false,"max_hp_per_floor":[80,80,80,80,80,80,80,80,80,80,80,80,80,80,80,80,80,80,80,80,80,80,80,80,80,80,80,80,80,80],"card_choices":[{"not_picked":["Infernal Blade","Bloodletting"],"picked":"Inflame","floor":1},{"not_picked":["Anger","Burning Pact","Pommel Strike"],"picked":"SKIP","floor":2},{"not_picked":["Rupture","Hemokinesis"],"picked":"Entrench","floor":3},{"not_picked":["Clash","Havoc"],"picked":"Clothesline","floor":4},{"not_picked":["Iron Wave","Shrug It Off"],"picked":"Combust","floor":5},{"not_picked":["Flex","Havoc","Armaments"],"picked":"SKIP","floor":6},{"not_picked":["Iron Wave","Dropkick","Pommel Strike"],"picked":"SKIP","floor":10},{"not_picked":["Dropkick","Body Slam","Flex"],"picked":"SKIP","floor":12},{"not_picked":["Flex","Anger"],"picked":"Metallicize","floor":14},{"not_picked":["Exhume","Immolate"],"picked":"Barricade","floor":16},{"not_picked":["Combust","Metallicize"],"picked":"Flame Barrier","floor":17},{"not_picked":["Heavy Blade","Pommel Strike"],"picked":"Iron Wave","floor":17},{"not_picked":["Sentinel","Battle Trance"],"picked":"Armaments","floor":17},{"not_picked":["Havoc","Wild Strike"],"picked":"Clothesline","floor":17},{"not_picked":["Fiend Fire","Havoc","Heavy Blade+1"],"picked":"SKIP","floor":18},{"not_picked":["Sentinel","Power Through"],"picked":"Iron Wave","floor":21},{"not_picked":["Inflame+1","Demon Form"],"picked":"Body Slam","floor":24},{"not_picked":["Headbutt","Twin Strike"],"picked":"Armaments+1","floor":27},{"not_picked":["Armaments","Iron Wave","Pommel Strike+1"],"picked":"SKIP","floor":29}],"player_experience":190956,"relics_obtained":[{"floor":6,"key":"Ornamental Fan"},{"floor":9,"key":"Sundial"},{"floor":12,"key":"Old Coin"},{"floor":14,"key":"Vajra"},{"floor":24,"key":"Bottled Flame"},{"floor":26,"key":"Ancient Tea Set"},{"floor":27,"key":"Matryoshka"},{"floor":29,"key":"Smiling Mask"}],"event_choices":[{"cards_removed":["Strike_R"],"damage_healed":0,"gold_gain":0,"player_choice":"Card Removal","damage_taken":0,"max_hp_gain":0,"max_hp_loss":0,"event_name":"The Cleric","floor":7,"gold_loss":50},{"damage_healed":0,"gold_gain":0,"player_choice":"Entered Light","damage_taken":16,"max_hp_gain":0,"max_hp_loss":0,"event_name":"Shining Light","floor":8,"gold_loss":0,"cards_upgraded":["Strike_R","Defend_R"]},{"damage_healed":0,"gold_gain":0,"player_choice":"Obtained Relic","damage_taken":0,"relics_obtained":["Self Forming Clay"],"max_hp_gain":0,"max_hp_loss":0,"event_name":"Addict","floor":19,"gold_loss":85}],"is_beta":false,"boss_relics":[{"not_picked":["White Beast Statue","Busted Crown"],"picked":"Orrery"}],"items_purged_floors":[20,22],"is_endless":false,"potions_floor_spawned":[1,3,4,10,12,14,21,29],"killed_by":"Centurion and Healer","ascension_level":5}