{"gold_per_floor":[109,184,199,215,215,240,240,240],"floor_reached":8,"playtime":584,"items_purged":[],"score":56,"play_id":"b89b05c8-2ef1-4568-a7df-89053e07c41c","local_time":"20190517140851","is_ascension_mode":false,"campfire_choices":[],"neow_cost":"NONE","seed_source_timestamp":49599985865100,"circlet_count":0,"master_deck":["Defend_G","Defend_G","Defend_G","Defend_G","Defend_G","Strike_G","Strike_G","Strike_G","Strike_G","Strike_G","Survivor","Neutralize","Bouncing Flask","Predator","Bouncing Flask","Quick Slash","Envenom","Pain"],"relics":["Ring of the Snake","Juzu Bracelet","WarpedTongs"],"potions_floor_usage":[],"damage_taken":[{"damage":6,"enemies":"2 Louse","floor":1,"turns":2},{"damage":1,"enemies":"Jaw Worm","floor":3,"turns":6},{"damage":0,"enemies":"Cultist","floor":4,"turns":3},{"damage":17,"enemies":"Lagavulin","floor":6,"turns":6},{"damage":35,"enemies":"3 Sentries","floor":8,"turns":5}],"seed_played":"2882532093652892088","potions_obtained":[{"floor":1,"key":"EssenceOfSteel"},{"floor":3,"key":"SkillPotion"}],"is_trial":false,"path_per_floor":["M","?","M","M","?","E","?","E"],"character_chosen":"THE_SILENT","items_purchased":[],"campfire_rested":0,"item_purchase_floors":[],"current_hp_per_floor":[64,53,52,52,52,35,35,0],"gold":240,"neow_bonus":"THREE_CARDS","is_prod":false,"is_daily":false,"chose_seed":false,"campfire_upgraded":0,"win_rate":0.0,"timestamp":1558116531,"path_taken":["M","?","M","M","?","E","?","E"],"build_version":"2019-01-23","purchased_purges":0,"victory":false,"max_hp_per_floor":[70,70,70,70,70,70,70,70],"card_choices":[{"not_picked":["Leg Sweep","Sucker Punch"],"picked":"Bouncing Flask","floor":0},{"not_picked":["Choke","Blade Dance"],"picked":"Predator","floor":1},{"not_picked":["Sucker Punch","Poisoned Stab"],"picked":"Bouncing Flask","floor":3},{"not_picked":["Deadly Poison","Dodge and Roll"],"picked":"Quick Slash","floor":4},{"not_picked":["Poisoned Stab","Distraction"],"picked":"Envenom","floor":6}],"player_experience":8155,"relics_obtained":[{"floor":6,"key":"Juzu Bracelet"}],"event_choices":[{"damage_healed":0,"gold_gain":75,"player_choice":"Gather Gold","damage_taken":11,"max_hp_gain":0,"max_hp_loss":0,"event_name":"World of Goop","floor":2,"gold_loss":0},{"damage_healed":0,"gold_gain":0,"player_choice":"Ignored","damage_taken":0,"max_hp_gain":0,"max_hp_loss":0,"event_name":"Liars Game","floor":5,"gold_loss":0},{"damage_healed":0,"gold_gain":0,"player_choice":"Rummage","damage_taken":0,"relics_obtained":["WarpedTongs"],"max_hp_gain":0,"max_hp_loss":0,"event_name":"Accursed Blacksmith","floor":7,"gold_loss":0,"cards_obtained":["Pain"]}],"is_beta":false,"boss_relics":[],"items_purged_floors":[],"is_endless":false,"potions_floor_spawned":[1,3],"killed_by":"3 Sentries","ascension_level":0}