{"gold_per_floor":[115,40,51,51,63,63,80,80,80,80,80,96,96,114,114,187,187,187,187,187],"floor_reached":20,"playtime":803,"items_purged":[],"score":291,"play_id":"69920270-d0c1-4b6a-a3c7-faac158a032f","local_time":"20190304004203","is_ascension_mode":true,"campfire_choices":[{"data":"Defend_B","floor":6,"key":"SMITH"},{"data":"Tempest","floor":10,"key":"SMITH"},{"floor":13,"key":"REST"},{"floor":15,"key":"REST"}],"neow_cost":"NONE","seed_source_timestamp":170295886796291,"circlet_count":0,"master_deck":["AscendersBane","Strike_B","Defend_B+1","Defend_B","Defend_B","Defend_B","Zap","Dualcast","Tempest+1","Storm","Gash","Cold Snap","Gash","Hyperbeam","Redo+1","Conserve Battery"],"relics":["Cracked Core","Pear","Ectoplasm"],"potions_floor_usage":[12,12,16],"damage_taken":[{"damage":6,"enemies":"Jaw Worm","floor":1,"turns":4},{"damage":3,"enemies":"Small Slimes","floor":3,"turns":3},{"damage":2,"enemies":"2 Louse","floor":5,"turns":3},{"damage":11,"enemies":"2 Fungi Beasts","floor":7,"turns":3},{"damage":22,"enemies":"Gremlin Gang","floor":12,"turns":4},{"damage":6,"enemies":"Blue Slaver","floor":14,"turns":4},{"damage":70,"enemies":"Hexaghost","floor":16,"turns":12},{"damage":12,"enemies":"Spheric Guardian","floor":18,"turns":4},{"damage":14,"enemies":"Chosen","floor":19,"turns":4},{"damage":58,"enemies":"Shelled Parasite and Fungi","floor":20,"turns":5}],"seed_played":"2945570183826080655","potions_obtained":[{"floor":1,"key":"FocusPotion"},{"floor":5,"key":"Strength Potion"},{"floor":12,"key":"Dexterity Potion"},{"floor":19,"key":"Swift Potion"}],"is_trial":false,"path_per_floor":["M","?","M","?","M","R","M","?","T","R","?","M","R","M","R","B",null,"M","M","M"],"character_chosen":"DEFECT","items_purchased":[],"campfire_rested":2,"item_purchase_floors":[],"current_hp_per_floor":[65,65,62,62,60,60,49,42,52,52,52,30,56,50,76,6,68,56,42,0],"gold":187,"neow_bonus":"TEN_PERCENT_HP_BONUS","is_prod":false,"is_daily":false,"chose_seed":false,"campfire_upgraded":2,"win_rate":0,"timestamp":1551652923,"path_taken":["M","?","M","?","M","R","M","?","T","R","?","M","R","M","R","BOSS","M","?","M"],"build_version":"2019-01-23","purchased_purges":0,"victory":false,"max_hp_per_floor":[78,78,78,78,78,78,78,78,88,88,88,88,88,88,88,88,88,88,88,88],"card_choices":[{"not_picked":["Rebound","Coolheaded"],"picked":"Tempest","floor":1},{"not_picked":["Coolheaded","Compile Driver","Steam Power"],"picked":"SKIP","floor":3},{"not_picked":["Reboot","Cold Snap","Rebound"],"picked":"SKIP","floor":5},{"not_picked":["Loop","Barrage"],"picked":"Gash","floor":7},{"not_picked":["Aggregate","Chaos"],"picked":"Cold Snap","floor":12},{"not_picked":["Stack","Cold Snap"],"picked":"Gash","floor":14},{"not_picked":["Seek","Meteor Strike"],"picked":"Hyperbeam","floor":16},{"not_picked":["Coolheaded","Turbo"],"picked":"Redo+1","floor":18},{"not_picked":["Go for the Eyes+1","Chill"],"picked":"Conserve Battery","floor":19}],"player_experience":723713,"relics_obtained":[{"floor":9,"key":"Pear"}],"event_choices":[{"cards_removed":["Strike_B"],"damage_healed":0,"gold_gain":0,"player_choice":"Card Removal","damage_taken":0,"max_hp_gain":0,"max_hp_loss":0,"event_name":"The Cleric","floor":2,"gold_loss":75},{"damage_healed":0,"gold_gain":0,"cards_transformed":["Strike_B"],"player_choice":"Change","damage_taken":0,"max_hp_gain":0,"max_hp_loss":0,"event_name":"Living Wall","floor":4,"gold_loss":0,"cards_obtained":["Storm"]},{"cards_removed":["Strike_B"],"damage_healed":0,"gold_gain":0,"player_choice":"Card Removal","damage_taken":7,"max_hp_gain":0,"max_hp_loss":0,"event_name":"Golden Wing","floor":8,"gold_loss":0},{"damage_healed":0,"gold_gain":0,"player_choice":"Got Potions","damage_taken":0,"max_hp_gain":0,"max_hp_loss":0,"event_name":"Lab","floor":11,"gold_loss":0}],"is_beta":false,"boss_relics":[{"not_picked":["Snecko Eye","Busted Crown"],"picked":"Ectoplasm"}],"items_purged_floors":[],"is_endless":false,"potions_floor_spawned":[1,5,12,19],"killed_by":"Shelled Parasite and Fungi","ascension_level":15}