{"gold_per_floor":[111,127,141,160,180,206,218,236,236,236,268,332,297,317,317,317],"floor_reached":16,"playtime":2051,"items_purged":[],"score":116,"play_id":"0b078e8b-5514-430e-8546-737fe6d8db88","local_time":"20190418235505","is_ascension_mode":false,"campfire_choices":[{"floor":10,"key":"REST"},{"floor":15,"key":"REST"}],"neow_cost":"NONE","seed_source_timestamp":378942111109453,"circlet_count":0,"master_deck":["Strike_B","Strike_B","Strike_B","Strike_B","Defend_B","Defend_B","Defend_B","Defend_B","Zap","Dualcast","Blind","Streamline","Glacier","Conserve Battery","Streamline","Echo Form","Undo","White Noise","Double Energy","Conserve Battery","FTL"],"relics":["Cracked Core","Bottled Tornado","WingedGreaves","Juzu Bracelet"],"potions_floor_usage":[7,14,16,16],"damage_taken":[{"damage":10,"enemies":"Small Slimes","floor":1,"turns":3},{"damage":0,"enemies":"2 Louse","floor":2,"turns":2},{"damage":0,"enemies":"Jaw Worm","floor":3,"turns":4},{"damage":1,"enemies":"Looter","floor":4,"turns":4},{"damage":8,"enemies":"2 Fungi Beasts","floor":5,"turns":4},{"damage":17,"enemies":"Lagavulin","floor":6,"turns":8},{"damage":9,"enemies":"Red Slaver","floor":7,"turns":3},{"damage":1,"enemies":"3 Louse","floor":8,"turns":4},{"damage":17,"enemies":"3 Sentries","floor":11,"turns":9},{"damage":49,"enemies":"Gremlin Gang","floor":14,"turns":6},{"damage":26,"enemies":"Hexaghost","floor":16,"turns":14}],"seed_played":"-1084595447652907648","potions_obtained":[{"floor":4,"key":"Poison Potion"},{"floor":5,"key":"Weak Potion"},{"floor":6,"key":"Weak Potion"},{"floor":11,"key":"Poison Potion"}],"is_trial":false,"path_per_floor":["M","M","M","M","M","E","M","M","T","R","E","?","?","M","R","B"],"character_chosen":"DEFECT","items_purchased":[],"campfire_rested":2,"item_purchase_floors":[],"current_hp_per_floor":[65,65,65,64,56,39,30,29,29,51,34,34,52,3,25,0],"gold":317,"neow_bonus":"RANDOM_COLORLESS","is_prod":false,"is_daily":false,"chose_seed":false,"campfire_upgraded":0,"win_rate":0.0,"timestamp":1555646105,"path_taken":["M","M","M","M","M","E","M","M","T","R","E","?","?","M","R","BOSS"],"build_version":"2019-01-23","purchased_purges":0,"victory":false,"max_hp_per_floor":[75,75,75,75,75,75,75,75,75,75,75,75,75,75,75,75],"card_choices":[{"not_picked":["Barrage","Undo"],"picked":"Streamline","floor":1},{"not_picked":["Double Energy","Hologram"],"picked":"Glacier","floor":2},{"not_picked":["Gash","Go for the Eyes"],"picked":"Conserve Battery","floor":3},{"not_picked":["Lockon","Sweeping Beam"],"picked":"Streamline","floor":4},{"not_picked":["Rebound","Redo"],"picked":"Echo Form","floor":5},{"not_picked":["Redo","Meteor Strike"],"picked":"Undo","floor":6},{"not_picked":["Steam Power","Undo"],"picked":"White Noise","floor":7},{"not_picked":["Capacitor","Doom and Gloom"],"picked":"Double Energy","floor":8},{"not_picked":["Lockon","Rip and Tear"],"picked":"Conserve Battery","floor":11},{"not_picked":["Stack","Turbo"],"picked":"FTL","floor":14}],"player_experience":104337,"relics_obtained":[{"floor":6,"key":"Bottled Tornado"},{"floor":9,"key":"WingedGreaves"},{"floor":11,"key":"Juzu Bracelet"}],"event_choices":[{"damage_healed":0,"gold_gain":64,"player_choice":"Gained Gold","damage_taken":0,"max_hp_gain":0,"max_hp_loss":0,"event_name":"Golden Wing","floor":12,"gold_loss":0},{"damage_healed":18,"gold_gain":0,"player_choice":"Healed","damage_taken":0,"max_hp_gain":0,"max_hp_loss":0,"event_name":"The Cleric","floor":13,"gold_loss":35}],"is_beta":false,"boss_relics":[],"items_purged_floors":[],"is_endless":false,"potions_floor_spawned":[4,5,6,11],"killed_by":"Hexaghost","ascension_level":0}