{"gold_per_floor":[114,20,20,31,106,137,137,172,172,172,188,188,208,240,240,240],"floor_reached":16,"playtime":601,"items_purged":[],"score":268,"play_id":"09f8524b-d10a-458d-b4af-7ba963bae74d","local_time":"20190329142321","is_ascension_mode":true,"campfire_choices":[{"data":"Neutralize","floor":7,"key":"SMITH"},{"floor":12,"key":"REST"},{"data":"Deadly Poison","floor":15,"key":"SMITH"}],"neow_cost":"NONE","seed_source_timestamp":262288092700338,"circlet_count":0,"master_deck":["AscendersBane","Defend_G","Defend_G","Defend_G","Defend_G","Defend_G","Strike_G","Strike_G","Strike_G","Strike_G","Strike_G","Survivor","Neutralize+1","Dagger Spray","Deadly Poison+1","Quick Slash","Dodge and Roll","PiercingWail","Dagger Throw","Acrobatics"],"relics":["Ring of the Snake","NeowsBlessing","Tough Bandages","Orichalcum","Nunchaku","Boot"],"potions_floor_usage":[10,14],"damage_taken":[{"damage":0,"enemies":"Cultist","floor":1,"turns":1},{"damage":0,"enemies":"2 Louse","floor":4,"turns":1},{"damage":0,"enemies":"Gremlin Nob","floor":6,"turns":1},{"damage":32,"enemies":"Lagavulin","floor":8,"turns":9},{"damage":0,"enemies":"Gremlin Nob","floor":10,"turns":1},{"damage":1,"enemies":"Jaw Worm","floor":11,"turns":3},{"damage":4,"enemies":"Exordium Thugs","floor":13,"turns":9},{"damage":20,"enemies":"Lagavulin","floor":14,"turns":8},{"damage":11,"enemies":"Hexaghost","floor":16,"turns":8}],"seed_played":"5744957889168151291","potions_obtained":[{"floor":6,"key":"SmokeBomb"},{"floor":11,"key":"SteroidPotion"},{"floor":14,"key":"Weak Potion"}],"is_trial":false,"path_per_floor":["M","$","$","M","?","E","R","E","T","E","M","R","M","E","R","B"],"character_chosen":"THE_SILENT","items_purchased":["Deadly Poison","Quick Slash"],"campfire_rested":1,"item_purchase_floors":[2,2],"current_hp_per_floor":[59,59,59,59,48,48,48,16,16,16,15,34,30,10,10,0],"gold":240,"neow_bonus":"THREE_ENEMY_KILL","is_prod":false,"is_daily":false,"chose_seed":false,"campfire_upgraded":2,"win_rate":0,"timestamp":1553883801,"path_taken":["M","?","$","M","?","E","R","E","T","E","M","R","M","E","R","BOSS"],"build_version":"2019-01-23","purchased_purges":0,"victory":false,"max_hp_per_floor":[66,66,66,66,66,66,66,66,66,66,66,66,66,66,66,66],"card_choices":[{"not_picked":["Sucker Punch","Outmaneuver"],"picked":"Dagger Spray","floor":1},{"not_picked":["Finisher","Setup","Reflex"],"picked":"SKIP","floor":4},{"not_picked":["Finisher","Riddle With Holes"],"picked":"Dodge and Roll","floor":6},{"not_picked":["Blur","Tools of the Trade"],"picked":"PiercingWail","floor":8},{"not_picked":["Heel Hook","Underhanded Strike"],"picked":"Dagger Throw","floor":11},{"not_picked":["Quick Slash","Outmaneuver"],"picked":"Acrobatics","floor":13},{"not_picked":["Eviscerate","Underhanded Strike","Flying Knee"],"picked":"SKIP","floor":14}],"player_experience":525911,"relics_obtained":[{"floor":6,"key":"Tough Bandages"},{"floor":8,"key":"Orichalcum"},{"floor":9,"key":"Nunchaku"},{"floor":14,"key":"Boot"}],"event_choices":[{"damage_healed":0,"gold_gain":75,"player_choice":"Gather Gold","damage_taken":11,"max_hp_gain":0,"max_hp_loss":0,"event_name":"World of Goop","floor":5,"gold_loss":0}],"is_beta":false,"boss_relics":[],"items_purged_floors":[],"is_endless":false,"potions_floor_spawned":[6,11,14],"killed_by":"Hexaghost","ascension_level":15}