{"gold_per_floor":[109,184,184,196,41,41,57,57,57,90,90,108,108,108,108,108],"floor_reached":16,"playtime":228,"items_purged":[],"score":98,"play_id":"0874a88e-6616-4a02-aeec-83774565a1b9","local_time":"20190507222409","is_ascension_mode":false,"campfire_choices":[{"data":"Twin Strike","floor":6,"key":"SMITH"},{"data":"Bash","floor":8,"key":"SMITH"},{"data":"Armaments","floor":13,"key":"SMITH"},{"data":"Madness","floor":15,"key":"SMITH"}],"neow_cost":"NONE","seed_source_timestamp":15217596959300,"circlet_count":0,"master_deck":["Strike_R","Strike_R","Strike_R","Strike_R","Strike_R","Defend_R","Defend_R","Defend_R","Defend_R","Bash+1","Madness+1","Twin Strike+1","Armaments+1","Heavy Blade","Writhe"],"relics":["Burning Blood","Oddly Smooth Stone","Anchor","Art of War","PreservedInsect","Matryoshka"],"potions_floor_usage":[10,16],"damage_taken":[{"damage":6,"enemies":"Jaw Worm","floor":1,"turns":4},{"damage":7,"enemies":"2 Louse","floor":4,"turns":2},{"damage":0,"enemies":"Small Slimes","floor":7,"turns":3},{"damage":14,"enemies":"Gremlin Nob","floor":10,"turns":3},{"damage":31,"enemies":"Exordium Thugs","floor":12,"turns":5},{"damage":16,"enemies":"Hexaghost","floor":16,"turns":5}],"seed_played":"-6737932932804528778","potions_obtained":[{"floor":7,"key":"Explosive Potion"},{"floor":12,"key":"Poison Potion"}],"is_trial":false,"path_per_floor":["M","?","?","M","$","R","M","R","T","E","?","M","R","?","R","B"],"character_chosen":"IRONCLAD","items_purchased":["Anchor"],"campfire_rested":0,"item_purchase_floors":[5],"current_hp_per_floor":[80,69,66,65,65,65,71,71,71,63,63,38,38,38,38,22],"gold":108,"neow_bonus":"RANDOM_COLORLESS","is_prod":false,"is_daily":false,"chose_seed":false,"campfire_upgraded":4,"win_rate":0,"timestamp":1557257049,"path_taken":["M","?","?","M","?","R","M","R","T","E","?","M","R","?","R","BOSS"],"build_version":"2019-01-23","purchased_purges":0,"victory":false,"max_hp_per_floor":[80,80,80,80,80,80,80,80,80,80,80,80,80,80,80,80],"card_choices":[{"not_picked":["Warcry","Pummel"],"picked":"Twin Strike","floor":1},{"not_picked":["Shrug It Off","Iron Wave","Headbutt"],"picked":"SKIP","floor":4},{"not_picked":["Wild Strike","Clothesline","Disarm"],"picked":"SKIP","floor":7},{"not_picked":["Havoc","Clash"],"picked":"Armaments","floor":10},{"not_picked":["Limit Break","Feel No Pain"],"picked":"Heavy Blade","floor":12}],"player_experience":303461,"relics_obtained":[{"floor":9,"key":"Art of War"},{"floor":10,"key":"PreservedInsect"}],"event_choices":[{"damage_healed":0,"gold_gain":75,"player_choice":"Gather Gold","damage_taken":11,"max_hp_gain":0,"max_hp_loss":0,"event_name":"World of Goop","floor":2,"gold_loss":0},{"damage_healed":0,"gold_gain":0,"player_choice":"Success","damage_taken":3,"relics_obtained":["Oddly Smooth Stone"],"max_hp_gain":0,"max_hp_loss":0,"event_name":"Scrap Ooze","floor":3,"gold_loss":0},{"damage_healed":0,"gold_gain":0,"player_choice":"Box","damage_taken":0,"relics_obtained":["Matryoshka"],"max_hp_gain":0,"max_hp_loss":0,"event_name":"Big Fish","floor":11,"gold_loss":0,"cards_obtained":["Regret"]},{"damage_healed":0,"gold_gain":0,"cards_transformed":["Regret"],"player_choice":"Transformed","damage_taken":0,"max_hp_gain":0,"max_hp_loss":0,"event_name":"Transmorgrifier","floor":14,"gold_loss":0,"cards_obtained":["Writhe"]}],"is_beta":false,"boss_relics":[],"items_purged_floors":[],"is_endless":false,"potions_floor_spawned":[7,12],"killed_by":"Hexaghost","ascension_level":0}