{"gold_per_floor":[110,125,125,47,59,84,84,100,100,130,130,153,153,180,180,279,279,268,301,65,82,98,98,129,129,129,158,178,178,178,194,194,299,299,313,313,2,2,15,15,48,48,116,131,131,158,118,130,130,130],"floor_reached":51,"playtime":4198,"items_purged":[],"score":747,"play_id":"6beaf4d3-b4b8-4a93-b36d-5aeee870be7f","local_time":"20190517200508","is_ascension_mode":true,"campfire_choices":[{"data":"Footwork","floor":7.0,"key":"SMITH"},{"floor":13.0,"key":"REST"},{"data":"Noxious Fumes","floor":15.0,"key":"SMITH"},{"data":"Noxious Fumes","floor":23,"key":"SMITH"},{"data":"Well Laid Plans","floor":25,"key":"SMITH"},{"floor":29,"key":"REST"},{"data":"Survivor","floor":32,"key":"SMITH"},{"floor":40,"key":"REST"},{"data":"Malaise","floor":42,"key":"SMITH"},{"data":"Blur","floor":45,"key":"SMITH"},{"floor":49,"key":"REST"}],"neow_cost":"NONE","seed_source_timestamp":104500677126802,"circlet_count":0,"master_deck":["Defend_G","Defend_G","Defend_G","Defend_G","Strike_G","Strike_G","Strike_G","Survivor+1","Neutralize","Footwork+1","Noxious Fumes+1","Blur+1","Noxious Fumes+1","Leg Sweep+1","Die Die Die","Backflip","Well Laid Plans+1","Bandage Up","Die Die Die","Dodge and Roll","Dodge and Roll+1","Dagger Spray","Poisoned Stab","Malaise+1","Madness","Madness","Noxious Fumes","PiercingWail+1","Outmaneuver+1","Night Terror"],"special_seed":0,"relics":["Ring of the Snake","NeowsBlessing","Calipers","Shovel","Dodecahedron","Snake Skull","Gremlin Horn","Red Mask","Smiling Mask","The Courier","Vajra","Bird Faced Urn","Sundial","Meat on the Bone","Oddly Smooth Stone"],"potions_floor_usage":[19,19,22,33,35,44,47,50,50,50],"damage_taken":[{"damage":0.0,"enemies":"Jaw Worm","floor":1.0,"turns":1.0},{"damage":0.0,"enemies":"Small Slimes","floor":2.0,"turns":1.0},{"damage":0.0,"enemies":"2 Louse","floor":5.0,"turns":1.0},{"damage":20.0,"enemies":"Lagavulin","floor":6.0,"turns":12.0},{"damage":4.0,"enemies":"Looter","floor":8.0,"turns":4.0},{"damage":17.0,"enemies":"3 Sentries","floor":10.0,"turns":8.0},{"damage":12.0,"enemies":"Gremlin Nob","floor":14.0,"turns":6.0},{"damage":3.0,"enemies":"Hexaghost","floor":16.0,"turns":12.0},{"damage":1.0,"enemies":"2 Thieves","floor":18.0,"turns":4.0},{"damage":36,"enemies":"Masked Bandits","floor":19,"turns":4},{"damage":2,"enemies":"Shell Parasite","floor":21,"turns":6},{"damage":1,"enemies":"Centurion and Healer","floor":22,"turns":10},{"damage":1,"enemies":"Gremlin Leader","floor":24,"turns":7},{"damage":33,"enemies":"Book of Stabbing","floor":27,"turns":8},{"damage":4,"enemies":"Snake Plant","floor":28,"turns":6},{"damage":3,"enemies":"Shelled Parasite and Fungi","floor":31,"turns":8},{"damage":16,"enemies":"Champ","floor":33,"turns":15},{"damage":10,"enemies":"3 Shapes","floor":35,"turns":4},{"damage":29,"enemies":"Orb Walker","floor":39,"turns":5},{"damage":8,"enemies":"Giant Head","floor":41,"turns":11},{"damage":43,"enemies":"Spire Growth","floor":44,"turns":10},{"damage":37,"enemies":"Reptomancer","floor":46,"turns":9},{"damage":1,"enemies":"4 Shapes","floor":48,"turns":7},{"damage":81,"enemies":"Awakened One","floor":50,"turns":21}],"seed_played":"6726414403851020047","potions_obtained":[{"floor":2.0,"key":"PowerPotion"},{"floor":6.0,"key":"Fire Potion"},{"floor":8.0,"key":"Strength Potion"},{"floor":16.0,"key":"Dexterity Potion"},{"floor":21,"key":"Regen Potion"},{"floor":22,"key":"Energy Potion"},{"floor":28,"key":"SpeedPotion"},{"floor":39,"key":"Regen Potion"},{"floor":44,"key":"LiquidBronze"},{"floor":47,"key":"Fruit Juice"},{"floor":47,"key":"PowerPotion"},{"floor":47,"key":"Weak Potion"}],"is_trial":false,"path_per_floor":["M","M","?","$","M","E","R","M","T","E","?","T","R","E","R","B",null,"M","?","$","M","M","R","E","R","T","E","M","R","?","M","R","B",null,"M","?","$","?","M","R","E","R","T","M","R","E","?","M","R","B",null],"character_chosen":"THE_SILENT","items_purchased":["Footwork","Well Laid Plans","Bandage Up","Die Die Die","Noxious Fumes","Bird Faced Urn"],"campfire_rested":4,"item_purchase_floors":[4,20,20,20,37,37],"current_hp_per_floor":[70,70,70,70,70,50,50,46,46,29,29,29,50,38,38,35,70,69,33,33,35,53,53,56,56,56,27,27,48,48,49,49,37,70,64,55,55,55,38,59,62,62,62,47,47,34,39,52,74,24],"gold":130,"neow_bonus":"THREE_ENEMY_KILL","is_prod":false,"is_daily":false,"chose_seed":false,"campfire_upgraded":7,"win_rate":0,"timestamp":1558116308,"path_taken":["M","M","?","$","M","E","R","M","T","E","?","?","R","E","R","BOSS","M","?","$","M","M","R","E","R","T","E","M","R","?","M","R","BOSS","M","?","$","?","?","R","E","R","T","M","R","E","?","M","R","BOSS"],"build_version":"2019-01-23","purchased_purges":0,"victory":true,"max_hp_per_floor":[70,70,70,70,70,70,70,70,70,70,70,70,70,70,70,70,70,70,70,70,70,70,70,70,70,70,70,70,70,70,70,70,70,70,70,70,70,70,70,70,70,70,70,70,70,70,75,75,75,75],"card_choices":[{"not_picked":["Underhanded Strike","Skewer","Expertise"],"picked":"SKIP","floor":1.0},{"not_picked":["Bouncing Flask","Endless Agony","Acrobatics"],"picked":"SKIP","floor":2.0},{"not_picked":["Bane","Sucker Punch"],"picked":"Noxious Fumes","floor":5.0},{"not_picked":["Cloak And Dagger","Night Terror"],"picked":"Blur","floor":6.0},{"not_picked":["PiercingWail","Deadly Poison"],"picked":"Noxious Fumes","floor":8.0},{"not_picked":["Poisoned Stab","Cloak And Dagger"],"picked":"Leg Sweep","floor":10.0},{"not_picked":["Storm of Steel","Cloak And Dagger","Quick Slash"],"picked":"SKIP","floor":14.0},{"not_picked":["Corpse Explosion","Phantasmal Killer"],"picked":"Die Die Die","floor":16.0},{"not_picked":["Sucker Punch","Dagger Throw","Distraction"],"picked":"SKIP","floor":18.0},{"not_picked":["Acrobatics","Quick Slash"],"picked":"Backflip","floor":19},{"not_picked":["Slice","Outmaneuver","Acrobatics"],"picked":"SKIP","floor":21},{"not_picked":["Outmaneuver+1","Sucker Punch","Cloak And Dagger"],"picked":"SKIP","floor":22},{"not_picked":["Deadly Poison","Choke","Bouncing Flask"],"picked":"SKIP","floor":24},{"not_picked":["Dagger Spray","All Out Attack"],"picked":"Dodge and Roll","floor":27},{"not_picked":["Grand Finale","Prepared"],"picked":"Dodge and Roll+1","floor":28},{"not_picked":["Deadly Poison","Heel Hook+1","Dash"],"picked":"SKIP","floor":31},{"not_picked":["Wraith Form v2","Corpse Explosion"],"picked":"Malaise","floor":33},{"not_picked":["Backflip","Flying Knee","Dodge and Roll"],"picked":"SKIP","floor":35},{"not_picked":["Finisher","Accuracy","Choke+1"],"picked":"SKIP","floor":39},{"not_picked":["Cloak And Dagger+1","Choke"],"picked":"PiercingWail+1","floor":41},{"not_picked":["Dagger Spray+1","Bouncing Flask"],"picked":"Outmaneuver+1","floor":44},{"not_picked":["Bane","Reflex+1","Blade Dance"],"picked":"SKIP","floor":46},{"not_picked":["Deadly Poison","Sucker Punch"],"picked":"Night Terror","floor":48}],"player_experience":316145,"relics_obtained":[{"floor":6.0,"key":"Calipers"},{"floor":9.0,"key":"Shovel"},{"floor":10.0,"key":"Dodecahedron"},{"floor":12.0,"key":"Snake Skull"},{"floor":14.0,"key":"Gremlin Horn"},{"floor":19,"key":"Red Mask"},{"floor":24,"key":"Smiling Mask"},{"floor":26,"key":"The Courier"},{"floor":27,"key":"Vajra"},{"floor":41,"key":"Sundial"},{"floor":43,"key":"Meat on the Bone"},{"floor":46,"key":"Oddly Smooth Stone"}],"event_choices":[{"damage_healed":0.0,"max_hp_gain":0.0,"max_hp_loss":0.0,"gold_gain":0.0,"event_name":"The Cleric","player_choice":"Leave","floor":3.0,"gold_loss":0.0,"damage_taken":0.0},{"damage_healed":0.0,"max_hp_gain":0.0,"max_hp_loss":0.0,"gold_gain":0.0,"event_name":"Living Wall","player_choice":"Grow","floor":11.0,"gold_loss":0.0,"damage_taken":0.0,"cards_upgraded":["Leg Sweep"]},{"damage_healed":0,"gold_gain":0,"player_choice":"Fought Bandits","damage_taken":0,"max_hp_gain":0,"max_hp_loss":0,"event_name":"Masked Bandits","floor":19,"gold_loss":0},{"damage_healed":0,"gold_gain":0,"cards_transformed":["Strike_G","Strike_G"],"player_choice":"Became Test Subject","damage_taken":0,"max_hp_gain":0,"max_hp_loss":0,"event_name":"Drug Dealer","floor":30,"gold_loss":0,"cards_obtained":["Dagger Spray","Poisoned Stab"]},{"damage_healed":0,"gold_gain":0,"player_choice":"Embrace Madness","damage_taken":9,"max_hp_gain":0,"max_hp_loss":0,"event_name":"Winding Halls","floor":36,"gold_loss":0,"cards_obtained":["Madness","Madness"]},{"cards_removed":["Defend_G"],"damage_healed":0,"gold_gain":0,"player_choice":"Card Removal","damage_taken":0,"max_hp_gain":0,"max_hp_loss":0,"event_name":"Wheel of Change","floor":38,"gold_loss":0},{"damage_healed":0,"gold_gain":0,"player_choice":"Bought 3 Potions","damage_taken":0,"max_hp_gain":0,"max_hp_loss":0,"event_name":"The Woman in Blue","floor":47,"gold_loss":0}],"is_beta":false,"boss_relics":[{"not_picked":["Fusion Hammer","HoveringKite","Cursed Key"]},{"not_picked":["Snecko Eye","WristBlade","Busted Crown"]}],"items_purged_floors":[],"is_endless":false,"potions_floor_spawned":[2,6,8,16,21,22,28,39,44,48],"ascension_level":1}