{"gold_per_floor":[114,131,146,20,20,20,50,50,50,63,12,32,32,32,32,127,127,138,70,86,86,103,103,122,122,197,197,197,197,197,214,214,315,315,335,52,63,79,95,95,142,175,175,200,200,210,226,239,239,239,239,239,31,63,63],"floor_reached":55,"playtime":8030,"items_purged":["Regret","Pain"],"score":797,"play_id":"dea5e724-29a3-48e7-9554-89fb13fde1ca","local_time":"20190114124053","is_ascension_mode":true,"campfire_choices":[{"floor":6,"key":"REST"},{"floor":8,"key":"REST"},{"floor":13,"key":"REST"},{"data":"Storm","floor":15,"key":"SMITH"},{"floor":23,"key":"REST"},{"floor":25,"key":"RECALL"},{"floor":30,"key":"REST"},{"floor":32,"key":"REST"},{"floor":40,"key":"REST"},{"floor":45,"key":"REST"},{"floor":49,"key":"REST"},{"floor":52,"key":"REST"}],"neow_cost":"NONE","seed_source_timestamp":232388827899788,"circlet_count":0,"master_deck":["Strike_B+1","Strike_B+1","Strike_B+1","Defend_B+1","Defend_B+1","Defend_B+1","Defend_B+1","Zap","Dualcast","Defragment","Storm+1","Chaos","Defragment","Coolheaded","Seek","Reinforced Body","Turbo","Ball Lightning","Compile Driver","Regret","Fission+1","Leap+1","Hologram+1","Heatsinks","Reprogram+1","Undo+1","Defragment+1","Heatsinks","Meteor Strike","Conserve Battery+1","Doubt","Injury","Hello World+1","Darkness+1","Echo Form","Darkness+1","Chill+1","Enlightenment+1","Conserve Battery+1","Chill+1","Loop","Static Discharge+1","Leap+1","Leap+1","Loop","Aggregate+1"],"relics":["Cursed Key","Prayer Wheel","Cables","Toxic Egg 2","Fusion Hammer","Symbiotic Virus","DataDisk","Enchiridion","Busted Crown","Bird Faced Urn","Pen Nib","Ornamental Fan","Strawberry","Dodecahedron"],"potions_floor_usage":[7,18,22,31,41,46,50,50],"damage_taken":[{"damage":2,"enemies":"2 Louse","floor":1,"turns":3},{"damage":13,"enemies":"Small Slimes","floor":2,"turns":4},{"damage":1,"enemies":"Cultist","floor":3,"turns":4},{"damage":23,"enemies":"Gremlin Nob","floor":7,"turns":6},{"damage":24,"enemies":"Lots of Slimes","floor":10,"turns":4},{"damage":1,"enemies":"Large Slime","floor":12,"turns":4},{"damage":7,"enemies":"Slime Boss","floor":16,"turns":8},{"damage":1,"enemies":"Spheric Guardian","floor":18,"turns":3},{"damage":12,"enemies":"3 Byrds","floor":20,"turns":5},{"damage":4,"enemies":"Sentry and Sphere","floor":22,"turns":7},{"damage":5,"enemies":"Centurion and Healer","floor":24,"turns":4},{"damage":0,"enemies":"3 Cultists","floor":31,"turns":3},{"damage":27,"enemies":"Champ","floor":33,"turns":7},{"damage":0,"enemies":"Orb Walker","floor":35,"turns":3},{"damage":2,"enemies":"3 Shapes","floor":37,"turns":4},{"damage":0,"enemies":"Spire Growth","floor":38,"turns":3},{"damage":0,"enemies":"Sphere and 2 Shapes","floor":39,"turns":3},{"damage":0,"enemies":"2 Orb Walkers","floor":41,"turns":3},{"damage":4,"enemies":"Nemesis","floor":42,"turns":5},{"damage":13,"enemies":"Giant Head","floor":44,"turns":8},{"damage":17,"enemies":"3 Darklings","floor":46,"turns":5},{"damage":4,"enemies":"4 Shapes","floor":47,"turns":4},{"damage":1,"enemies":"Maw","floor":48,"turns":5},{"damage":82,"enemies":"Awakened One","floor":50,"turns":12},{"damage":19,"enemies":"Shield and Spear","floor":54,"turns":5},{"damage":110,"enemies":"The Heart","floor":55,"turns":5}],"seed_played":"1194816056595209019","potions_obtained":[{"floor":1,"key":"FearPotion"},{"floor":2,"key":"LiquidBronze"},{"floor":7,"key":"SteroidPotion"},{"floor":16,"key":"Weak Potion"},{"floor":20,"key":"SkillPotion"},{"floor":22,"key":"Explosive Potion"},{"floor":24,"key":"Fruit Juice"},{"floor":38,"key":"Fire Potion"},{"floor":44,"key":"SkillPotion"},{"floor":46,"key":"EssenceOfSteel"},{"floor":48,"key":"Fruit Juice"}],"is_trial":false,"path_per_floor":["M","M","M","$","?","R","E","R","T","M","$","M","R","?","R","B",null,"M","$","M","?","M","R","M","R","T","?","?","T","R","M","R","B",null,"M","$","M","M","M","R","?","E","T","E","R","M","M","M","R","B",null,"R","$","E","B"],"character_chosen":"DEFECT","items_purchased":["Defragment","Coolheaded","Ball Lightning","Heatsinks","Chill+1","Enlightenment+1","Conserve Battery+1","Loop","Aggregate+1"],"campfire_rested":10,"item_purchase_floors":[4,4,11,19,36,36,36,53,53],"current_hp_per_floor":[73,60,59,59,52,74,51,73,73,49,49,48,70,70,70,63,75,74,74,62,62,58,75,70,70,70,70,54,54,75,80,80,53,80,80,80,78,78,78,80,80,80,80,76,87,80,87,87,87,25,92,92,92,83,0],"gold":63,"neow_bonus":"BOSS_RELIC","is_prod":false,"is_daily":false,"chose_seed":false,"campfire_upgraded":1,"win_rate":0,"timestamp":1547462453,"path_taken":["M","M","M","$","?","R","E","R","T","M","$","M","R","?","R","BOSS","M","$","M","?","M","R","M","R","T","?","?","?","R","M","R","BOSS","M","$","M","?","?","R","?","E","T","E","R","M","M","M","R","BOSS","R","$","E","BOSS"],"build_version":"2019-01-10","purchased_purges":2,"victory":false,"max_hp_per_floor":[75,75,75,75,75,75,75,75,75,75,75,75,75,75,75,75,75,75,75,75,75,75,75,75,75,75,75,75,75,75,80,80,80,80,80,80,80,80,80,80,80,80,80,87,87,87,87,87,87,92,92,92,92,92,92],"card_choices":[{"not_picked":["Capacitor","Compile Driver"],"picked":"Defragment","floor":1},{"not_picked":["Auto Shields","Hologram"],"picked":"Storm","floor":2},{"not_picked":["Leap","Compile Driver"],"picked":"Chaos","floor":3},{"not_picked":["Steam","Cold Snap"],"picked":"Seek","floor":7},{"not_picked":["Go for the Eyes","Streamline"],"picked":"Reinforced Body","floor":10},{"not_picked":["Go for the Eyes","Rebound"],"picked":"Turbo","floor":10},{"not_picked":["Reinforced Body","Barrage"],"picked":"Compile Driver","floor":12},{"not_picked":["Go for the Eyes","Hologram","Turbo"],"picked":"SKIP","floor":12},{"not_picked":["Echo Form","Meteor Strike"],"picked":"Fission+1","floor":16},{"not_picked":["Beam Cell","Hologram+1"],"picked":"Leap+1","floor":18},{"not_picked":["Compile Driver","Blizzard"],"picked":"Hologram+1","floor":18},{"not_picked":["Barrage+1","Hologram+1"],"picked":"Reprogram+1","floor":20},{"not_picked":["Cold Snap+1","Redo+1"],"picked":"Undo+1","floor":20},{"not_picked":["Gash","Cold Snap"],"picked":"Defragment+1","floor":22},{"not_picked":["Gash","Undo+1"],"picked":"Heatsinks","floor":22},{"not_picked":["Redo+1","Stack+1"],"picked":"Meteor Strike","floor":24},{"not_picked":["Compile Driver","Rip and Tear"],"picked":"Conserve Battery+1","floor":24},{"not_picked":["Stack+1","Sweeping Beam"],"picked":"Hello World+1","floor":31},{"not_picked":["Scrape","Beam Cell+1"],"picked":"Darkness+1","floor":31},{"not_picked":["Reboot+1","Biased Cognition"],"picked":"Echo Form","floor":33},{"not_picked":[],"picked":"Darkness+1","floor":35},{"not_picked":["Sweeping Beam"],"picked":"SKIP","floor":35},{"not_picked":[],"picked":"Chill+1","floor":37},{"not_picked":["Barrage+1"],"picked":"SKIP","floor":37},{"not_picked":["Melter+1"],"picked":"SKIP","floor":38},{"not_picked":["Sunder"],"picked":"SKIP","floor":38},{"not_picked":["Fusion+1"],"picked":"SKIP","floor":39},{"not_picked":["Hologram+1"],"picked":"SKIP","floor":39},{"not_picked":["Cold Snap"],"picked":"SKIP","floor":42},{"not_picked":[],"picked":"Loop","floor":44},{"not_picked":[],"picked":"Static Discharge+1","floor":46},{"not_picked":["Hologram+1"],"picked":"SKIP","floor":46},{"not_picked":[],"picked":"Leap+1","floor":47},{"not_picked":["Hologram+1"],"picked":"SKIP","floor":47},{"not_picked":[],"picked":"Leap+1","floor":48},{"not_picked":["Go for the Eyes"],"picked":"SKIP","floor":48},{"not_picked":["Sweeping Beam"],"picked":"SKIP","floor":54}],"player_experience":238211,"relics_obtained":[{"floor":7,"key":"Prayer Wheel"},{"floor":9,"key":"Cables"},{"floor":26,"key":"Symbiotic Virus"},{"floor":28,"key":"Enchiridion"},{"floor":41,"key":"Bird Faced Urn"},{"floor":42,"key":"Pen Nib"},{"floor":43,"key":"Ornamental Fan"},{"floor":44,"key":"Strawberry"},{"floor":54,"key":"Dodecahedron"}],"event_choices":[{"cards_removed":["Strike_B"],"damage_healed":0,"gold_gain":0,"player_choice":"Card Removal","damage_taken":7,"max_hp_gain":0,"max_hp_loss":0,"event_name":"Golden Wing","floor":5,"gold_loss":0},{"damage_healed":0,"gold_gain":0,"player_choice":"Box","damage_taken":0,"relics_obtained":["Toxic Egg 2"],"max_hp_gain":0,"max_hp_loss":0,"event_name":"Big Fish","floor":14,"gold_loss":0,"cards_obtained":["Regret"]},{"damage_healed":0,"gold_gain":0,"player_choice":"Simplicity","damage_taken":0,"max_hp_gain":0,"max_hp_loss":0,"event_name":"Back to Basics","floor":21,"gold_loss":0,"cards_upgraded":["Strike_B","Strike_B","Strike_B","Defend_B","Defend_B","Defend_B","Defend_B"]},{"damage_healed":0,"gold_gain":0,"player_choice":"Opened","damage_taken":0,"relics_obtained":["DataDisk"],"max_hp_gain":0,"max_hp_loss":0,"event_name":"The Mausoleum","floor":27,"gold_loss":0},{"damage_healed":0,"gold_gain":0,"player_choice":"Obtained Book","damage_taken":16,"max_hp_gain":0,"max_hp_loss":0,"event_name":"Cursed Tome","floor":28,"gold_loss":0},{"damage_healed":0,"gold_gain":0,"player_choice":"Fight","damage_taken":0,"max_hp_gain":0,"max_hp_loss":0,"event_name":"Mysterious Sphere","floor":41,"gold_loss":0}],"is_beta":false,"boss_relics":[{"not_picked":["Coffee Dripper","Orrery"],"picked":"Fusion Hammer"},{"not_picked":["Nuclear Battery","White Beast Statue"],"picked":"Busted Crown"}],"items_purged_floors":[36,53],"is_endless":false,"potions_floor_spawned":[1,2,7,16,20,22,24,38,44,46,47,48],"killed_by":"The Heart","ascension_level":2}