{"gold_per_floor":[112,62,62,62,76,109,119,119,119,132,132,151,151,167,167,268,268,281,99,99,118,128,128,128],"floor_reached":24,"playtime":2803,"items_purged":["Defend_R"],"score":267,"play_id":"5c214656-0f96-4187-addd-31b1a2d48f6b","local_time":"20190116161749","is_ascension_mode":true,"campfire_choices":[{"floor":8,"key":"REST"},{"floor":11,"key":"REST"},{"floor":15,"key":"REST"},{"floor":23,"key":"REST"}],"neow_cost":"NONE","seed_source_timestamp":423412879497764,"circlet_count":0,"master_deck":["Strike_R","Strike_R","Strike_R","Defend_R","Defend_R","Defend_R","Bash","Impervious","Seeing Red+1","Second Wind","Iron Wave","Clothesline","Flame Barrier","Berserk","Juggernaut","Pommel Strike","Reaper","Cleave","Cleave","Armaments","Shrug It Off","Ghostly Armor+1"],"special_seed":0,"relics":["Burning Blood","Question Card","Oddly Smooth Stone","Mark of Pain"],"potions_floor_usage":[6,14,16,16,24],"damage_taken":[{"damage":5.0,"enemies":"2 Louse","floor":1.0,"turns":3.0},{"damage":7,"enemies":"Small Slimes","floor":5,"turns":4},{"damage":58,"enemies":"3 Sentries","floor":6,"turns":14},{"damage":4,"enemies":"Cultist","floor":7,"turns":5},{"damage":3,"enemies":"Blue Slaver","floor":10,"turns":4},{"damage":10,"enemies":"Gremlin Gang","floor":12,"turns":9},{"damage":11,"enemies":"Large Slime","floor":14,"turns":7},{"damage":34,"enemies":"Hexaghost","floor":16,"turns":12},{"damage":11,"enemies":"Chosen","floor":18,"turns":6},{"damage":9,"enemies":"3 Byrds","floor":21,"turns":6},{"damage":59,"enemies":"Sentry and Sphere","floor":22,"turns":8},{"damage":54,"enemies":"Gremlin Leader","floor":24,"turns":6}],"seed_played":"7587422254301568374","potions_obtained":[{"floor":1.0,"key":"FearPotion"},{"floor":5,"key":"SpeedPotion"},{"floor":10,"key":"FearPotion"},{"floor":12,"key":"Block Potion"},{"floor":22,"key":"Block Potion"}],"is_trial":false,"path_per_floor":["M","?","?","?","M","E","M","R","T","M","R","M","?","M","R","B",null,"M","$","?","M","M","R","E"],"character_chosen":"IRONCLAD","items_purchased":["Cleave","Armaments"],"campfire_rested":4,"item_purchase_floors":[19,19],"current_hp_per_floor":[73,73,73,73,72,20,22,46,46,49,73,69,69,64,80,52,73,68,68,68,72,20,44,0],"gold":128,"neow_bonus":"ONE_RANDOM_RARE_CARD","is_prod":false,"is_daily":false,"chose_seed":false,"campfire_upgraded":0,"win_rate":0,"timestamp":1547648269,"path_taken":["M","?","?","?","M","E","M","R","T","M","R","M","?","?","R","BOSS","M","$","?","?","?","R","E"],"build_version":"2019-01-10","purchased_purges":1,"victory":false,"max_hp_per_floor":[80,80,80,80,80,80,80,80,80,80,80,80,80,80,80,80,80,80,80,80,80,80,80,80],"card_choices":[{"not_picked":["Dual Wield","Power Through"],"picked":"Seeing Red","floor":1.0},{"not_picked":["Intimidate","Searing Blow"],"picked":"Second Wind","floor":5},{"not_picked":["Perfected Strike","Armaments"],"picked":"Iron Wave","floor":6},{"not_picked":["Feel No Pain","Twin Strike","True Grit"],"picked":"Clothesline","floor":7},{"not_picked":["Armaments","Power Through","Headbutt"],"picked":"Flame Barrier","floor":10},{"not_picked":["Body Slam","Iron Wave","True Grit"],"picked":"Berserk","floor":12},{"not_picked":["Fire Breathing","Armaments","Havoc"],"picked":"Pommel Strike","floor":14},{"not_picked":["Dark Embrace","Berserk","Fiend Fire"],"picked":"Reaper","floor":16},{"not_picked":["Wild Strike+1","Thunderclap","Sever Soul"],"picked":"Cleave","floor":18},{"not_picked":["Havoc","Searing Blow","Rupture"],"picked":"Shrug It Off","floor":21},{"not_picked":["Heavy Blade","Blood for Blood+1","Clash"],"picked":"Ghostly Armor+1","floor":22}],"player_experience":287750,"relics_obtained":[{"floor":6,"key":"Question Card"},{"floor":9,"key":"Oddly Smooth Stone"}],"event_choices":[{"cards_removed":["Strike_R"],"damage_healed":0.0,"max_hp_gain":0.0,"max_hp_loss":0.0,"gold_gain":0.0,"event_name":"The Cleric","player_choice":"Card Removal","floor":2.0,"gold_loss":50.0,"damage_taken":0.0},{"damage_healed":0,"gold_gain":0,"player_choice":"Fled","damage_taken":0,"max_hp_gain":0,"max_hp_loss":0,"event_name":"Scrap Ooze","floor":3,"gold_loss":0},{"damage_healed":0,"gold_gain":0,"player_choice":"Ignored","damage_taken":0,"max_hp_gain":0,"max_hp_loss":0,"event_name":"Liars Game","floor":4,"gold_loss":0},{"damage_healed":0,"gold_gain":0,"cards_transformed":["Strike_R"],"player_choice":"Transformed","damage_taken":0,"max_hp_gain":0,"max_hp_loss":0,"event_name":"Transmorgrifier","floor":13,"gold_loss":0,"cards_obtained":["Juggernaut"]},{"damage_healed":0,"gold_gain":0,"player_choice":"Upgraded","damage_taken":0,"max_hp_gain":0,"max_hp_loss":0,"event_name":"Upgrade Shrine","floor":20,"gold_loss":0,"cards_upgraded":["Seeing Red"]}],"is_beta":false,"boss_relics":[{"not_picked":["Velvet Choker","Tiny House"],"picked":"Mark of Pain"}],"items_purged_floors":[19],"is_endless":false,"potions_floor_spawned":[1,5,10,12,22],"killed_by":"Gremlin Leader","ascension_level":7}