{"gold_per_floor":[111,111,111,129,304,639,639,650,650,650,115,146,146,167,167,291,291,304,318,353,369,393,393,445,445,445,466,490,490,511,546,546,674,674,690,708,281,295,295,295,295,7,32,32,73,98,119,119,119,119],"floor_reached":51,"playtime":3785,"items_purged":["Doubt","Strike_G","Strike_G"],"score":1123,"play_id":"0fb458d3-6bbd-4603-bc97-0845f6858884","local_time":"20190223174225","is_ascension_mode":true,"campfire_choices":[{"data":"Neutralize","floor":7.0,"key":"SMITH"},{"data":"Dagger Throw","floor":10.0,"key":"SMITH"},{"data":"Footwork","floor":15.0,"key":"SMITH"},{"floor":23.0,"key":"REST"},{"floor":25.0,"key":"REST"},{"data":"Burst","floor":29.0,"key":"SMITH"},{"floor":32.0,"key":"REST"},{"data":"Well Laid Plans","floor":40,"key":"SMITH"},{"data":"A Thousand Cuts","floor":44,"key":"SMITH"},{"floor":49,"key":"REST"}],"neow_cost":"NONE","seed_source_timestamp":526053817593148,"circlet_count":0,"master_deck":["AscendersBane","Defend_G+1","Defend_G","Defend_G","Defend_G+1","Defend_G","Survivor","Neutralize+1","Dagger Throw+1","Footwork+1","Well Laid Plans+1","PiercingWail","Dodge and Roll","Predator","Burst+1","Flechettes","Infinite Blades","Cloak And Dagger+1","Noxious Fumes+1","Deflect+1","PiercingWail","Cloak And Dagger","Acrobatics","Backflip+1","Noxious Fumes+1","Venomology+1","Dodge and Roll+1","PiercingWail+1","Crippling Poison","A Thousand Cuts+1","Backflip","Crippling Poison","Blade Dance","Deadly Poison"],"special_seed":0,"relics":["Ring of the Snake","NeowsBlessing","Old Coin","Ice Cream","Bag of Marbles","Medical Kit","Dream Catcher","Golden Idol","WristBlade","Red Mask","Omamori","War Paint","Lantern","Astrolabe","Gambling Chip","Incense Burner","Regal Pillow","Boot"],"potions_floor_usage":[33,45,47,50,50,50,50],"damage_taken":[{"damage":0.0,"enemies":"Jaw Worm","floor":1.0,"turns":1.0},{"damage":0.0,"enemies":"Small Slimes","floor":4.0,"turns":1.0},{"damage":0.0,"enemies":"3 Sentries","floor":6.0,"turns":1.0},{"damage":0.0,"enemies":"2 Louse","floor":8.0,"turns":4.0},{"damage":25.0,"enemies":"Gremlin Nob","floor":12.0,"turns":4.0},{"damage":13.0,"enemies":"Exordium Wildlife","floor":14.0,"turns":6.0},{"damage":0.0,"enemies":"The Guardian","floor":16.0,"turns":17.0},{"damage":24.0,"enemies":"3 Byrds","floor":18.0,"turns":10.0},{"damage":16.0,"enemies":"Chosen","floor":19.0,"turns":9.0},{"damage":5.0,"enemies":"Masked Bandits","floor":20.0,"turns":6.0},{"damage":7.0,"enemies":"Sentry and Sphere","floor":21.0,"turns":12.0},{"damage":0.0,"enemies":"Centurion and Healer","floor":22.0,"turns":9.0},{"damage":3.0,"enemies":"Snake Plant","floor":27.0,"turns":7.0},{"damage":0.0,"enemies":"Snecko","floor":28.0,"turns":7.0},{"damage":7.0,"enemies":"Cultist and Chosen","floor":30.0,"turns":8.0},{"damage":18.0,"enemies":"Book of Stabbing","floor":31.0,"turns":6.0},{"damage":26,"enemies":"Champ","floor":33,"turns":19},{"damage":17,"enemies":"3 Darklings","floor":35,"turns":8},{"damage":0,"enemies":"3 Shapes","floor":36,"turns":5},{"damage":5,"enemies":"Maw","floor":38,"turns":9},{"damage":15,"enemies":"Giant Head","floor":45,"turns":11},{"damage":5,"enemies":"Jaw Worm Horde","floor":46,"turns":5},{"damage":0,"enemies":"3 Darklings","floor":47,"turns":7},{"damage":49,"enemies":"Donu and Deca","floor":50,"turns":9}],"seed_played":"-8822836866172323309","potions_obtained":[{"floor":4.0,"key":"Block Potion"},{"floor":12.0,"key":"SteroidPotion"},{"floor":16.0,"key":"AttackPotion"},{"floor":18.0,"key":"FearPotion"},{"floor":20.0,"key":"SteroidPotion"},{"floor":22.0,"key":"Ancient Potion"},{"floor":30.0,"key":"Swift Potion"},{"floor":31.0,"key":"SkillPotion"},{"floor":33,"key":"SkillPotion"},{"floor":35,"key":"SneckoOil"},{"floor":36,"key":"PowerPotion"}],"is_trial":false,"path_per_floor":["M","?","?","M","?","E","R","M","T","R","$","E","?","M","R","B",null,"M","M","?","M","M","R","T","R","T","M","M","R","M","E","R","B",null,"M","M","$","M","?","R","?","$","T","R","E","M","M","$","R","B",null],"character_chosen":"THE_SILENT","items_purchased":["PiercingWail","Bag of Marbles","Medical Kit","AttackPotion","Crippling Poison","Gambling Chip","A Thousand Cuts"],"campfire_rested":4,"item_purchase_floors":[11,11,11,11,37,37,42],"current_hp_per_floor":[63,63,63,63,63,63,63,63,63,63,63,38,38,25,25,25,55,31,15,10,3,3,22,22,41,41,38,38,38,31,13,32,6,50,33,33,33,28,44,44,44,44,44,44,29,24,24,24,58,9],"gold":119,"neow_bonus":"THREE_ENEMY_KILL","is_prod":false,"is_daily":false,"chose_seed":false,"campfire_upgraded":6,"win_rate":0,"timestamp":1550961745,"path_taken":["M","?","?","M","?","E","R","M","T","R","$","E","?","M","R","BOSS","M","M","?","M","M","R","?","R","T","M","M","R","M","E","R","BOSS","M","M","$","M","?","R","?","$","T","R","E","M","M","$","R","BOSS"],"build_version":"2019-01-23","purchased_purges":3,"victory":true,"max_hp_per_floor":[70,70,70,70,70,70,70,70,70,70,70,70,65,65,65,65,65,65,65,65,65,65,65,65,65,65,65,65,65,65,65,65,65,65,65,65,65,65,65,65,65,65,65,65,65,65,65,65,65,65],"card_choices":[{"not_picked":["Blade Dance","Acrobatics"],"picked":"Dagger Throw","floor":1.0},{"not_picked":["Acrobatics","Underhanded Strike","Expertise"],"picked":"SKIP","floor":4.0},{"not_picked":["Dagger Throw","PiercingWail"],"picked":"Footwork","floor":6.0},{"not_picked":["Prepared","Dodge and Roll"],"picked":"Well Laid Plans","floor":8.0},{"not_picked":["Distraction","Concentrate"],"picked":"Dodge and Roll","floor":12.0},{"not_picked":["Catalyst","Outmaneuver"],"picked":"Predator","floor":14.0},{"not_picked":["Storm of Steel","Unload"],"picked":"Burst","floor":16.0},{"not_picked":["All Out Attack","Blade Dance","Bane"],"picked":"SKIP","floor":18.0},{"not_picked":["Underhanded Strike+1","Finisher+1"],"picked":"Flechettes","floor":19.0},{"not_picked":["Poisoned Stab","Outmaneuver+1"],"picked":"Infinite Blades","floor":20.0},{"not_picked":["Noxious Fumes","Acrobatics"],"picked":"Cloak And Dagger+1","floor":21.0},{"not_picked":["Blur","Dagger Spray"],"picked":"Noxious Fumes+1","floor":22.0},{"not_picked":["Blade Dance","Choke"],"picked":"Deflect+1","floor":23.0},{"not_picked":["Dagger Throw","Flying Knee"],"picked":"PiercingWail","floor":27.0},{"not_picked":["Heel Hook","Underhanded Strike+1"],"picked":"Cloak And Dagger","floor":28.0},{"not_picked":["Flying Knee","Distraction","Dagger Spray"],"picked":"SKIP","floor":30.0},{"not_picked":["Predator","Heel Hook+1"],"picked":"Acrobatics","floor":31.0},{"not_picked":["Escape Plan","Outmaneuver+1"],"picked":"Dodge and Roll+1","floor":35},{"not_picked":["Deflect+1","Expertise"],"picked":"PiercingWail+1","floor":36},{"not_picked":["Caltrops","Blade Dance+1","Heel Hook"],"picked":"SKIP","floor":38},{"not_picked":["Sucker Punch+1","Cloak And Dagger"],"picked":"Backflip","floor":45},{"not_picked":["Heel Hook","Burst"],"picked":"Crippling Poison","floor":46},{"not_picked":["Prepared+1","Riddle With Holes"],"picked":"Blade Dance","floor":47},{"not_picked":["Choke","Distraction+1"],"picked":"Deadly Poison","floor":49}],"player_experience":426424,"relics_obtained":[{"floor":6.0,"key":"Old Coin"},{"floor":9.0,"key":"Ice Cream"},{"floor":12.0,"key":"Dream Catcher"},{"floor":20.0,"key":"Red Mask"},{"floor":24.0,"key":"Omamori"},{"floor":26.0,"key":"War Paint"},{"floor":31.0,"key":"Lantern"},{"floor":41,"key":"Incense Burner"},{"floor":43,"key":"Regal Pillow"},{"floor":45,"key":"Boot"}],"event_choices":[{"damage_healed":0.0,"max_hp_gain":0.0,"max_hp_loss":0.0,"gold_gain":0.0,"event_name":"Golden Wing","player_choice":"Ignored","floor":2.0,"gold_loss":0.0,"damage_taken":0.0},{"damage_healed":0.0,"max_hp_gain":0.0,"max_hp_loss":0.0,"gold_gain":0.0,"event_name":"The Cleric","player_choice":"Leave","floor":3.0,"gold_loss":0.0,"damage_taken":0.0},{"damage_healed":0.0,"max_hp_gain":0.0,"max_hp_loss":0.0,"gold_gain":175.0,"event_name":"Liars Game","player_choice":"AGREE","floor":5.0,"gold_loss":0.0,"damage_taken":0.0,"cards_obtained":["Doubt"]},{"damage_healed":0.0,"max_hp_gain":0.0,"max_hp_loss":5.0,"gold_gain":0.0,"event_name":"Golden Idol","player_choice":"Lose Max HP","floor":13.0,"gold_loss":0.0,"damage_taken":0.0,"relics_obtained":["Golden Idol"]},{"damage_healed":0.0,"max_hp_gain":0.0,"max_hp_loss":0.0,"gold_gain":0.0,"event_name":"Masked Bandits","player_choice":"Fought Bandits","floor":20.0,"gold_loss":0.0,"damage_taken":0.0},{"damage_healed":16,"gold_gain":0,"player_choice":"Writhe","damage_taken":0,"max_hp_gain":0,"max_hp_loss":0,"event_name":"Winding Halls","floor":39,"gold_loss":0,"cards_obtained":["Writhe"]},{"damage_healed":0,"gold_gain":0,"player_choice":"Relic","damage_taken":0,"max_hp_gain":0,"max_hp_loss":0,"event_name":"Wheel of Change","floor":41,"gold_loss":0}],"is_beta":false,"boss_relics":[{"not_picked":["HoveringKite","Fusion Hammer"],"picked":"WristBlade"},{"not_picked":["Black Star","Velvet Choker"],"picked":"Astrolabe"}],"items_purged_floors":[11,37,42],"is_endless":false,"potions_floor_spawned":[4,12,16,18,20,22,30,31,33,35,36,46,47],"ascension_level":10}