{"gold_per_floor":[115,132,150,168,168,168,181,215,215,231,243,269,269,298,298,397,397,408,393,404,424,424],"floor_reached":22,"playtime":2510,"items_purged":[],"score":227,"play_id":"367ae59b-f671-4c20-afe3-006f9df7fa04","local_time":"20180705211220","is_ascension_mode":false,"campfire_choices":[{"data":"Quick Slash","floor":6,"key":"SMITH"},{"floor":13,"key":"REST"},{"data":"A Thousand Cuts","floor":15,"key":"SMITH"}],"neow_cost":"","seed_source_timestamp":1895043386723737,"circlet_count":0,"master_deck":["Defend_G","Defend_G","Defend_G","Defend_G","Strike_G","Strike_G","Strike_G","Survivor","Neutralize","Deflect+1","Flying Knee+1","Quick Slash+1","Bane","Flying Knee","Poisoned Stab","Dodge and Roll","Flying Knee","Poisoned Stab+1","A Thousand Cuts+1","Tools of the Trade","Bouncing Flask+1","Noxious Fumes","Poisoned Stab"],"relics":["Ring of the Snake","Regal Pillow","War Paint","Odd Mushroom","Whetstone","Empty Cage"],"potions_floor_usage":[8,8,12,14,18,20],"damage_taken":[{"damage":0,"enemies":"Jaw Worm","floor":1,"turns":4},{"damage":1,"enemies":"Small Slimes","floor":2,"turns":4},{"damage":0,"enemies":"2 Louse","floor":3,"turns":2},{"damage":2,"enemies":"Large Slime","floor":4,"turns":7},{"damage":0,"enemies":"3 Louse","floor":7,"turns":4},{"damage":0,"enemies":"Gremlin Nob","floor":8,"turns":4},{"damage":0,"enemies":"Gremlin Gang","floor":10,"turns":5},{"damage":9,"enemies":"2 Fungi Beasts","floor":11,"turns":2},{"damage":12,"floor":12,"turns":4},{"damage":15,"enemies":"3 Sentries","floor":14,"turns":10},{"damage":18,"enemies":"Slime Boss","floor":16,"turns":8},{"damage":6,"enemies":"Spheric Guardian","floor":18,"turns":5},{"damage":16,"enemies":"2 Thieves","floor":19,"turns":4},{"damage":17,"enemies":"Chosen and Byrds","floor":20,"turns":5},{"damage":33,"enemies":"3 Cultists","floor":21,"turns":5},{"damage":8,"enemies":"Sentry and Sphere","floor":22,"turns":2}],"seed_played":"3806311534122421270","potions_obtained":[{"floor":4,"key":"Poison Potion"},{"floor":7,"key":"Block Potion"},{"floor":10,"key":"SkillPotion"},{"floor":12,"key":"EssenceOfSteel"},{"floor":14,"key":"FairyPotion"},{"floor":16,"key":"Block Potion"},{"floor":19,"key":"Fire Potion"}],"is_trial":false,"path_per_floor":["M","M","M","M","?","R","M","E","T","M","M","?","R","E","R","B",null,"M","M","M","M"],"character_chosen":"THE_SILENT","items_purchased":[],"campfire_rested":1,"item_purchase_floors":[],"current_hp_per_floor":[70,69,69,67,60,60,60,60,60,60,51,39,70,55,55,37,70,64,48,31,7,0],"gold":424,"neow_bonus":"","is_prod":false,"is_daily":false,"chose_seed":false,"campfire_upgraded":2,"win_rate":0.0,"timestamp":1530839540,"path_taken":["M","M","M","M","?","R","M","E","T","M","M","?","R","E","R","BOSS","M","M","M","M","M"],"build_version":"2018-06-28","purchased_purges":0,"victory":false,"max_hp_per_floor":[70,70,70,70,70,70,70,70,70,70,70,70,70,70,70,70,70,70,70,70,70,70],"card_choices":[{"not_picked":["Dodge and Roll","Terror"],"picked":"Deflect","floor":1},{"not_picked":["Riddle With Holes","Eviscerate"],"picked":"Flying Knee","floor":2},{"not_picked":["Dagger Spray","Backstab"],"picked":"Quick Slash","floor":3},{"not_picked":["Acrobatics","Outmaneuver"],"picked":"Bane","floor":4},{"not_picked":["Slice","Dagger Spray"],"picked":"Flying Knee","floor":7},{"not_picked":["Flechettes","Caltrops"],"picked":"Poisoned Stab","floor":8},{"not_picked":["Heel Hook","Reflex"],"picked":"Dodge and Roll","floor":10},{"not_picked":["Prepared","Acrobatics"],"picked":"Flying Knee","floor":11},{"not_picked":["Outmaneuver","Catalyst"],"picked":"Poisoned Stab","floor":12},{"not_picked":["Endless Agony","Backflip"],"picked":"A Thousand Cuts","floor":14},{"not_picked":["Bullet Time","Die Die Die"],"picked":"Tools of the Trade","floor":16},{"not_picked":["Backstab","Bane"],"picked":"Bouncing Flask+1","floor":18},{"not_picked":["Underhanded Strike","Footwork+1"],"picked":"Noxious Fumes","floor":19},{"not_picked":["Endless Agony","Backflip","Acrobatics"],"picked":"SKIP","floor":20},{"not_picked":["Flechettes+1","Outmaneuver"],"picked":"Poisoned Stab","floor":21}],"player_experience":51642,"relics_obtained":[{"floor":8,"key":"Regal Pillow"},{"floor":9,"key":"War Paint"},{"floor":12,"key":"Odd Mushroom"},{"floor":14,"key":"Whetstone"}],"event_choices":[{"event_name":"Golden Wing","player_choice":"Card Removal","floor":5,"damage_taken":0},{"event_name":"Mushrooms","player_choice":"Fought Mushrooms","floor":12,"damage_taken":0}],"boss_relics":[{"not_picked":["Sozu","Orrery"],"picked":"Empty Cage"}],"items_purged_floors":[],"is_endless":false,"potions_floor_spawned":[4,7,10,12,14,16,19],"killed_by":"Sentry and Sphere","ascension_level":0}