{"gold_per_floor":[117,133,133,133,144,173,184,184,184,200,200,228,46,46,46,143,143,154,114,114,134,34,34,34,34,81,96,96,96,126,138,150,260,272,303,315,327,64,84,84,99,114,193,193,193,193,43,43,43,43],"floor_reached":51,"playtime":4476,"items_purged":["Strike_B","Strike_B","Defend_B","Defend_B"],"score":866,"play_id":"7684d037-b401-462f-a4e3-3b97897f6ced","local_time":"20190201000642","is_ascension_mode":true,"campfire_choices":[{"floor":11.0,"key":"REST"},{"floor":15.0,"key":"REST"},{"floor":23.0,"key":"REST"},{"floor":28.0,"key":"REST"},{"floor":32.0,"key":"REST"},{"floor":40.0,"key":"REST"},{"floor":44.0,"key":"REST"},{"floor":49.0,"key":"REST"}],"neow_cost":"NONE","seed_source_timestamp":1745536584484957,"circlet_count":0,"master_deck":["Defend_B","Zap","Dualcast","Coolheaded","Conserve Battery","Rip and Tear","Reprogram","Conserve Battery","Creative AI+1","Coolheaded","Glacier","Double Energy","Machine Learning","Conserve Battery+1","Chill","Enlightenment","Capacitor","Conserve Battery","Skim+1","Consume"],"special_seed":0,"relics":["Lizard Tail","Potion Belt","Juzu Bracelet","Bottled Flame","Bottled Tornado","Fusion Hammer","FaceOfCleric","Strawberry","MawBank","Runic Pyramid","Cables"],"potions_floor_usage":[50],"damage_taken":[{"damage":3.0,"enemies":"2 Louse","floor":1.0,"turns":3.0},{"damage":0.0,"enemies":"Jaw Worm","floor":2.0,"turns":6.0},{"damage":0.0,"enemies":"Small Slimes","floor":5.0,"turns":4.0},{"damage":46.0,"enemies":"3 Sentries","floor":6.0,"turns":10.0},{"damage":1.0,"enemies":"Gremlin Gang","floor":7.0,"turns":3.0},{"damage":15.0,"enemies":"Large Slime","floor":10.0,"turns":8.0},{"damage":31.0,"enemies":"Gremlin Nob","floor":12.0,"turns":5.0},{"damage":0.0,"enemies":"Hexaghost","floor":16.0,"turns":12.0},{"damage":29.0,"enemies":"3 Byrds","floor":18.0,"turns":8.0},{"damage":0.0,"enemies":"Shell Parasite","floor":21.0,"turns":6.0},{"damage":17.0,"enemies":"Snake Plant","floor":27.0,"turns":5.0},{"damage":6.0,"enemies":"Chosen and Byrds","floor":30.0,"turns":7.0},{"damage":47.0,"enemies":"Champ","floor":33.0,"turns":11.0},{"damage":3.0,"enemies":"Orb Walker","floor":35.0,"turns":5.0},{"damage":0.0,"enemies":"3 Darklings","floor":37.0,"turns":1.0},{"damage":36.0,"enemies":"Jaw Worm Horde","floor":39.0,"turns":6.0},{"damage":13.0,"enemies":"Spire Growth","floor":41.0,"turns":6.0},{"damage":0.0,"enemies":"Sphere and 2 Shapes","floor":42.0,"turns":5.0},{"damage":161,"enemies":"Awakened One","floor":50,"turns":19}],"seed_played":"7226357378134451384","potions_obtained":[{"floor":1.0,"key":"Poison Potion"},{"floor":6.0,"key":"Explosive Potion"},{"floor":10.0,"key":"SkillPotion"},{"floor":16.0,"key":"Strength Potion"},{"floor":18.0,"key":"EssenceOfSteel"},{"floor":19.0,"key":"Swift Potion"},{"floor":19.0,"key":"Strength Potion"},{"floor":19.0,"key":"Block Potion"},{"floor":21.0,"key":"FairyPotion"},{"floor":35.0,"key":"SmokeBomb"},{"floor":39.0,"key":"GamblersBrew"}],"is_trial":false,"path_per_floor":["M","M","?","?","M","E","M","T","T","M","R","E","$","?","R","B",null,"M","?","?","M","$","R","?","$","T","M","R","?","M","?","R","B",null,"M","?","M","$","M","R","M","M","T","R","?","?","$","?","R","B",null],"character_chosen":"DEFECT","items_purchased":["Storm","Double Energy","Enlightenment","Capacitor"],"campfire_rested":8,"item_purchase_floors":[13,13,38,38],"current_hp_per_floor":[72,72,72,72,72,26,25,25,25,10,32,1,1,1,23,23,62,33,33,33,33,33,55,55,55,62,46,70,70,65,65,84,38,73,71,71,72,72,37,63,51,52,52,79,79,79,79,79,90,9],"gold":43,"neow_bonus":"BOSS_RELIC","is_prod":false,"is_daily":false,"chose_seed":false,"campfire_upgraded":0,"win_rate":0,"timestamp":1548972402,"path_taken":["M","M","?","?","M","E","M","?","T","M","R","E","$","?","R","BOSS","M","?","?","M","$","R","?","$","T","M","R","?","M","?","R","BOSS","M","?","M","$","M","R","M","M","T","R","?","?","$","?","R","BOSS"],"build_version":"2019-01-23","purchased_purges":4,"victory":true,"max_hp_per_floor":[75,75,75,75,75,75,75,75,75,75,75,75,75,75,75,75,75,75,75,75,75,75,75,75,75,82,83,83,83,84,84,84,85,85,86,86,87,87,88,88,89,90,90,90,90,90,90,90,90,91],"card_choices":[{"not_picked":["Compile Driver","Hologram"],"picked":"Coolheaded","floor":1.0},{"not_picked":["Steam Power","Hologram"],"picked":"Conserve Battery","floor":2.0},{"not_picked":["Hologram","Gash"],"picked":"Reprogram","floor":5.0},{"not_picked":["Blizzard","Compile Driver"],"picked":"Conserve Battery","floor":6.0},{"not_picked":["Steam","Sweeping Beam"],"picked":"Creative AI","floor":7.0},{"not_picked":["Rebound","FTL"],"picked":"Coolheaded","floor":10.0},{"not_picked":["Scrape","Rip and Tear"],"picked":"Glacier","floor":12.0},{"not_picked":["Meteor Strike","Hyperbeam"],"picked":"Machine Learning","floor":16.0},{"not_picked":["BootSequence","Streamline"],"picked":"Conserve Battery+1","floor":18.0},{"not_picked":["Beam Cell","Undo","Loop"],"picked":"SKIP","floor":21.0},{"not_picked":["Cold Snap+1","Loop"],"picked":"Chill","floor":27.0},{"not_picked":["Hologram","Doom and Gloom","Fusion"],"picked":"SKIP","floor":30.0},{"not_picked":["Ball Lightning+1","Gash","Steam"],"picked":"SKIP","floor":35.0},{"not_picked":["Hologram+1","Go for the Eyes"],"picked":"Conserve Battery","floor":39.0},{"not_picked":["Gash","Stack"],"picked":"Skim+1","floor":41.0},{"not_picked":["Darkness+1","Electrodynamics"],"picked":"Consume","floor":42.0}],"player_experience":492324,"relics_obtained":[{"floor":6.0,"key":"Potion Belt"},{"floor":8.0,"key":"Juzu Bracelet"},{"floor":9.0,"key":"Bottled Flame"},{"floor":12.0,"key":"Bottled Tornado"},{"floor":26.0,"key":"Strawberry"},{"floor":43.0,"key":"Cables"}],"event_choices":[{"damage_healed":0.0,"max_hp_gain":0.0,"max_hp_loss":0.0,"gold_gain":0.0,"cards_transformed":["Strike_B"],"event_name":"Living Wall","player_choice":"Change","floor":3.0,"gold_loss":0.0,"damage_taken":0.0,"cards_obtained":["Rip and Tear"]},{"damage_healed":0.0,"max_hp_gain":0.0,"max_hp_loss":0.0,"gold_gain":0.0,"event_name":"Liars Game","player_choice":"Ignored","floor":4.0,"gold_loss":0.0,"damage_taken":0.0},{"damage_healed":0.0,"max_hp_gain":0.0,"max_hp_loss":0.0,"gold_gain":0.0,"cards_transformed":["Defend_B"],"event_name":"Transmorgrifier","player_choice":"Transformed","floor":14.0,"gold_loss":0.0,"damage_taken":0.0,"cards_obtained":["Loop"]},{"damage_healed":0.0,"max_hp_gain":0.0,"max_hp_loss":0.0,"gold_gain":0.0,"event_name":"The Woman in Blue","player_choice":"Bought 3 Potions","floor":19.0,"gold_loss":0.0,"damage_taken":0.0},{"damage_healed":0.0,"max_hp_gain":0.0,"max_hp_loss":0.0,"gold_gain":0.0,"event_name":"Cursed Tome","player_choice":"Ignored","floor":20.0,"gold_loss":0.0,"damage_taken":0.0},{"damage_healed":0.0,"max_hp_gain":0.0,"max_hp_loss":0.0,"gold_gain":0.0,"event_name":"FaceTrader","player_choice":"Trade","floor":24.0,"gold_loss":0.0,"damage_taken":0.0,"relics_obtained":["FaceOfCleric"]},{"cards_removed":["Loop"],"damage_healed":0.0,"max_hp_gain":0.0,"max_hp_loss":0.0,"gold_gain":0.0,"event_name":"WeMeetAgain","player_choice":"Gave Card","floor":29.0,"gold_loss":0.0,"damage_taken":0.0,"relics_obtained":["MawBank"]},{"damage_healed":0.0,"max_hp_gain":0.0,"max_hp_loss":0.0,"gold_gain":0.0,"event_name":"Accursed Blacksmith","player_choice":"Forge","floor":31.0,"gold_loss":0.0,"damage_taken":0.0,"cards_upgraded":["Creative AI"]},{"cards_removed":["Strike_B"],"damage_healed":0.0,"max_hp_gain":0.0,"max_hp_loss":0.0,"gold_gain":0.0,"event_name":"Wheel of Change","player_choice":"Card Removal","floor":36.0,"gold_loss":0.0,"damage_taken":0.0},{"damage_healed":0.0,"max_hp_gain":0.0,"max_hp_loss":0.0,"gold_gain":0.0,"event_name":"SecretPortal","player_choice":"Ignored","floor":45.0,"gold_loss":0.0,"damage_taken":0.0},{"cards_removed":["Storm"],"damage_healed":0.0,"max_hp_gain":0.0,"max_hp_loss":0.0,"gold_gain":0.0,"event_name":"Falling","player_choice":"Removed Power","floor":46.0,"gold_loss":0.0,"damage_taken":0.0},{"damage_healed":0.0,"max_hp_gain":0.0,"max_hp_loss":0.0,"gold_gain":0.0,"event_name":"SensoryStone","player_choice":"Memory 1","floor":48.0,"gold_loss":0.0,"damage_taken":0.0}],"is_beta":false,"boss_relics":[{"not_picked":["Pandora\u0027s Box","Black Star"],"picked":"Fusion Hammer"},{"not_picked":["Orrery","Snecko Eye"],"picked":"Runic Pyramid"}],"items_purged_floors":[13,22,38,47],"is_endless":false,"potions_floor_spawned":[1,6,10,16,18,21,35,39],"ascension_level":5}