{"gold_per_floor":[114,114,85,85,96,129,129,139,164,191,191,191,210,222,222,317,317,329,329,379,81,93,118,130,154,192,232,244],"floor_reached":28,"playtime":2475,"items_purged":["Strike_R"],"score":411,"play_id":"2c8a934f-31b4-400a-859f-f0a717a4f6ce","local_time":"20190115003027","is_ascension_mode":true,"campfire_choices":[{"floor":7.0,"key":"REST"},{"floor":11.0,"key":"REST"},{"data":"Pommel Strike","floor":15.0,"key":"SMITH"},{"floor":24,"key":"REST"}],"neow_cost":"PERCENT_DAMAGE","seed_source_timestamp":280450095865261,"circlet_count":0,"master_deck":["Strike_R","Strike_R","Strike_R+1","Defend_R+1","Defend_R","Defend_R","Bash+1","Carnage","Wild Strike+1","Armaments+1","Dropkick","Reaper","Cleave","Pommel Strike+1","Thunderclap","Pommel Strike","Demon Form","Heavy Blade+1","Ghostly Armor","Flame Barrier","Evolve","Wild Strike+1","Heavy Blade","Fire Breathing+1"],"special_seed":0,"relics":["Burning Blood","Regal Pillow","Mummified Hand","Fusion Hammer","War Paint","MawBank","Blood Vial","Magic Flower"],"potions_floor_usage":[23],"damage_taken":[{"damage":12.0,"enemies":"Small Slimes","floor":1.0,"turns":3.0},{"damage":3.0,"enemies":"2 Louse","floor":5.0,"turns":2.0},{"damage":30.0,"enemies":"3 Sentries","floor":6.0,"turns":8.0},{"damage":0.0,"enemies":"Jaw Worm","floor":8.0,"turns":3.0},{"damage":18.0,"enemies":"Gremlin Nob","floor":10.0,"turns":3.0},{"damage":7.0,"enemies":"Exordium Wildlife","floor":13.0,"turns":3.0},{"damage":10.0,"enemies":"Large Slime","floor":14.0,"turns":5.0},{"damage":0.0,"enemies":"Slime Boss","floor":16.0,"turns":3.0},{"damage":7.0,"enemies":"3 Byrds","floor":18.0,"turns":4.0},{"damage":20,"enemies":"2 Thieves","floor":22,"turns":4},{"damage":53,"enemies":"Slavers","floor":23,"turns":5},{"damage":26,"enemies":"Snake Plant","floor":25,"turns":4},{"damage":54,"enemies":"Book of Stabbing","floor":27,"turns":6},{"damage":26,"enemies":"Sentry and Sphere","floor":28,"turns":3}],"seed_played":"-5097737208618857716","potions_obtained":[{"floor":6.0,"key":"Swift Potion"},{"floor":8.0,"key":"Energy Potion"},{"floor":10.0,"key":"AttackPotion"},{"floor":14.0,"key":"AttackPotion"},{"floor":16.0,"key":"BloodPotion"},{"floor":27,"key":"LiquidBronze"}],"is_trial":false,"path_per_floor":["M","?","?","?","M","E","R","M","T","E","R","?","M","M","R","B",null,"M","T","?","$","M","E","R","M","T","E","M"],"character_chosen":"IRONCLAD","items_purchased":["Ghostly Armor","Flame Barrier","Evolve"],"campfire_rested":3,"item_purchase_floors":[21,21,21],"current_hp_per_floor":[45,29,29,29,32,8,47,53,53,41,80,80,80,78,78,80,80,80,80,80,80,79,53,80,60,60,14,0],"gold":244,"neow_bonus":"TRANSFORM_TWO_CARDS","is_prod":false,"is_daily":false,"chose_seed":false,"campfire_upgraded":1,"win_rate":0,"timestamp":1547505027,"path_taken":["M","?","?","?","?","E","R","M","T","E","R","?","M","M","R","BOSS","M","?","?","$","M","E","R","M","T","E","?"],"build_version":"2019-01-10","purchased_purges":1,"victory":false,"max_hp_per_floor":[80,80,80,80,80,80,80,80,80,80,80,80,80,80,80,80,80,80,80,80,80,80,80,80,80,80,80,80],"card_choices":[{"not_picked":["Infernal Blade","Battle Trance"],"picked":"Armaments","floor":1.0},{"not_picked":["Flex","Burning Pact"],"picked":"Dropkick","floor":5.0},{"not_picked":["Berserk","Dual Wield"],"picked":"Reaper","floor":6.0},{"not_picked":["Wild Strike","Warcry"],"picked":"Cleave","floor":8.0},{"not_picked":["Flex","Sever Soul"],"picked":"Pommel Strike","floor":10.0},{"not_picked":["Bloodletting","Warcry"],"picked":"Thunderclap","floor":13.0},{"not_picked":["Warcry","Anger"],"picked":"Pommel Strike","floor":14.0},{"not_picked":["Exhume","Barricade"],"picked":"Demon Form","floor":16.0},{"not_picked":["Armaments","Corruption"],"picked":"Heavy Blade+1","floor":18.0},{"not_picked":["Rampage+1","Blood for Blood+1"],"picked":"Wild Strike+1","floor":22},{"not_picked":["Rampage","Combust","True Grit"],"picked":"SKIP","floor":23},{"not_picked":["Rupture","Searing Blow+1"],"picked":"Heavy Blade","floor":25},{"not_picked":["Hemokinesis","Rampage"],"picked":"Fire Breathing+1","floor":27}],"player_experience":256940,"relics_obtained":[{"floor":6.0,"key":"Regal Pillow"},{"floor":10.0,"key":"Mummified Hand"},{"floor":19.0,"key":"War Paint"},{"floor":23,"key":"MawBank"},{"floor":26,"key":"Blood Vial"},{"floor":27,"key":"Magic Flower"}],"event_choices":[{"damage_healed":0.0,"max_hp_gain":0.0,"max_hp_loss":0.0,"gold_gain":0.0,"event_name":"Shining Light","player_choice":"Entered Light","floor":2.0,"gold_loss":0.0,"damage_taken":16.0,"cards_upgraded":["Strike_R","Wild Strike"]},{"damage_healed":0.0,"max_hp_gain":0.0,"max_hp_loss":0.0,"gold_gain":0.0,"event_name":"World of Goop","player_choice":"Left Gold","floor":3.0,"gold_loss":29.0,"damage_taken":0.0},{"damage_healed":0.0,"max_hp_gain":0.0,"max_hp_loss":0.0,"gold_gain":0.0,"event_name":"Golden Idol","player_choice":"Ignored","floor":4.0,"gold_loss":0.0,"damage_taken":0.0},{"damage_healed":0.0,"max_hp_gain":0.0,"max_hp_loss":0.0,"gold_gain":0.0,"event_name":"Upgrade Shrine","player_choice":"Upgraded","floor":12.0,"gold_loss":0.0,"damage_taken":0.0,"cards_upgraded":["Bash"]},{"damage_healed":0,"gold_gain":100,"player_choice":"Bet on Murderer","damage_taken":0,"max_hp_gain":0,"max_hp_loss":0,"event_name":"The Joust","floor":20,"gold_loss":50}],"is_beta":false,"boss_relics":[{"not_picked":["Coffee Dripper","White Beast Statue"],"picked":"Fusion Hammer"}],"items_purged_floors":[21],"is_endless":false,"potions_floor_spawned":[6,8,10,14,16,27],"killed_by":"Sentry and Sphere","ascension_level":6}