{"gold_per_floor":[360,127,146,221,94,94,124,124,124,124,124,159,170,185,185,185],"floor_reached":16,"playtime":613,"items_purged":["Doubt"],"score":205,"play_id":"cc699870-618e-4ffd-b5c2-c49a17b6b48a","local_time":"20190305091314","is_ascension_mode":true,"campfire_choices":[{"data":"Hemokinesis","floor":6,"key":"SMITH"},{"floor":8,"key":"REST"},{"data":"Bash","floor":10,"key":"SMITH"},{"floor":15,"key":"REST"}],"neow_cost":"CURSE","seed_source_timestamp":240212204301531,"circlet_count":0,"master_deck":["AscendersBane","Strike_R","Strike_R","Strike_R","Strike_R","Strike_R","Defend_R","Defend_R","Defend_R","Defend_R","Bash+1","Rampage","Combust","Hemokinesis+1","Ghostly Armor","Shockwave","Whirlwind","Corruption","Anger"],"relics":["Burning Blood","Dream Catcher","Peace Pipe","Orichalcum"],"potions_floor_usage":[12,16,16],"damage_taken":[{"damage":23,"enemies":"Jaw Worm","floor":1,"turns":8},{"damage":10,"enemies":"Small Slimes","floor":3,"turns":3},{"damage":34,"enemies":"3 Sentries","floor":7,"turns":7},{"damage":34,"enemies":"Lagavulin","floor":12,"turns":7},{"damage":3,"enemies":"Cultist","floor":13,"turns":4},{"damage":4,"enemies":"Blue Slaver","floor":14,"turns":4},{"damage":36,"enemies":"The Guardian","floor":16,"turns":6}],"seed_played":"6944525032666288414","potions_obtained":[{"floor":1,"key":"Strength Potion"},{"floor":7,"key":"BloodPotion"},{"floor":12,"key":"LiquidBronze"}],"is_trial":false,"path_per_floor":["M","$","M","?","$","R","E","R","T","R","?","E","M","M","R","B"],"character_chosen":"IRONCLAD","items_purchased":["Rampage","Combust","Hemokinesis","Ghostly Armor"],"campfire_rested":2,"item_purchase_floors":[2,2,5,5],"current_hp_per_floor":[51,51,47,36,36,36,8,30,30,30,30,9,12,14,36,0],"gold":185,"neow_bonus":"TWO_FIFTY_GOLD","is_prod":false,"is_daily":false,"chose_seed":false,"campfire_upgraded":2,"win_rate":0,"timestamp":1551795194,"path_taken":["M","$","M","?","$","R","E","R","T","R","?","E","M","M","R","BOSS"],"build_version":"2019-01-23","purchased_purges":1,"victory":false,"max_hp_per_floor":[75,75,75,75,75,75,75,75,75,75,75,75,75,75,75,75],"card_choices":[{"not_picked":["Perfected Strike","Clash","Thunderclap"],"picked":"SKIP","floor":1},{"not_picked":["Perfected Strike","Flex","Wild Strike"],"picked":"SKIP","floor":3},{"not_picked":["Dual Wield","Thunderclap"],"picked":"Shockwave","floor":7},{"not_picked":["Twin Strike","Entrench","Barricade"],"picked":"SKIP","floor":12},{"not_picked":["Perfected Strike","Clash"],"picked":"Whirlwind","floor":13},{"not_picked":["Intimidate","Sever Soul"],"picked":"Corruption","floor":14},{"not_picked":["Second Wind","Whirlwind"],"picked":"Anger","floor":15}],"player_experience":451563,"relics_obtained":[{"floor":7,"key":"Dream Catcher"},{"floor":9,"key":"Peace Pipe"},{"floor":12,"key":"Orichalcum"}],"event_choices":[{"damage_healed":0,"gold_gain":75,"player_choice":"Gather Gold","damage_taken":11,"max_hp_gain":0,"max_hp_loss":0,"event_name":"World of Goop","floor":4,"gold_loss":0},{"damage_healed":0,"gold_gain":0,"player_choice":"Ignored","damage_taken":0,"max_hp_gain":0,"max_hp_loss":0,"event_name":"Shining Light","floor":11,"gold_loss":0}],"is_beta":false,"boss_relics":[],"items_purged_floors":[2],"is_endless":false,"potions_floor_spawned":[1,7,12],"killed_by":"The Guardian","ascension_level":18}