{"gold_per_floor":[20,20,20,20,40,70,70,104,174,190,222,57,57,75,75,152,152,163,163,213,231,250,284,61,89,115,127,139,151,195,19,19,90,90,100,100,111,111],"floor_reached":38,"playtime":1683,"items_purged":["Strike_R","Strike_R"],"score":1071,"play_id":"8b1ea0e1-9318-4889-89b4-fb90f77fc97a","local_time":"20190408161015","is_ascension_mode":true,"campfire_choices":[{"floor":7,"key":"REST"},{"data":"Combust","floor":13,"key":"SMITH"},{"data":"Evolve","floor":15,"key":"SMITH"},{"floor":29,"key":"REST"},{"floor":32,"key":"REST"}],"neow_cost":"NO_GOLD","seed_source_timestamp":249235059501460,"circlet_count":0,"master_deck":["AscendersBane","Strike_R","Strike_R","Defend_R","Defend_R","Defend_R","Defend_R","Bash","Offering","Wild Strike","Rampage","Feed","Combust+1","Evolve+1","Fiend Fire","Spot Weakness+1","Necronomicurse","Battle Trance","Havoc+1","Headbutt","Sentinel","Feel No Pain","Power Through","Barricade","Feel No Pain","Evolve","Juggernaut"],"relics":["Burning Blood","Pen Nib","Oddly Smooth Stone","Strawberry","Matryoshka","Mercury Hourglass","Fusion Hammer","Necronomicon","Question Card","Lee\u0027s Waffle","Dream Catcher","MawBank","Bag of Preparation","PreservedInsect","Orrery"],"potions_floor_usage":[8,11,11,16,23,23,38],"damage_taken":[{"damage":16,"enemies":"Jaw Worm","floor":1,"turns":5},{"damage":6,"enemies":"Cultist","floor":5,"turns":2},{"damage":36,"enemies":"3 Sentries","floor":6,"turns":8},{"damage":6,"enemies":"Gremlin Nob","floor":8,"turns":2},{"damage":6,"enemies":"Small Slimes","floor":10,"turns":2},{"damage":26,"enemies":"Lagavulin","floor":11,"turns":3},{"damage":16,"enemies":"3 Louse","floor":14,"turns":2},{"damage":10,"enemies":"Slime Boss","floor":16,"turns":6},{"damage":24,"enemies":"3 Byrds","floor":18,"turns":4},{"damage":8,"enemies":"Spheric Guardian","floor":21,"turns":3},{"damage":13,"enemies":"Chosen and Byrds","floor":22,"turns":3},{"damage":27,"enemies":"Gremlin Leader","floor":23,"turns":3},{"damage":50,"enemies":"Book of Stabbing","floor":25,"turns":4},{"damage":39,"enemies":"Slavers","floor":30,"turns":4},{"damage":35,"enemies":"Champ","floor":33,"turns":11},{"damage":26,"enemies":"Orb Walker","floor":35,"turns":3},{"damage":39,"enemies":"3 Darklings","floor":37,"turns":5},{"damage":40,"enemies":"Spire Growth","floor":38,"turns":3}],"seed_played":"-6975227763370485966","potions_obtained":[{"floor":5,"key":"PowerPotion"},{"floor":6,"key":"Strength Potion"},{"floor":10,"key":"Explosive Potion"},{"floor":14,"key":"Poison Potion"},{"floor":21,"key":"SteroidPotion"},{"floor":22,"key":"GamblersBrew"},{"floor":33,"key":"PowerPotion"},{"floor":36,"key":"GamblersBrew"}],"is_trial":false,"path_per_floor":["M","?","?","?","M","E","R","E","T","M","E","$","R","M","R","B",null,"M","?","?","M","M","E","$","E","T","$","?","R","E","$","R","B",null,"M","?","M","M"],"character_chosen":"IRONCLAD","items_purchased":["Evolve","Lee\u0027s Waffle","Feel No Pain"],"campfire_rested":3,"item_purchase_floors":[12,24,31],"current_hp_per_floor":[58,75,64,64,64,34,56,63,63,66,49,49,49,39,39,35,75,60,39,39,37,30,9,98,54,54,54,54,83,50,50,79,50,86,66,66,36,0],"gold":111,"neow_bonus":"THREE_RARE_CARDS","is_prod":false,"is_daily":false,"chose_seed":false,"campfire_upgraded":2,"win_rate":0,"timestamp":1554754215,"path_taken":["M","?","?","?","M","E","R","E","T","?","E","$","R","M","R","BOSS","M","?","?","?","M","E","$","E","T","?","?","R","E","$","R","BOSS","M","?","M","?"],"build_version":"2019-01-23","purchased_purges":2,"victory":false,"max_hp_per_floor":[75,75,75,75,75,75,75,82,82,85,88,88,88,88,88,88,88,91,91,91,91,91,91,98,98,98,98,98,98,98,98,98,98,98,98,98,101,101],"card_choices":[{"not_picked":["Demon Form","Limit Break"],"picked":"Offering","floor":0},{"not_picked":["Warcry","True Grit"],"picked":"Wild Strike","floor":1},{"not_picked":["Flex","Flame Barrier"],"picked":"Rampage","floor":5},{"not_picked":["Bloodletting","Feel No Pain"],"picked":"Feed","floor":6},{"not_picked":["Havoc","Fire Breathing","Whirlwind"],"picked":"SKIP","floor":8},{"not_picked":["Searing Blow","Anger","Dropkick"],"picked":"SKIP","floor":10},{"not_picked":["Body Slam","Ghostly Armor"],"picked":"Combust","floor":11},{"not_picked":["Body Slam","Warcry","Perfected Strike"],"picked":"SKIP","floor":14},{"not_picked":["Juggernaut","Reaper"],"picked":"Fiend Fire","floor":16},{"not_picked":["Clash","Perfected Strike"],"picked":"Spot Weakness+1","floor":18},{"not_picked":["Flex","Corruption"],"picked":"Battle Trance","floor":21},{"not_picked":["Body Slam","Reckless Charge","Anger"],"picked":"SKIP","floor":22},{"not_picked":["Shrug It Off","Second Wind"],"picked":"Havoc+1","floor":23},{"not_picked":["Anger","Blood for Blood","Searing Blow"],"picked":"Headbutt","floor":25},{"not_picked":["Sword Boomerang","Hemokinesis","Infernal Blade"],"picked":"Sentinel","floor":30},{"not_picked":["Headbutt","Carnage","Reckless Charge"],"picked":"Power Through","floor":32},{"not_picked":["Double Tap","Bludgeon","Demon Form"],"picked":"Barricade","floor":33},{"not_picked":["Combust","Spot Weakness","Pommel Strike+1"],"picked":"Feel No Pain","floor":34},{"not_picked":["Clothesline","Iron Wave","Headbutt"],"picked":"Evolve","floor":34},{"not_picked":["Warcry","Wild Strike","Intimidate+1"],"picked":"Juggernaut","floor":34},{"not_picked":["Dual Wield+1","Dropkick","Havoc","Intimidate"],"picked":"SKIP","floor":35},{"not_picked":["True Grit","Cleave+1","Armaments","Sentinel"],"picked":"SKIP","floor":37},{"not_picked":["True Grit","Cleave+1","Armaments","Sentinel"],"picked":"SKIP","floor":37}],"player_experience":548283,"relics_obtained":[{"floor":6,"key":"Oddly Smooth Stone"},{"floor":8,"key":"Strawberry"},{"floor":9,"key":"Matryoshka"},{"floor":11,"key":"Mercury Hourglass"},{"floor":19,"key":"Necronomicon"},{"floor":23,"key":"Question Card"},{"floor":25,"key":"Dream Catcher"},{"floor":26,"key":"MawBank"},{"floor":26,"key":"Bag of Preparation"},{"floor":30,"key":"PreservedInsect"}],"event_choices":[{"damage_healed":25,"gold_gain":0,"player_choice":"Banana","damage_taken":0,"max_hp_gain":0,"max_hp_loss":0,"event_name":"Big Fish","floor":2,"gold_loss":0},{"damage_healed":0,"gold_gain":0,"player_choice":"Success","damage_taken":11,"relics_obtained":["Pen Nib"],"max_hp_gain":0,"max_hp_loss":0,"event_name":"Scrap Ooze","floor":3,"gold_loss":0},{"cards_removed":["Strike_R"],"damage_healed":0,"gold_gain":0,"player_choice":"Purged","damage_taken":0,"max_hp_gain":0,"max_hp_loss":0,"event_name":"Purifier","floor":4,"gold_loss":0},{"damage_healed":0,"gold_gain":0,"player_choice":"Obtained Book","damage_taken":21,"max_hp_gain":0,"max_hp_loss":0,"event_name":"Cursed Tome","floor":19,"gold_loss":0},{"damage_healed":0,"gold_gain":50,"player_choice":"Pray","damage_taken":0,"max_hp_gain":0,"max_hp_loss":0,"event_name":"Golden Shrine","floor":20,"gold_loss":0},{"damage_healed":0,"gold_gain":0,"player_choice":"Ignored","damage_taken":0,"max_hp_gain":0,"max_hp_loss":0,"event_name":"Vampires","floor":28,"gold_loss":0},{"damage_healed":0,"gold_gain":0,"player_choice":"Got Potions","damage_taken":0,"max_hp_gain":0,"max_hp_loss":0,"event_name":"Lab","floor":36,"gold_loss":0}],"is_beta":false,"boss_relics":[{"not_picked":["Astrolabe","Runic Pyramid"],"picked":"Fusion Hammer"},{"not_picked":["Runic Cube","Philosopher\u0027s Stone"],"picked":"Orrery"}],"items_purged_floors":[12,31],"is_endless":false,"potions_floor_spawned":[5,6,10,14,21,22,33,37],"killed_by":"Spire Growth","ascension_level":20}