{"gold_per_floor":[366,366,381,400,411,210,229,229,255,158,174,187,203,222,222,326,326,340,340,240,255,255,255,290,290,290,309,309,309,320,334,334,435,435,450,40,40,140,155,167,179,199,224,253,253,272,272],"floor_reached":47,"playtime":2366,"items_purged":["Defend_B","Strike_B","Biased Cognition"],"score":480,"play_id":"2923fece-ab29-4f8b-95ef-c6b7ac9ec155","local_time":"20190519125839","is_ascension_mode":false,"campfire_choices":[{"data":"Dualcast","floor":15.0,"key":"SMITH"},{"data":"Discovery","floor":23.0,"key":"SMITH"},{"floor":25.0,"key":"REST"},{"data":"Redo","floor":28.0,"key":"SMITH"},{"data":"Zap","floor":32.0,"key":"SMITH"},{"data":"Madness","floor":45.0,"key":"SMITH"}],"neow_cost":"PERCENT_DAMAGE","seed_source_timestamp":303004237627990,"circlet_count":0,"master_deck":["Zap+1","Dualcast+1","Ball Lightning","Coolheaded","Redo+1","Reinforced Body","Conserve Battery","Self Repair","Cold Snap","Discovery+1","Glacier","Seek+1","Ball Lightning","Electrodynamics","White Noise","Reinforced Body+1","Conserve Battery","Seek","Ball Lightning","Consume","Reboot","Meteor Strike","Tempest","Steam+1","Sweeping Beam","Glacier+1","Madness","Madness+1","Hello World","White Noise+1","Chill","Machine Learning","Turbo"],"special_seed":0,"relics":["FrozenCore","Centennial Puzzle","Whetstone","Enchiridion","Red Mask","Gremlin Horn","Pandora\u0027s Box","Gambling Chip","Thread and Needle","Anchor","War Paint"],"potions_floor_usage":[],"damage_taken":[{"damage":0.0,"enemies":"Small Slimes","floor":1.0,"turns":2.0},{"damage":6.0,"enemies":"Cultist","floor":3.0,"turns":3.0},{"damage":0.0,"enemies":"2 Louse","floor":4.0,"turns":2.0},{"damage":5.0,"enemies":"Blue Slaver","floor":5.0,"turns":3.0},{"damage":3.0,"enemies":"Looter","floor":7.0,"turns":2.0},{"damage":9.0,"enemies":"Large Slime","floor":11.0,"turns":5.0},{"damage":1.0,"enemies":"Exordium Wildlife","floor":12.0,"turns":3.0},{"damage":23.0,"enemies":"Gremlin Gang","floor":13.0,"turns":4.0},{"damage":0.0,"enemies":"Red Slaver","floor":14.0,"turns":4.0},{"damage":18.0,"enemies":"Slime Boss","floor":16.0,"turns":9.0},{"damage":9.0,"enemies":"3 Byrds","floor":18.0,"turns":4.0},{"damage":18.0,"enemies":"2 Thieves","floor":21.0,"turns":3.0},{"damage":27.0,"enemies":"Masked Bandits","floor":24.0,"turns":4.0},{"damage":0.0,"enemies":"Chosen and Byrds","floor":27.0,"turns":3.0},{"damage":1.0,"enemies":"Snecko","floor":30.0,"turns":5.0},{"damage":0.0,"enemies":"Sentry and Sphere","floor":31.0,"turns":5.0},{"damage":38.0,"enemies":"Champ","floor":33.0,"turns":11.0},{"damage":0.0,"enemies":"Orb Walker","floor":35.0,"turns":3.0},{"damage":9.0,"enemies":"Mind Bloom Boss Battle","floor":38.0,"turns":8.0},{"damage":3.0,"enemies":"3 Shapes","floor":39.0,"turns":2.0},{"damage":32.0,"enemies":"Spire Growth","floor":40.0,"turns":7.0},{"damage":5.0,"enemies":"Writhing Mass","floor":41.0,"turns":10.0},{"damage":0.0,"enemies":"Sphere and 2 Shapes","floor":42.0,"turns":2.0},{"damage":25.0,"enemies":"Reptomancer","floor":44.0,"turns":6.0},{"damage":0,"enemies":"4 Shapes","floor":46,"turns":5},{"damage":39,"enemies":"Giant Head","floor":47,"turns":9}],"seed_played":"4684075261755884798","potions_obtained":[{"floor":4.0,"key":"LiquidBronze"},{"floor":5.0,"key":"Poison Potion"},{"floor":12.0,"key":"Poison Potion"},{"floor":21.0,"key":"GamblersBrew"},{"floor":30.0,"key":"Poison Potion"},{"floor":31.0,"key":"SteroidPotion"},{"floor":39.0,"key":"SteroidPotion"},{"floor":41.0,"key":"SkillPotion"},{"floor":46,"key":"Dexterity Potion"}],"is_trial":false,"path_per_floor":["M","?","M","M","M","$","M","?","T","$","M","M","M","M","R","B",null,"M","?","$","M","?","R","?","R","T","M","R","?","M","M","R","B",null,"M","$","?","?","M","M","M","M","T","E","R","M","E"],"character_chosen":"DEFECT","items_purchased":["Conserve Battery","Self Repair","Discovery","Gambling Chip"],"campfire_rested":1,"item_purchase_floors":[6,6,10,36],"current_hp_per_floor":[54,75,69,69,64,64,61,28,28,28,26,32,16,23,23,12,75,66,50,50,39,39,39,19,41,41,48,48,48,54,61,61,30,75,75,75,66,64,68,43,45,52,52,41,41,48,9],"gold":272,"neow_bonus":"TWO_FIFTY_GOLD","is_prod":false,"is_daily":false,"chose_seed":false,"campfire_upgraded":5,"win_rate":0,"timestamp":1558238319,"path_taken":["M","?","?","M","M","$","M","?","T","$","M","M","M","M","R","BOSS","M","?","$","M","?","R","?","R","T","M","R","?","M","M","R","BOSS","M","$","?","?","?","M","?","M","T","E","R","M","E"],"build_version":"2019-01-23","purchased_purges":3,"victory":false,"max_hp_per_floor":[75,75,75,75,75,75,75,75,75,75,75,75,75,75,75,75,75,75,75,75,75,75,75,75,75,75,75,75,75,75,75,75,75,75,75,75,75,75,75,75,75,75,75,75,75,75,75],"card_choices":[{"not_picked":["Streamline","FTL"],"picked":"Ball Lightning","floor":1.0},{"not_picked":["Doom and Gloom","Beam Cell"],"picked":"Coolheaded","floor":3.0},{"not_picked":["Double Energy","Static Discharge"],"picked":"Redo","floor":4.0},{"not_picked":["Rebound","Stack"],"picked":"Reinforced Body","floor":5.0},{"not_picked":["Beam Cell","Consume"],"picked":"Cold Snap","floor":7.0},{"not_picked":["Auto Shields","Streamline","Turbo"],"picked":"SKIP","floor":11.0},{"not_picked":["Recycle","Turbo"],"picked":"Glacier","floor":12.0},{"not_picked":["Chaos","Go for the Eyes"],"picked":"Seek","floor":13.0},{"not_picked":["Turbo","Go for the Eyes"],"picked":"Ball Lightning","floor":14.0},{"not_picked":["Machine Learning","Buffer"],"picked":"Electrodynamics","floor":16.0},{"not_picked":["Redo","Turbo"],"picked":"White Noise","floor":18.0},{"not_picked":["Darkness","Auto Shields"],"picked":"Reinforced Body+1","floor":21.0},{"not_picked":["Go for the Eyes","Hologram+1"],"picked":"Conserve Battery","floor":24.0},{"not_picked":["Chaos","Defragment","Streamline"],"picked":"SKIP","floor":27.0},{"not_picked":["Rip and Tear","Go for the Eyes"],"picked":"Ball Lightning","floor":30.0},{"not_picked":["Cold Snap","Sweeping Beam"],"picked":"Consume","floor":31.0},{"not_picked":["Echo Form","Biased Cognition"],"picked":"Reboot","floor":33.0},{"not_picked":["Compile Driver+1","Barrage+1"],"picked":"Glacier+1","floor":35.0},{"not_picked":["Go for the Eyes+1","Cold Snap"],"picked":"Hello World","floor":39.0},{"not_picked":["Heatsinks+1","Coolheaded+1"],"picked":"White Noise+1","floor":40.0},{"not_picked":["Barrage+1","Tempest"],"picked":"Chill","floor":41.0},{"not_picked":["Double Energy","Hologram+1","Doom and Gloom+1"],"picked":"SKIP","floor":42.0},{"not_picked":["Chaos","Steam"],"picked":"Machine Learning","floor":44.0},{"not_picked":["Barrage","Steam+1"],"picked":"Turbo","floor":46}],"player_experience":388256,"relics_obtained":[{"floor":9.0,"key":"Whetstone"},{"floor":19.0,"key":"Enchiridion"},{"floor":24.0,"key":"Red Mask"},{"floor":26.0,"key":"Gremlin Horn"},{"floor":38.0,"key":"Thread and Needle"},{"floor":43.0,"key":"Anchor"},{"floor":44.0,"key":"War Paint"}],"event_choices":[{"damage_healed":21.0,"max_hp_gain":0.0,"max_hp_loss":0.0,"gold_gain":0.0,"event_name":"Wheel of Change","player_choice":"Full Heal","floor":2.0,"gold_loss":0.0,"damage_taken":0.0},{"damage_healed":0.0,"max_hp_gain":0.0,"max_hp_loss":0.0,"gold_gain":0.0,"event_name":"Scrap Ooze","player_choice":"Success","floor":8.0,"gold_loss":0.0,"damage_taken":33.0,"relics_obtained":["Centennial Puzzle"]},{"damage_healed":0.0,"max_hp_gain":0.0,"max_hp_loss":0.0,"gold_gain":0.0,"event_name":"Cursed Tome","player_choice":"Obtained Book","floor":19.0,"gold_loss":0.0,"damage_taken":16.0},{"damage_healed":0.0,"max_hp_gain":0.0,"max_hp_loss":0.0,"gold_gain":0.0,"event_name":"Ghosts","player_choice":"Ignored","floor":22.0,"gold_loss":0.0,"damage_taken":0.0},{"damage_healed":0.0,"max_hp_gain":0.0,"max_hp_loss":0.0,"gold_gain":0.0,"event_name":"Masked Bandits","player_choice":"Fought Bandits","floor":24.0,"gold_loss":0.0,"damage_taken":0.0},{"damage_healed":0.0,"max_hp_gain":0.0,"max_hp_loss":0.0,"gold_gain":0.0,"cards_transformed":["Strike_B","Defend_B"],"event_name":"Drug Dealer","player_choice":"Became Test Subject","floor":29.0,"gold_loss":0.0,"damage_taken":0.0,"cards_obtained":["Biased Cognition","Seek"]},{"damage_healed":0.0,"max_hp_gain":0.0,"max_hp_loss":0.0,"gold_gain":0.0,"event_name":"Winding Halls","player_choice":"Embrace Madness","floor":37.0,"gold_loss":0.0,"damage_taken":9.0,"cards_obtained":["Madness","Madness"]},{"damage_healed":0.0,"max_hp_gain":0.0,"max_hp_loss":0.0,"gold_gain":0.0,"event_name":"MindBloom","player_choice":"Fight","floor":38.0,"gold_loss":0.0,"damage_taken":0.0}],"is_beta":false,"boss_relics":[{"not_picked":["Runic Pyramid","Eternal Feather"],"picked":"FrozenCore"},{"not_picked":["Snecko Eye","Coffee Dripper"],"picked":"Pandora\u0027s Box"}],"items_purged_floors":[6,20,36],"is_endless":false,"potions_floor_spawned":[4,5,12,21,30,31,39,41,46],"killed_by":"Giant Head","ascension_level":0}