{"gold_per_floor":[115,115,115,133,146,146,180,160,160,176,186,202,202,221,221,323,323,341,357,307,321,321,321,352,352,401,433,433,358,358,358],"floor_reached":31,"playtime":2051,"items_purged":[],"score":525,"play_id":"e8ad4611-1d9d-45d4-8ed6-00aba005efa6","local_time":"20190512091050","is_ascension_mode":true,"campfire_choices":[{"data":"Catalyst","floor":6.0,"key":"SMITH"},{"floor":13.0,"key":"REST"},{"data":"Catalyst","floor":15,"key":"SMITH"},{"floor":23,"key":"REST"},{"floor":25,"key":"REST"},{"floor":28,"key":"REST"},{"data":"Footwork","floor":30,"key":"SMITH"}],"neow_cost":"NONE","seed_source_timestamp":2719708882440320,"circlet_count":0,"master_deck":["AscendersBane","Defend_G","Defend_G","Defend_G","Defend_G","Defend_G","Strike_G","Strike_G","Strike_G","Survivor","Neutralize","Deadly Poison","Catalyst+1","Bouncing Flask","PiercingWail","Footwork+1","Catalyst+1","Deadly Poison","Backstab"],"special_seed":0,"relics":["Ring of the Snake","NeowsBlessing","Anchor","Matryoshka","Runic Pyramid","Orichalcum","Happy Flower","Pen Nib","Calipers"],"potions_floor_usage":[16,21,21],"damage_taken":[{"damage":0.0,"enemies":"2 Louse","floor":1.0,"turns":1.0},{"damage":0.0,"enemies":"Jaw Worm","floor":4.0,"turns":1.0},{"damage":0.0,"enemies":"Cultist","floor":5.0,"turns":1.0},{"damage":22.0,"enemies":"Lagavulin","floor":7.0,"turns":5.0},{"damage":0.0,"enemies":"2 Fungi Beasts","floor":10.0,"turns":3.0},{"damage":0.0,"enemies":"Red Slaver","floor":11.0,"turns":4.0},{"damage":0.0,"enemies":"Lots of Slimes","floor":12.0,"turns":2.0},{"damage":1,"enemies":"Exordium Thugs","floor":14,"turns":6},{"damage":0,"enemies":"Slime Boss","floor":16,"turns":3},{"damage":3,"enemies":"Spheric Guardian","floor":18,"turns":3},{"damage":2,"enemies":"Shell Parasite","floor":19,"turns":6},{"damage":20,"enemies":"Sentry and Sphere","floor":21,"turns":7},{"damage":37,"enemies":"Gremlin Leader","floor":24,"turns":5},{"damage":11,"enemies":"Book of Stabbing","floor":27,"turns":3},{"damage":43,"enemies":"Slavers","floor":31,"turns":14}],"seed_played":"-5156102985505470292","potions_obtained":[{"floor":4.0,"key":"Explosive Potion"},{"floor":7.0,"key":"SkillPotion"},{"floor":8.0,"key":"FearPotion"},{"floor":12.0,"key":"AttackPotion"},{"floor":14,"key":"Energy Potion"},{"floor":18,"key":"Ancient Potion"}],"is_trial":false,"path_per_floor":["M","?","?","M","M","R","E","?","T","M","M","M","R","M","R","B",null,"M","M","?","M","?","R","E","R","T","E","R","?","R","E"],"character_chosen":"THE_SILENT","items_purchased":[],"campfire_rested":4,"item_purchase_floors":[],"current_hp_per_floor":[63,63,63,63,63,63,41,41,41,41,41,41,62,61,61,61,68,65,63,63,43,43,64,27,48,48,37,58,58,58,15],"gold":358,"neow_bonus":"THREE_ENEMY_KILL","is_prod":false,"is_daily":false,"chose_seed":false,"campfire_upgraded":3,"win_rate":0,"timestamp":1557641450,"path_taken":["M","?","?","?","M","R","E","?","T","M","M","?","R","?","R","BOSS","M","M","?","?","?","R","E","R","T","E","R","?","R","E"],"build_version":"2019-01-23","purchased_purges":0,"victory":false,"max_hp_per_floor":[70,70,70,70,70,70,70,70,70,70,70,70,70,70,70,70,70,70,70,70,70,70,70,70,70,70,70,70,70,70,70],"card_choices":[{"not_picked":["Cloak And Dagger","Quick Slash"],"picked":"Deadly Poison","floor":1.0},{"not_picked":["Underhanded Strike","Expertise","Dodge and Roll"],"picked":"SKIP","floor":4.0},{"not_picked":["Backflip","Poisoned Stab"],"picked":"Bouncing Flask","floor":5.0},{"not_picked":["Deflect","Bane"],"picked":"PiercingWail","floor":7.0},{"not_picked":["Distraction","Calculated Gamble","Deflect"],"picked":"SKIP","floor":10.0},{"not_picked":["Dagger Spray","Setup","Quick Slash"],"picked":"SKIP","floor":11.0},{"not_picked":["Blade Dance","Endless Agony"],"picked":"Footwork","floor":12.0},{"not_picked":["Predator","Phantasmal Killer"],"picked":"Catalyst","floor":14},{"not_picked":["Blade Dance+1","Heel Hook+1","Quick Slash+1"],"picked":"SKIP","floor":18},{"not_picked":["PiercingWail","Backflip","Blade Dance"],"picked":"SKIP","floor":19},{"not_picked":["Storm of Steel","Underhanded Strike"],"picked":"Deadly Poison","floor":21},{"not_picked":["Storm of Steel","Flechettes"],"picked":"Backstab","floor":24},{"not_picked":["Caltrops","Prepared","Masterful Stab"],"picked":"SKIP","floor":27}],"player_experience":976536,"relics_obtained":[{"floor":7.0,"key":"Anchor"},{"floor":9.0,"key":"Matryoshka"},{"floor":24,"key":"Orichalcum"},{"floor":26,"key":"Happy Flower"},{"floor":26,"key":"Pen Nib"},{"floor":27,"key":"Calipers"}],"event_choices":[{"damage_healed":0.0,"max_hp_gain":0.0,"max_hp_loss":0.0,"gold_gain":0.0,"event_name":"Liars Game","player_choice":"Ignored","floor":2.0,"gold_loss":0.0,"damage_taken":0.0},{"damage_healed":0.0,"max_hp_gain":0.0,"max_hp_loss":0.0,"gold_gain":0.0,"cards_transformed":["Strike_G"],"event_name":"Transmorgrifier","player_choice":"Transformed","floor":3.0,"gold_loss":0.0,"damage_taken":0.0,"cards_obtained":["Catalyst"]},{"damage_healed":0.0,"max_hp_gain":0.0,"max_hp_loss":0.0,"gold_gain":0.0,"event_name":"The Woman in Blue","player_choice":"Bought 1 Potion","floor":8.0,"gold_loss":0.0,"damage_taken":0.0},{"damage_healed":0,"gold_gain":0,"player_choice":"Bet on Murderer","damage_taken":0,"max_hp_gain":0,"max_hp_loss":0,"event_name":"The Joust","floor":20,"gold_loss":50},{"damage_healed":0,"gold_gain":0,"player_choice":"Ignored","damage_taken":0,"max_hp_gain":0,"max_hp_loss":0,"event_name":"Ghosts","floor":22,"gold_loss":0},{"cards_removed":["Strike_G"],"damage_healed":0,"gold_gain":0,"player_choice":"Gave Gold","damage_taken":0,"max_hp_gain":0,"max_hp_loss":0,"event_name":"Beggar","floor":29,"gold_loss":75}],"is_beta":false,"boss_relics":[{"not_picked":["Ring of the Serpent","Fusion Hammer"],"picked":"Runic Pyramid"}],"items_purged_floors":[],"is_endless":false,"potions_floor_spawned":[4,7,12,14,18],"killed_by":"Slavers","ascension_level":10}