{"gold_per_floor":[117,117,130,78,93,128,152,252,326,326,369,369,389,405,405,405],"floor_reached":16,"playtime":611,"items_purged":[],"score":112,"play_id":"909c10e3-d1b3-4465-b883-5be61d5b9cc3","local_time":"20190414124132","is_ascension_mode":false,"campfire_choices":[{"data":"Bash","floor":10,"key":"SMITH"},{"data":"Clothesline","floor":12,"key":"SMITH"},{"data":"Armaments","floor":15,"key":"SMITH"}],"neow_cost":"NONE","seed_source_timestamp":1630367090497,"circlet_count":0,"master_deck":["Strike_R","Strike_R","Strike_R","Strike_R","Strike_R","Defend_R","Defend_R","Defend_R","Defend_R","Bash+1","Twin Strike","Pommel Strike","Heavy Blade","Clothesline+1","Armaments+1"],"relics":["Burning Blood","Golden Idol","Thread and Needle","Meat on the Bone","Bag of Preparation"],"potions_floor_usage":[11,16,16,16],"damage_taken":[{"damage":1,"enemies":"Cultist","floor":1,"turns":3},{"damage":1,"enemies":"2 Louse","floor":3,"turns":3},{"damage":3,"enemies":"Small Slimes","floor":5,"turns":3},{"damage":33,"enemies":"Gremlin Nob","floor":6,"turns":5},{"damage":5,"enemies":"Gremlin Gang","floor":7,"turns":7},{"damage":19,"enemies":"Lagavulin","floor":11,"turns":7},{"damage":6,"enemies":"Blue Slaver","floor":13,"turns":4},{"damage":6,"enemies":"2 Fungi Beasts","floor":14,"turns":3},{"damage":62,"enemies":"Slime Boss","floor":16,"turns":10}],"seed_played":"-1103074256853715512","potions_obtained":[{"floor":5,"key":"PowerPotion"},{"floor":7,"key":"FearPotion"},{"floor":13,"key":"FearPotion"}],"is_trial":false,"path_per_floor":["M","?","M","$","M","E","M","?","T","R","E","R","M","M","R","B"],"character_chosen":"IRONCLAD","items_purchased":["Fire Potion"],"campfire_rested":0,"item_purchase_floors":[4],"current_hp_per_floor":[88,81,81,81,81,54,55,55,55,55,54,54,54,54,54,0],"gold":405,"neow_bonus":"TEN_PERCENT_HP_BONUS","is_prod":false,"is_daily":false,"chose_seed":false,"campfire_upgraded":3,"win_rate":0,"timestamp":1555260092,"path_taken":["M","?","M","$","M","E","M","?","T","R","E","R","M","M","R","BOSS"],"build_version":"2019-01-23","purchased_purges":0,"victory":false,"max_hp_per_floor":[88,81,81,81,81,81,81,81,81,81,81,81,81,81,81,81],"card_choices":[{"not_picked":["Shrug It Off","Clash"],"picked":"Twin Strike","floor":1},{"not_picked":["Twin Strike","Disarm"],"picked":"Pommel Strike","floor":3},{"not_picked":["Intimidate","Body Slam","Wild Strike"],"picked":"SKIP","floor":5},{"not_picked":["Twin Strike","Feed"],"picked":"Heavy Blade","floor":6},{"not_picked":["Spot Weakness","Disarm"],"picked":"Clothesline","floor":7},{"not_picked":["Havoc","Flame Barrier","Disarm"],"picked":"SKIP","floor":11},{"not_picked":["Fire Breathing","Sever Soul","Infernal Blade"],"picked":"SKIP","floor":13},{"not_picked":["Shrug It Off","Clash"],"picked":"Armaments","floor":14}],"player_experience":570901,"relics_obtained":[{"floor":6,"key":"Thread and Needle"},{"floor":9,"key":"Meat on the Bone"},{"floor":11,"key":"Bag of Preparation"}],"event_choices":[{"damage_healed":0,"gold_gain":0,"player_choice":"Lose Max HP","damage_taken":0,"relics_obtained":["Golden Idol"],"max_hp_gain":0,"max_hp_loss":7,"event_name":"Golden Idol","floor":2,"gold_loss":0},{"damage_healed":0,"gold_gain":100,"player_choice":"Gold","damage_taken":0,"max_hp_gain":0,"max_hp_loss":0,"event_name":"Wheel of Change","floor":8,"gold_loss":0}],"is_beta":false,"boss_relics":[],"items_purged_floors":[],"is_endless":false,"potions_floor_spawned":[5,7,13],"killed_by":"Slime Boss","ascension_level":0}