{"gold_per_floor":[111,60,70,88,99,99,79,114,166,182,195,195,120,120],"floor_reached":14,"playtime":571,"items_purged":["Strike_B"],"score":166,"play_id":"67d6d59a-9233-440d-afeb-d3eeed790e55","local_time":"20190321014615","is_ascension_mode":true,"campfire_choices":[{"floor":6.0,"key":"REST"},{"floor":12,"key":"REST"}],"neow_cost":"NONE","seed_source_timestamp":486093165420385,"circlet_count":0,"master_deck":["AscendersBane","Strike_B","Strike_B","Strike_B","Defend_B","Defend_B","Defend_B","Defend_B","Zap","Dualcast","Darkness","Redo","Leap","Fusion","Consume"],"special_seed":0,"relics":["Inserter","Dodecahedron","Omamori","Art of War"],"potions_floor_usage":[8,8,14],"damage_taken":[{"damage":6.0,"enemies":"Cultist","floor":1.0,"turns":3.0},{"damage":9.0,"enemies":"Jaw Worm","floor":3.0,"turns":4.0},{"damage":22.0,"enemies":"2 Louse","floor":4.0,"turns":3.0},{"damage":0.0,"enemies":"Large Slime","floor":5.0,"turns":5.0},{"damage":32,"enemies":"Gremlin Nob","floor":8,"turns":4},{"damage":1,"enemies":"Looter","floor":10,"turns":2},{"damage":7,"enemies":"Blue Slaver","floor":11,"turns":5},{"damage":32,"enemies":"Exordium Wildlife","floor":14,"turns":3}],"seed_played":"5843346296344159266","potions_obtained":[{"floor":3.0,"key":"FocusPotion"},{"floor":4.0,"key":"AttackPotion"},{"floor":8,"key":"Explosive Potion"}],"is_trial":false,"path_per_floor":["M","?","M","M","M","R","?","E","T","M","M","R","$","M"],"character_chosen":"DEFECT","items_purchased":[],"campfire_rested":2,"item_purchase_floors":[],"current_hp_per_floor":[58,58,49,27,27,48,48,16,16,15,8,29,29,0],"gold":120,"neow_bonus":"BOSS_RELIC","is_prod":false,"is_daily":false,"chose_seed":false,"campfire_upgraded":0,"win_rate":0,"timestamp":1553125575,"path_taken":["M","?","M","M","?","R","?","E","T","M","?","R","$","M"],"build_version":"2019-01-23","purchased_purges":1,"victory":false,"max_hp_per_floor":[71,71,71,71,71,71,71,71,71,71,71,71,71,71],"card_choices":[{"not_picked":["Go for the Eyes","Rebound","Sunder"],"picked":"SKIP","floor":1.0},{"not_picked":["Gash","Loop"],"picked":"Darkness","floor":3.0},{"not_picked":["Gash","Go for the Eyes","Capacitor"],"picked":"SKIP","floor":4.0},{"not_picked":["Blizzard","Barrage"],"picked":"Redo","floor":5.0},{"not_picked":["Machine Learning","Double Energy"],"picked":"Leap","floor":8},{"not_picked":["Melter","Aggregate"],"picked":"Fusion","floor":10},{"not_picked":["Hologram","Cold Snap"],"picked":"Consume","floor":11}],"player_experience":758944,"relics_obtained":[{"floor":8,"key":"Omamori"},{"floor":9,"key":"Art of War"}],"event_choices":[{"damage_healed":0.0,"max_hp_gain":0.0,"max_hp_loss":0.0,"gold_gain":0.0,"event_name":"WeMeetAgain","player_choice":"Paid Gold","floor":2.0,"gold_loss":51.0,"damage_taken":0.0,"relics_obtained":["Dodecahedron"]},{"damage_healed":0.0,"max_hp_gain":0.0,"max_hp_loss":0.0,"gold_gain":0.0,"event_name":"The Woman in Blue","player_choice":"Bought 1 Potion","floor":7.0,"gold_loss":0.0,"damage_taken":0.0}],"is_beta":false,"boss_relics":[],"items_purged_floors":[13],"is_endless":false,"potions_floor_spawned":[3,4,8],"killed_by":"Exordium Wildlife","ascension_level":16}