{"gold_per_floor":[111,128,143,169,169,169,183,202,202,202,217,243,243,261,261,261],"floor_reached":16,"playtime":522,"items_purged":[],"score":208,"play_id":"1721f95a-25ad-4d59-9512-c82d4dc6cc61","local_time":"20190405133602","is_ascension_mode":true,"campfire_choices":[{"floor":6,"key":"REST"},{"floor":10,"key":"REST"},{"floor":13,"key":"REST"},{"data":"Clothesline","floor":15,"key":"SMITH"}],"neow_cost":"NONE","seed_source_timestamp":38845304749077,"circlet_count":0,"master_deck":["AscendersBane","Strike_R","Strike_R","Strike_R","Strike_R","Defend_R","Defend_R","Defend_R","Defend_R","Bash","Feel No Pain","Clothesline+1","Clumsy","Ghostly Armor","Ghostly Armor","Hemokinesis","Cleave","Ghostly Armor"],"relics":["Burning Blood","PreservedInsect","Art of War","Incense Burner"],"potions_floor_usage":[7],"damage_taken":[{"damage":18,"enemies":"Cultist","floor":1,"turns":5},{"damage":19,"enemies":"Small Slimes","floor":2,"turns":4},{"damage":26,"enemies":"Jaw Worm","floor":3,"turns":5},{"damage":13,"enemies":"3 Louse","floor":7,"turns":5},{"damage":25,"enemies":"Large Slime","floor":8,"turns":11},{"damage":9,"enemies":"Red Slaver","floor":11,"turns":7},{"damage":29,"enemies":"Gremlin Nob","floor":12,"turns":4},{"damage":28,"enemies":"Exordium Wildlife","floor":14,"turns":7},{"damage":23,"enemies":"The Guardian","floor":16,"turns":2}],"seed_played":"-1143503602897049994","potions_obtained":[{"floor":1,"key":"BloodPotion"},{"floor":2,"key":"Dexterity Potion"},{"floor":12,"key":"Dexterity Potion"}],"is_trial":false,"path_per_floor":["M","M","M","T","?","R","M","M","T","R","M","E","R","M","R","B"],"character_chosen":"IRONCLAD","items_purchased":[],"campfire_rested":3,"item_purchase_floors":[],"current_hp_per_floor":[56,43,23,23,23,45,45,26,26,48,45,22,44,22,22,0],"gold":261,"neow_bonus":"REMOVE_CARD","is_prod":false,"is_daily":false,"chose_seed":false,"campfire_upgraded":1,"win_rate":0,"timestamp":1554485762,"path_taken":["M","M","M","?","?","R","M","M","T","R","M","E","R","M","R","BOSS"],"build_version":"2019-01-23","purchased_purges":0,"victory":false,"max_hp_per_floor":[75,75,75,75,75,75,75,75,75,75,75,75,75,75,75,75],"card_choices":[{"not_picked":["Iron Wave","Rupture"],"picked":"Feel No Pain","floor":1},{"not_picked":["Wild Strike","Thunderclap","Infernal Blade"],"picked":"SKIP","floor":2},{"not_picked":["Cleave","Bloodletting"],"picked":"Clothesline","floor":3},{"not_picked":["Barricade","Dual Wield"],"picked":"Ghostly Armor","floor":7},{"not_picked":["Heavy Blade","Searing Blow"],"picked":"Hemokinesis","floor":8},{"not_picked":["Perfected Strike","Dual Wield","Fire Breathing"],"picked":"SKIP","floor":11},{"not_picked":["Pommel Strike","Berserk"],"picked":"Cleave","floor":12},{"not_picked":["Warcry","Twin Strike"],"picked":"Ghostly Armor","floor":14}],"player_experience":535546,"relics_obtained":[{"floor":4,"key":"PreservedInsect"},{"floor":9,"key":"Art of War"},{"floor":12,"key":"Incense Burner"}],"event_choices":[{"damage_healed":0,"gold_gain":0,"player_choice":"2 cards matched","damage_taken":0,"max_hp_gain":0,"max_hp_loss":0,"event_name":"Match and Keep!","floor":5,"gold_loss":0,"cards_obtained":["Clumsy","Ghostly Armor"]}],"is_beta":false,"boss_relics":[],"items_purged_floors":[],"is_endless":false,"potions_floor_spawned":[1,2,12,14],"killed_by":"The Guardian","ascension_level":20}