{"gold_per_floor":[119,119,119,134,150,169,196,196,196,216,216,115,115,134,134,238,238,257,67,67,15,31,61,61],"floor_reached":24,"playtime":2131,"items_purged":["Strike_B","Normality"],"score":216,"play_id":"e77a6630-8149-49c1-929a-5e8c04cc3e0e","local_time":"20190516201723","is_ascension_mode":false,"campfire_choices":[{"floor":13,"key":"REST"},{"floor":15,"key":"REST"}],"neow_cost":"CURSE","seed_source_timestamp":4357474802353,"circlet_count":0,"master_deck":["Defend_B","Zap","Dualcast","Compile Driver+1","Tempest","Reinforced Body","Double Energy","Leap","Double Energy","Conserve Battery","Doom and Gloom+1","Echo Form","Static Discharge+1","All For One+1","Static Discharge+1","Turbo+1","Impatience","Capacitor","Tempest+1"],"relics":["Cracked Core","Dead Branch","Ornamental Fan","Astrolabe","Enchiridion","Blue Candle","Whetstone"],"potions_floor_usage":[7,16,16,24],"damage_taken":[{"damage":13,"enemies":"2 Louse","floor":1,"turns":2},{"damage":7,"enemies":"Small Slimes","floor":4,"turns":4},{"damage":1,"enemies":"Cultist","floor":5,"turns":3},{"damage":21,"enemies":"3 Louse","floor":6,"turns":3},{"damage":21,"enemies":"Gremlin Nob","floor":7,"turns":4},{"damage":6,"enemies":"Large Slime","floor":10,"turns":3},{"damage":8,"enemies":"Exordium Wildlife","floor":14,"turns":4},{"damage":37,"enemies":"The Guardian","floor":16,"turns":11},{"damage":11,"enemies":"Spheric Guardian","floor":18,"turns":4},{"damage":3,"enemies":"Chosen","floor":22,"turns":3},{"damage":44,"enemies":"Slavers","floor":23,"turns":3},{"damage":12,"enemies":"Centurion and Healer","floor":24,"turns":1}],"seed_played":"-8178952980945543668","potions_obtained":[{"floor":1,"key":"AttackPotion"},{"floor":4,"key":"Poison Potion"},{"floor":7,"key":"Block Potion"},{"floor":22,"key":"GamblersBrew"},{"floor":23,"key":"Energy Potion"}],"is_trial":false,"path_per_floor":["M","?","?","M","M","M","E","?","T","M","?","$","R","M","R","B",null,"M","$","?","?","M","E","M"],"character_chosen":"DEFECT","items_purchased":["Conserve Battery","Impatience"],"campfire_rested":2,"item_purchase_floors":[12,19],"current_hp_per_floor":[62,62,67,60,59,38,17,17,17,11,11,11,35,27,51,14,80,69,69,53,53,50,6,0],"gold":61,"neow_bonus":"TRANSFORM_TWO_CARDS","is_prod":false,"is_daily":false,"chose_seed":false,"campfire_upgraded":0,"win_rate":0.0,"timestamp":1558052243,"path_taken":["M","?","?","M","M","M","E","?","T","M","?","$","R","M","R","BOSS","M","$","?","?","?","E","M"],"build_version":"2019-01-23","purchased_purges":2,"victory":false,"max_hp_per_floor":[75,75,80,80,80,80,80,80,80,80,80,80,80,80,80,80,80,80,80,80,80,80,80,80],"card_choices":[{"not_picked":["Stack","Turbo"],"picked":"Reinforced Body","floor":1},{"not_picked":["Ball Lightning","Leap"],"picked":"Double Energy","floor":4},{"not_picked":["Hologram","Doom and Gloom","Streamline"],"picked":"SKIP","floor":5},{"not_picked":["Compile Driver","Steam"],"picked":"Leap","floor":6},{"not_picked":["Multi-Cast","Coolheaded"],"picked":"Double Energy","floor":7},{"not_picked":["Darkness","Defragment","Stack"],"picked":"SKIP","floor":10},{"not_picked":["Redo","Loop"],"picked":"Doom and Gloom","floor":14},{"not_picked":["Amplify","Machine Learning"],"picked":"Echo Form","floor":16},{"not_picked":["Stack","Chaos+1"],"picked":"Turbo+1","floor":18},{"not_picked":["Rebound","Coolheaded"],"picked":"Capacitor","floor":22},{"not_picked":["Storm","Echo Form"],"picked":"Tempest+1","floor":23}],"player_experience":222004,"relics_obtained":[{"floor":7,"key":"Dead Branch"},{"floor":9,"key":"Ornamental Fan"},{"floor":20,"key":"Enchiridion"},{"floor":23,"key":"Whetstone"}],"event_choices":[{"cards_removed":["Strike_B"],"damage_healed":0,"gold_gain":0,"player_choice":"Forget","damage_taken":0,"max_hp_gain":0,"max_hp_loss":0,"event_name":"Living Wall","floor":2,"gold_loss":0},{"damage_healed":0,"gold_gain":0,"player_choice":"Donut","damage_taken":0,"max_hp_gain":5,"max_hp_loss":0,"event_name":"Big Fish","floor":3,"gold_loss":0},{"damage_healed":0,"gold_gain":0,"player_choice":"Fled","damage_taken":0,"max_hp_gain":0,"max_hp_loss":0,"event_name":"Scrap Ooze","floor":8,"gold_loss":0},{"damage_healed":0,"gold_gain":0,"player_choice":"Ignored","damage_taken":0,"max_hp_gain":0,"max_hp_loss":0,"event_name":"Golden Idol","floor":11,"gold_loss":0},{"damage_healed":0,"gold_gain":0,"player_choice":"Obtained Book","damage_taken":16,"max_hp_gain":0,"max_hp_loss":0,"event_name":"Cursed Tome","floor":20,"gold_loss":0},{"damage_healed":0,"gold_gain":0,"player_choice":"Paid Gold","damage_taken":0,"relics_obtained":["Blue Candle"],"max_hp_gain":0,"max_hp_loss":0,"event_name":"WeMeetAgain","floor":21,"gold_loss":52}],"is_beta":false,"boss_relics":[{"not_picked":["Runic Dome","Busted Crown"],"picked":"Astrolabe"}],"items_purged_floors":[12,19],"is_endless":false,"potions_floor_spawned":[1,4,7,22,23],"killed_by":"Centurion and Healer","ascension_level":0}