{"gold_per_floor":[110,31,31,56,76,76,76,90,141,141,141,160,203,224,224,350],"floor_reached":16,"playtime":556,"items_purged":[],"score":152,"play_id":"15a8436e-63ab-4e82-b786-05ca13ea9690","local_time":"20190307134402","is_ascension_mode":false,"campfire_choices":[{"data":"Skewer","floor":6,"key":"SMITH"},{"data":"Riddle With Holes","floor":10,"key":"SMITH"},{"data":"Caltrops","floor":15,"key":"SMITH"}],"neow_cost":"NONE","seed_source_timestamp":429328179050594,"circlet_count":0,"master_deck":["Survivor","Neutralize","Blur","Acrobatics","Die Die Die","Dash","Riddle With Holes+1","Leg Sweep","Flying Knee","Skewer+1","Eviscerate","Acrobatics","Calculated Gamble","Footwork","Well Laid Plans","Dodge and Roll","Calculated Gamble","Caltrops+1","Dagger Throw","Adrenaline"],"relics":["Pandora\u0027s Box","Golden Idol","Smiling Mask","Snake Skull"],"potions_floor_usage":[13],"damage_taken":[{"damage":0,"enemies":"Small Slimes","floor":1,"turns":3},{"damage":0,"enemies":"Jaw Worm","floor":4,"turns":3},{"damage":0,"enemies":"Cultist","floor":5,"turns":3},{"damage":9,"enemies":"Blue Slaver","floor":8,"turns":2},{"damage":0,"enemies":"3 Louse","floor":12,"turns":3},{"damage":8,"enemies":"Gremlin Nob","floor":13,"turns":3},{"damage":3,"enemies":"Looter","floor":14,"turns":2},{"damage":7,"enemies":"Hexaghost","floor":16,"turns":10}],"seed_played":"407260931382321336","potions_obtained":[{"floor":1,"key":"Block Potion"},{"floor":5,"key":"FearPotion"}],"is_trial":false,"path_per_floor":["M","$","?","M","M","R","?","M","T","R","?","M","E","M","R","B"],"character_chosen":"THE_SILENT","items_purchased":["Footwork"],"campfire_rested":0,"item_purchase_floors":[2],"current_hp_per_floor":[70,70,65,65,65,65,65,56,56,56,61,61,53,50,50,43],"gold":350,"neow_bonus":"BOSS_RELIC","is_prod":false,"is_daily":false,"chose_seed":false,"campfire_upgraded":3,"win_rate":0,"timestamp":1551984242,"path_taken":["M","$","?","M","M","R","?","?","T","R","?","M","E","M","R","BOSS"],"build_version":"2019-01-23","purchased_purges":0,"victory":false,"max_hp_per_floor":[70,70,65,65,65,65,65,65,65,65,70,70,70,70,70,70],"card_choices":[{"not_picked":["Eviscerate","Poisoned Stab"],"picked":"Calculated Gamble","floor":1},{"not_picked":["Dodge and Roll","Outmaneuver"],"picked":"Well Laid Plans","floor":4},{"not_picked":["Dagger Spray","Flying Knee","Blade Dance"],"picked":"SKIP","floor":5},{"not_picked":["Deflect","Slice"],"picked":"Dodge and Roll","floor":8},{"not_picked":["Prepared","Bullet Time"],"picked":"Calculated Gamble","floor":12},{"not_picked":["Terror","Reflex"],"picked":"Caltrops","floor":13},{"not_picked":["Prepared","Bane"],"picked":"Dagger Throw","floor":14},{"not_picked":["Bullet Time","Storm of Steel"],"picked":"Adrenaline","floor":16}],"player_experience":467068,"relics_obtained":[{"floor":9,"key":"Smiling Mask"},{"floor":13,"key":"Snake Skull"}],"event_choices":[{"damage_healed":0,"gold_gain":0,"player_choice":"Lose Max HP","damage_taken":0,"relics_obtained":["Golden Idol"],"max_hp_gain":0,"max_hp_loss":5,"event_name":"Golden Idol","floor":3,"gold_loss":0},{"damage_healed":0,"gold_gain":0,"player_choice":"Ignored","damage_taken":0,"max_hp_gain":0,"max_hp_loss":0,"event_name":"WeMeetAgain","floor":7,"gold_loss":0},{"damage_healed":0,"gold_gain":0,"player_choice":"Donut","damage_taken":0,"max_hp_gain":5,"max_hp_loss":0,"event_name":"Big Fish","floor":11,"gold_loss":0}],"is_beta":false,"boss_relics":[],"items_purged_floors":[],"is_endless":false,"potions_floor_spawned":[1,5],"killed_by":"Hexaghost","ascension_level":0}