{"gold_per_floor":[14,27,47,47,64,92,92,123,123,123,48,66,91,91,91,190,190,201,221,240,240,71,99,24,24,96,114,125,125,125,136,136,238,238,251,265,265,265,280,280,327,353,428,440,11,46,46,0,0,0],"floor_reached":51,"playtime":9128,"items_purged":["Strike_G","Strike_G","Decay"],"score":935,"play_id":"a2a49bd1-8272-4e00-b4df-6f76ade9c0eb","local_time":"20180722205644","is_ascension_mode":false,"campfire_choices":[{"floor":7,"key":"REST"},{"data":"Neutralize","floor":10,"key":"SMITH"},{"data":"Burst","floor":15,"key":"SMITH"},{"floor":25,"key":"REST"},{"data":"Blur","floor":30,"key":"SMITH"},{"data":"Backflip","floor":32,"key":"SMITH"},{"floor":40,"key":"REST"},{"data":"Outmaneuver","floor":49,"key":"SMITH"}],"neow_cost":"NO_GOLD","seed_source_timestamp":712953714374404,"circlet_count":0,"master_deck":["Defend_G","Defend_G","Defend_G","Defend_G","Survivor","Neutralize+1","Heel Hook","Crippling Poison","Deadly Poison","Backstab","Burst+1","Heel Hook","Backflip+1","Outmaneuver+1","Bandage Up","Malaise","Bane+1","Crippling Poison","Sucker Punch","Noxious Fumes","Catalyst","Outmaneuver","Blur+1","Writhe","Prepared","Corpse Explosion","Decay","Parasite","Crippling Poison+1","Catalyst+1","Noxious Fumes+1","Panacea","Outmaneuver+1"],"relics":["Ring of the Serpent","Dodecahedron","Darkstone Periapt","Pantograph","Ancient Tea Set","Bottled Lightning","Shuriken","Strawberry","Calling Bell","Regal Pillow","Mummified Hand","Incense Burner","Nunchaku","Bird Faced Urn","Bronze Scales","Mercury Hourglass","Meat on the Bone","Pen Nib","Red Mask"],"potions_floor_usage":[16,16,18,19,20,23,33,33,36,41,42,46,46],"damage_taken":[{"damage":0,"enemies":"2 Louse","floor":1,"turns":3},{"damage":0,"enemies":"Jaw Worm","floor":2,"turns":6},{"damage":4,"enemies":"Cultist","floor":3,"turns":5},{"damage":2,"enemies":"Large Slime","floor":5,"turns":8},{"damage":27,"enemies":"3 Sentries","floor":6,"turns":13},{"damage":16,"enemies":"Lagavulin","floor":8,"turns":6},{"damage":7,"enemies":"Exordium Wildlife","floor":12,"turns":5},{"damage":9,"enemies":"The Guardian","floor":16,"turns":11},{"damage":14,"enemies":"Spheric Guardian","floor":18,"turns":5},{"damage":13,"enemies":"2 Thieves","floor":19,"turns":4},{"damage":15,"enemies":"3 Cultists","floor":20,"turns":6},{"damage":10,"enemies":"Book of Stabbing","floor":23,"turns":7},{"damage":16,"enemies":"Snake Plant","floor":27,"turns":5},{"damage":15,"enemies":"Centurion and Healer","floor":28,"turns":6},{"damage":15,"enemies":"Snecko","floor":31,"turns":5},{"damage":46,"enemies":"Automaton","floor":33,"turns":11},{"damage":20,"enemies":"3 Darklings","floor":35,"turns":3},{"damage":11,"enemies":"Orb Walker","floor":36,"turns":3},{"damage":44,"floor":37,"turns":7},{"damage":15,"enemies":"3 Darklings","floor":39,"turns":5},{"damage":28,"floor":41,"turns":5},{"damage":41,"enemies":"Giant Head","floor":42,"turns":7},{"damage":15,"enemies":"4 Shapes","floor":44,"turns":4},{"damage":21,"enemies":"Nemesis","floor":46,"turns":5},{"damage":55,"enemies":"Donu and Deca","floor":50,"turns":6}],"seed_played":"6168232890233494360","potions_obtained":[{"floor":2,"key":"SteroidPotion"},{"floor":8,"key":"AttackPotion"},{"floor":12,"key":"PowerPotion"},{"floor":16,"key":"GhostInAJar"},{"floor":18,"key":"Block Potion"},{"floor":20,"key":"EssenceOfSteel"},{"floor":27,"key":"Poison Potion"},{"floor":28,"key":"PowerPotion"},{"floor":33,"key":"Energy Potion"},{"floor":39,"key":"Regen Potion"},{"floor":41,"key":"Swift Potion"},{"floor":44,"key":"Dexterity Potion"},{"floor":46,"key":"SneckoOil"}],"is_trial":false,"path_per_floor":["M","M","M","?","M","E","R","E","T","R","$","M","T","?","R","B",null,"M","M","M","?","$","E","?","R","T","M","M","?","R","M","R","B",null,"M","M","?","?","M","R","?","E","T","M","$","E","?","?","R","B"],"character_chosen":"THE_SILENT","items_purchased":["Noxious Fumes","Meat on the Bone","Poison Potion"],"campfire_rested":3,"item_purchase_floors":[22,45,45],"current_hp_per_floor":[70,70,66,71,69,42,64,48,48,48,48,41,41,41,41,61,75,69,60,49,49,49,43,43,65,65,57,46,59,59,48,48,31,106,86,79,60,60,49,95,85,52,52,37,37,34,93,93,93,58],"gold":0,"neow_bonus":"REMOVE_TWO","is_prod":false,"is_daily":false,"chose_seed":false,"campfire_upgraded":5,"win_rate":0.0,"timestamp":1532307404,"path_taken":["M","M","M","?","M","E","R","E","T","R","$","M","?","?","R","BOSS","M","M","M","?","$","E","?","R","T","M","M","?","R","?","R","BOSS","M","M","?","?","?","R","?","E","T","M","$","E","?","?","R","BOSS"],"build_version":"2018-07-19v2","purchased_purges":3,"victory":true,"max_hp_per_floor":[70,70,70,75,75,75,75,75,75,75,75,75,75,75,75,75,75,75,75,75,75,75,75,75,75,75,75,75,88,88,88,88,88,106,106,106,106,106,106,106,106,106,106,106,106,106,93,93,93,93],"card_choices":[{"not_picked":["PiercingWail","Backflip"],"picked":"Heel Hook","floor":1},{"not_picked":["Quick Slash","Dagger Spray"],"picked":"Crippling Poison","floor":2},{"not_picked":["Dagger Throw","Prepared"],"picked":"Deadly Poison","floor":3},{"not_picked":["Skewer","Cloak And Dagger"],"picked":"Backstab","floor":5},{"not_picked":["Poisoned Stab","Choke"],"picked":"Burst","floor":6},{"not_picked":["Riddle With Holes","Noxious Fumes"],"picked":"Heel Hook","floor":8},{"not_picked":["Quick Slash","Cloak And Dagger"],"picked":"Backflip","floor":12},{"not_picked":["Tools of the Trade","Die Die Die"],"picked":"Malaise","floor":16},{"not_picked":["PiercingWail","Acrobatics"],"picked":"Bane+1","floor":18},{"not_picked":["Backflip","Riddle With Holes"],"picked":"Crippling Poison","floor":19},{"not_picked":["Dodge and Roll","Calculated Gamble+1"],"picked":"Sucker Punch","floor":20},{"not_picked":["Deadly Poison","Quick Slash"],"picked":"Catalyst","floor":23},{"not_picked":["Choke","Dagger Spray"],"picked":"Outmaneuver","floor":27},{"not_picked":["Accuracy","Slice"],"picked":"Blur","floor":28},{"not_picked":["Infinite Blades","Riddle With Holes"],"picked":"Prepared","floor":31},{"not_picked":["Adrenaline","Bullet Time"],"picked":"Corpse Explosion","floor":33},{"not_picked":["Backstab","Dagger Spray+1"],"picked":"Crippling Poison+1","floor":35},{"not_picked":["Escape Plan","Deflect"],"picked":"Catalyst+1","floor":36},{"not_picked":["Blade Dance","Outmaneuver"],"picked":"Noxious Fumes+1","floor":37},{"not_picked":["Secret Weapon","Dramatic Entrance"],"picked":"Panacea","floor":38},{"not_picked":["Poisoned Stab","Acrobatics","Distraction+1"],"picked":"SKIP","floor":39},{"not_picked":["Glass Knife","Blade Dance"],"picked":"Outmaneuver+1","floor":42},{"not_picked":["Poisoned Stab+1","Terror","Flying Knee"],"picked":"SKIP","floor":44},{"not_picked":["Glass Knife","Acrobatics","Caltrops"],"picked":"SKIP","floor":46}],"player_experience":87225,"relics_obtained":[{"floor":6,"key":"Dodecahedron"},{"floor":8,"key":"Darkstone Periapt"},{"floor":9,"key":"Pantograph"},{"floor":13,"key":"Ancient Tea Set"},{"floor":23,"key":"Bottled Lightning"},{"floor":26,"key":"Shuriken"},{"floor":34,"key":"Regal Pillow"},{"floor":34,"key":"Mummified Hand"},{"floor":34,"key":"Incense Burner"},{"floor":37,"key":"Nunchaku"},{"floor":41,"key":"Bird Faced Urn"},{"floor":42,"key":"Bronze Scales"},{"floor":43,"key":"Mercury Hourglass"},{"floor":46,"key":"Pen Nib"}],"event_choices":[{"event_name":"Big Fish","player_choice":"Donut","floor":4,"damage_taken":0},{"event_name":"Match and Keep!","player_choice":"2 cards matched","floor":14,"damage_taken":0},{"event_name":"Back to Basics","player_choice":"Elegance","floor":21,"damage_taken":0},{"event_name":"Beggar","player_choice":"Gave Gold","floor":24,"damage_taken":0},{"event_name":"The Mausoleum","player_choice":"Yes","floor":29,"damage_taken":0},{"event_name":"MindBloom","player_choice":"Fight","floor":37,"damage_taken":0},{"event_name":"SensoryStone","player_choice":"Memory 1","floor":38,"damage_taken":0},{"event_name":"Mysterious Sphere","player_choice":"Fight","floor":41,"damage_taken":0},{"event_name":"The Moai Head","player_choice":"Heal","floor":47,"damage_taken":0},{"event_name":"Tomb of Lord Red Mask","player_choice":"Paid","floor":48,"damage_taken":0}],"is_beta":false,"boss_relics":[{"not_picked":["White Beast Statue","Empty Cage"],"picked":"Ring of the Serpent"},{"not_picked":["Runic Dome","Tiny House"],"picked":"Calling Bell"}],"items_purged_floors":[11,22,45],"is_endless":false,"potions_floor_spawned":[2,8,12,16,18,20,27,28,33,39,41,44,46],"ascension_level":0}