{"gold_per_floor":[117,117,129,143,143,143,9,28,28,57,69,81,119,148,160,247,259,282,79,98,13,13,13,28,78,128,128],"floor_reached":27,"playtime":1104,"items_purged":["Strike_R"],"score":442,"play_id":"f7648987-a4e4-4e2d-bf40-a9bfc17e4d7b","local_time":"20190505200657","is_ascension_mode":true,"campfire_choices":[{"data":"Uppercut","floor":6,"key":"SMITH"},{"floor":12,"key":"REST"},{"data":"Anger","floor":15,"key":"SMITH"},{"floor":23,"key":"REST"}],"neow_cost":"NONE","seed_source_timestamp":34466318520979,"circlet_count":0,"master_deck":["AscendersBane","Strike_R+1","Strike_R","Strike_R","Strike_R","Defend_R","Defend_R+1","Defend_R","Defend_R","Bash","Uppercut+1","Inflame","Battle Trance","Anger+1","Shrug It Off","Inflame+1","Juggernaut+1","Ghostly Armor+1","True Grit+1"],"relics":["Burning Blood","Darkstone Periapt","Frozen Egg 2","MawBank","Smiling Mask","Runic Dome","Happy Flower","Dodecahedron","Dream Catcher"],"potions_floor_usage":[10,10],"damage_taken":[{"damage":8,"enemies":"2 Louse","floor":1,"turns":4},{"damage":12,"enemies":"Small Slimes","floor":3,"turns":3},{"damage":3,"enemies":"Cultist","floor":4,"turns":4},{"damage":10,"enemies":"Blue Slaver","floor":8,"turns":4},{"damage":18,"enemies":"3 Sentries","floor":10,"turns":7},{"damage":8,"enemies":"Gremlin Nob","floor":13,"turns":3},{"damage":0,"enemies":"Large Slime","floor":14,"turns":4},{"damage":20,"enemies":"Slime Boss","floor":16,"turns":6},{"damage":22,"enemies":"Spheric Guardian","floor":18,"turns":4},{"damage":12,"enemies":"2 Thieves","floor":20,"turns":4},{"damage":18,"enemies":"Colosseum Slavers","floor":22,"turns":4},{"damage":18,"enemies":"Snake Plant","floor":24,"turns":4},{"damage":50,"enemies":"Gremlin Leader","floor":27,"turns":7}],"seed_played":"-7374727544006603125","potions_obtained":[{"floor":3,"key":"PowerPotion"},{"floor":4,"key":"GamblersBrew"},{"floor":8,"key":"Dexterity Potion"},{"floor":13,"key":"Dexterity Potion"},{"floor":18,"key":"Weak Potion"}],"is_trial":false,"path_per_floor":["M","?","M","M","?","R","$","M","T","E","?","R","E","M","R","B",null,"M","$","M","?","?","R","M","?","T","E"],"character_chosen":"IRONCLAD","items_purchased":["Battle Trance","Anger","Happy Flower"],"campfire_rested":2,"item_purchase_floors":[7,7,19],"current_hp_per_floor":[73,48,42,45,45,45,45,41,41,29,29,53,51,57,57,43,72,56,56,50,50,38,62,50,50,50,0],"gold":128,"neow_bonus":"TEN_PERCENT_HP_BONUS","is_prod":false,"is_daily":false,"chose_seed":false,"campfire_upgraded":2,"win_rate":0,"timestamp":1557101217,"path_taken":["M","?","M","M","?","R","$","?","T","E","?","R","E","M","R","BOSS","M","$","M","?","?","R","M","?","T","E"],"build_version":"2019-01-23","purchased_purges":1,"victory":false,"max_hp_per_floor":[82,82,82,82,82,82,82,82,82,82,82,82,82,82,82,82,82,82,82,82,82,82,82,82,82,82,82],"card_choices":[{"not_picked":["Anger","Wild Strike"],"picked":"Uppercut","floor":1},{"not_picked":["Thunderclap","Power Through","Seeing Red"],"picked":"SKIP","floor":3},{"not_picked":["Searing Blow","Fire Breathing"],"picked":"Inflame","floor":4},{"not_picked":["Sentinel","Perfected Strike"],"picked":"Shrug It Off","floor":8},{"not_picked":["Headbutt","Perfected Strike"],"picked":"Inflame+1","floor":10},{"not_picked":["Flex","Pommel Strike","Spot Weakness"],"picked":"SKIP","floor":13},{"not_picked":["Pommel Strike","Havoc","Armaments"],"picked":"SKIP","floor":14},{"not_picked":["Exhume","Dark Embrace+1"],"picked":"Juggernaut+1","floor":16},{"not_picked":["Pommel Strike","Warcry"],"picked":"Ghostly Armor+1","floor":18},{"not_picked":["Hemokinesis","Cleave"],"picked":"True Grit+1","floor":20},{"not_picked":["True Grit","Havoc","Warcry+1"],"picked":"SKIP","floor":24}],"player_experience":604158,"relics_obtained":[{"floor":9,"key":"Frozen Egg 2"},{"floor":10,"key":"MawBank"},{"floor":13,"key":"Smiling Mask"},{"floor":26,"key":"Dream Catcher"}],"event_choices":[{"damage_healed":0,"gold_gain":0,"player_choice":"Entered Light","damage_taken":25,"max_hp_gain":0,"max_hp_loss":0,"event_name":"Shining Light","floor":2,"gold_loss":0,"cards_upgraded":["Defend_R","Strike_R"]},{"damage_healed":0,"gold_gain":0,"player_choice":"Gave Potion","damage_taken":0,"relics_obtained":["Darkstone Periapt"],"max_hp_gain":0,"max_hp_loss":0,"event_name":"WeMeetAgain","floor":5,"gold_loss":0},{"damage_healed":0,"gold_gain":0,"player_choice":"Ignored","damage_taken":0,"max_hp_gain":0,"max_hp_loss":0,"event_name":"Liars Game","floor":11,"gold_loss":0},{"damage_healed":0,"gold_gain":0,"player_choice":"Obtained Relic","damage_taken":0,"relics_obtained":["Dodecahedron"],"max_hp_gain":0,"max_hp_loss":0,"event_name":"Addict","floor":21,"gold_loss":85},{"damage_healed":0,"gold_gain":0,"player_choice":"Fight","damage_taken":0,"max_hp_gain":0,"max_hp_loss":0,"event_name":"Colosseum","floor":22,"gold_loss":0},{"damage_healed":0,"gold_gain":0,"player_choice":"Fled From Nobs","damage_taken":0,"max_hp_gain":0,"max_hp_loss":0,"event_name":"Colosseum","floor":22,"gold_loss":0},{"damage_healed":0,"gold_gain":50,"player_choice":"Stole From Cult","damage_taken":0,"max_hp_gain":0,"max_hp_loss":0,"event_name":"Nest","floor":25,"gold_loss":0}],"is_beta":false,"boss_relics":[{"not_picked":["Calling Bell","Tiny House"],"picked":"Runic Dome"}],"items_purged_floors":[19],"is_endless":false,"potions_floor_spawned":[3,4,8,13,18,20],"killed_by":"Gremlin Leader","ascension_level":20}