{"gold_per_floor":[112,112,124,136,86,120,120,150,150,170,170,189,189,202,202,301,301,318,332,344,356,368,368,393,393,465,342,361,372,372,384,384,384],"floor_reached":33,"playtime":3659,"items_purged":["Strike_R"],"score":453,"play_id":"b829b99c-a667-42f5-9e32-889397e2875f","local_time":"20190519122639","is_ascension_mode":true,"campfire_choices":[{"data":"Whirlwind","floor":7.0,"key":"SMITH"},{"data":"Armaments","floor":11.0,"key":"SMITH"},{"data":"Barricade","floor":13.0,"key":"SMITH"},{"data":"Shrug It Off","floor":15.0,"key":"SMITH"},{"floor":23,"key":"REST"},{"floor":25,"key":"REST"},{"floor":32,"key":"REST"}],"neow_cost":"NONE","seed_source_timestamp":41819754736976,"circlet_count":0,"master_deck":["AscendersBane","Strike_R","Strike_R","Strike_R","Defend_R","Defend_R","Defend_R","Defend_R","Bash+1","Armaments+1","Whirlwind+1","Pommel Strike","Shrug It Off+1","Barricade+1","Spot Weakness","Juggernaut","Body Slam","True Grit","Iron Wave","Headbutt+1","Warcry","Battle Trance","Pommel Strike+1"],"special_seed":0,"relics":["Burning Blood","Kunai","Bottled Lightning","Bronze Scales","Meat on the Bone","Velvet Choker","Molten Egg 2","Mercury Hourglass"],"potions_floor_usage":[24,29,33,33],"damage_taken":[{"damage":3.0,"enemies":"2 Louse","floor":1.0,"turns":4.0},{"damage":7.0,"enemies":"Jaw Worm","floor":3.0,"turns":3.0},{"damage":1.0,"enemies":"Cultist","floor":4.0,"turns":3.0},{"damage":32.0,"enemies":"Gremlin Nob","floor":6.0,"turns":4.0},{"damage":30.0,"enemies":"3 Sentries","floor":8.0,"turns":7.0},{"damage":3.0,"enemies":"Looter","floor":10.0,"turns":3.0},{"damage":28.0,"enemies":"Gremlin Gang","floor":12.0,"turns":3.0},{"damage":2.0,"enemies":"2 Fungi Beasts","floor":14.0,"turns":3.0},{"damage":44,"enemies":"The Guardian","floor":16,"turns":14},{"damage":0,"enemies":"3 Byrds","floor":18,"turns":4},{"damage":12,"enemies":"Spheric Guardian","floor":19,"turns":4},{"damage":7,"enemies":"Snecko","floor":20,"turns":5},{"damage":45,"enemies":"3 Cultists","floor":21,"turns":5},{"damage":11,"enemies":"Snake Plant","floor":22,"turns":4},{"damage":67,"enemies":"Slavers","floor":24,"turns":6},{"damage":21,"enemies":"Shelled Parasite and Fungi","floor":28,"turns":5},{"damage":10,"enemies":"Snecko","floor":29,"turns":5},{"damage":22,"enemies":"Centurion and Healer","floor":31,"turns":9},{"damage":85,"enemies":"Collector","floor":33,"turns":7}],"seed_played":"2909798385745603947","potions_obtained":[{"floor":1.0,"key":"Fire Potion"},{"floor":8.0,"key":"LiquidBronze"},{"floor":10.0,"key":"Ancient Potion"},{"floor":19,"key":"Dexterity Potion"},{"floor":29,"key":"AttackPotion"},{"floor":31,"key":"Regen Potion"}],"is_trial":false,"path_per_floor":["M","?","M","M","?","E","R","E","T","M","R","M","R","M","R","B",null,"M","M","M","M","M","R","E","R","T","$","M","M","?","M","R","B"],"character_chosen":"IRONCLAD","items_purchased":["Warcry"],"campfire_rested":3,"item_purchase_floors":[27],"current_hp_per_floor":[75,72,71,76,76,50,50,26,26,41,41,31,31,47,47,21,65,71,65,64,37,44,68,19,43,43,43,40,48,48,44,68,0],"gold":384,"neow_bonus":"UPGRADE_CARD","is_prod":false,"is_daily":false,"chose_seed":false,"campfire_upgraded":4,"win_rate":0,"timestamp":1558239999,"path_taken":["M","?","M","M","?","E","R","E","T","M","R","M","R","M","R","BOSS","M","M","M","M","M","R","E","R","T","$","M","M","?","M","R","BOSS"],"build_version":"2019-01-23","purchased_purges":1,"victory":false,"max_hp_per_floor":[80,80,80,80,80,80,80,80,80,80,80,80,80,80,80,80,80,80,80,80,80,80,80,80,80,80,80,80,80,80,80,80,80],"card_choices":[{"not_picked":["Bloodletting","Thunderclap"],"picked":"Armaments","floor":1.0},{"not_picked":["Armaments","Iron Wave"],"picked":"Whirlwind","floor":3.0},{"not_picked":["Cleave","Sentinel"],"picked":"Pommel Strike","floor":4.0},{"not_picked":["Pummel","Feel No Pain"],"picked":"Shrug It Off","floor":6.0},{"not_picked":["Body Slam","Uppercut","Fire Breathing"],"picked":"SKIP","floor":8.0},{"not_picked":["Hemokinesis","Sword Boomerang","Bloodletting"],"picked":"SKIP","floor":10.0},{"not_picked":["Wild Strike","Pummel"],"picked":"Barricade","floor":12.0},{"not_picked":["Second Wind","Hemokinesis"],"picked":"Spot Weakness","floor":14.0},{"not_picked":["Bludgeon","Double Tap"],"picked":"Juggernaut","floor":16},{"not_picked":["Cleave","Clash"],"picked":"Body Slam","floor":18},{"not_picked":["Anger","Feel No Pain","Corruption"],"picked":"SKIP","floor":19},{"not_picked":["Spot Weakness+1","Flex"],"picked":"True Grit","floor":20},{"not_picked":["Sword Boomerang","Hemokinesis"],"picked":"Iron Wave","floor":21},{"not_picked":["Flex","Clothesline","Clash+1"],"picked":"SKIP","floor":22},{"not_picked":["Rupture+1","Anger"],"picked":"Headbutt","floor":24},{"not_picked":["Hemokinesis+1","Cleave+1","Wild Strike+1"],"picked":"SKIP","floor":28},{"not_picked":["Clothesline+1","Juggernaut"],"picked":"Battle Trance","floor":29},{"not_picked":["Hemokinesis+1","Blood for Blood+1"],"picked":"Pommel Strike+1","floor":31}],"player_experience":752862,"relics_obtained":[{"floor":6.0,"key":"Bottled Lightning"},{"floor":8.0,"key":"Bronze Scales"},{"floor":9.0,"key":"Meat on the Bone"},{"floor":24,"key":"Molten Egg 2"},{"floor":26,"key":"Mercury Hourglass"}],"event_choices":[{"damage_healed":0.0,"max_hp_gain":0.0,"max_hp_loss":0.0,"gold_gain":0.0,"event_name":"Scrap Ooze","player_choice":"Success","floor":2.0,"gold_loss":0.0,"damage_taken":3.0,"relics_obtained":["Kunai"]},{"cards_removed":["Strike_R"],"damage_healed":0.0,"max_hp_gain":0.0,"max_hp_loss":0.0,"gold_gain":0.0,"event_name":"The Cleric","player_choice":"Card Removal","floor":5.0,"gold_loss":50.0,"damage_taken":0.0},{"damage_healed":0,"gold_gain":0,"player_choice":"Ignored","damage_taken":0,"max_hp_gain":0,"max_hp_loss":0,"event_name":"Vampires","floor":30,"gold_loss":0}],"is_beta":false,"boss_relics":[{"not_picked":["Lizard Tail","Black Star"],"picked":"Velvet Choker"}],"items_purged_floors":[27],"is_endless":false,"potions_floor_spawned":[1,8,10,14,16,19,20,22,29,31],"killed_by":"Collector","ascension_level":12}