{"gold_per_floor":[112,122,24,41,55,89,105,116,116,116,148,167,180,210,210,210],"floor_reached":16,"playtime":796,"items_purged":["Strike_R"],"score":158,"play_id":"69fd9f13-8e6a-468d-8b28-19b5b6e84779","local_time":"20190508220619","is_ascension_mode":true,"campfire_choices":[{"floor":10,"key":"REST"},{"floor":15,"key":"REST"}],"neow_cost":"NONE","seed_source_timestamp":2101665597720993,"circlet_count":0,"master_deck":["Strike_R","Strike_R","Strike_R","Strike_R","Defend_R","Defend_R","Defend_R","Defend_R","Bash","Trip","Inflame","Shockwave","Thunderclap","Ghostly Armor","Uppercut","Headbutt","Inflame","Thunderclap","Shockwave"],"relics":["Burning Blood","Ancient Tea Set","Paper Frog","Strawberry","Smiling Mask"],"potions_floor_usage":[6,11,13,14],"damage_taken":[{"damage":6,"enemies":"Cultist","floor":1,"turns":4},{"damage":8,"enemies":"2 Louse","floor":2,"turns":2},{"damage":7,"enemies":"Small Slimes","floor":4,"turns":3},{"damage":6,"enemies":"Blue Slaver","floor":5,"turns":4},{"damage":41,"enemies":"3 Sentries","floor":6,"turns":8},{"damage":11,"enemies":"Red Slaver","floor":7,"turns":4},{"damage":5,"enemies":"Looter","floor":8,"turns":5},{"damage":20,"enemies":"Lagavulin","floor":11,"turns":5},{"damage":15,"enemies":"Exordium Thugs","floor":12,"turns":6},{"damage":16,"enemies":"2 Fungi Beasts","floor":13,"turns":3},{"damage":30,"enemies":"Gremlin Nob","floor":14,"turns":4},{"damage":47,"enemies":"The Guardian","floor":16,"turns":7}],"seed_played":"6778028187832322164","potions_obtained":[{"floor":1,"key":"SpeedPotion"},{"floor":7,"key":"Strength Potion"},{"floor":8,"key":"Weak Potion"},{"floor":12,"key":"BloodPotion"},{"floor":14,"key":"Ancient Potion"}],"is_trial":false,"path_per_floor":["M","M","$","M","M","E","M","M","T","R","E","M","M","E","R","B"],"character_chosen":"IRONCLAD","items_purchased":["Thunderclap"],"campfire_rested":2,"item_purchase_floors":[3],"current_hp_per_floor":[80,78,78,77,77,42,37,38,38,62,55,46,44,20,46,0],"gold":210,"neow_bonus":"RANDOM_COLORLESS","is_prod":false,"is_daily":false,"chose_seed":false,"campfire_upgraded":0,"win_rate":0,"timestamp":1557367579,"path_taken":["M","M","$","M","M","E","M","M","T","R","E","M","M","E","R","BOSS"],"build_version":"2019-01-23","purchased_purges":1,"victory":false,"max_hp_per_floor":[80,80,80,80,80,80,80,80,80,80,87,87,87,87,87,87],"card_choices":[{"not_picked":["Ghostly Armor","Wild Strike"],"picked":"Inflame","floor":1},{"not_picked":["Anger","True Grit"],"picked":"Shockwave","floor":2},{"not_picked":["Power Through","True Grit"],"picked":"Ghostly Armor","floor":4},{"not_picked":["Intimidate","Inflame"],"picked":"Uppercut","floor":5},{"not_picked":["Twin Strike","Clash","Body Slam"],"picked":"SKIP","floor":6},{"not_picked":["Twin Strike","Flame Barrier"],"picked":"Headbutt","floor":7},{"not_picked":["Headbutt","Pummel"],"picked":"Inflame","floor":8},{"not_picked":["Blood for Blood","Berserk","Dual Wield"],"picked":"SKIP","floor":11},{"not_picked":["Sword Boomerang","Intimidate"],"picked":"Thunderclap","floor":12},{"not_picked":["Wild Strike","Perfected Strike"],"picked":"Shockwave","floor":13},{"not_picked":["Twin Strike","True Grit","Dual Wield"],"picked":"SKIP","floor":14}],"player_experience":197829,"relics_obtained":[{"floor":6,"key":"Ancient Tea Set"},{"floor":9,"key":"Paper Frog"},{"floor":11,"key":"Strawberry"},{"floor":14,"key":"Smiling Mask"}],"event_choices":[],"is_beta":false,"boss_relics":[],"items_purged_floors":[3],"is_endless":false,"potions_floor_spawned":[1,7,8,12,14],"killed_by":"The Guardian","ascension_level":5}