{"gold_per_floor":[116,116,66,78,96,124,124,22,96,96,122,141,141,141,141,141],"floor_reached":16,"playtime":1158,"items_purged":[],"score":124,"play_id":"db56286b-4ca8-41ed-a53a-7de43267528c","local_time":"20190113084944","is_ascension_mode":true,"campfire_choices":[{"floor":7.0,"key":"REST"},{"floor":15,"key":"REST"}],"neow_cost":"NONE","seed_source_timestamp":138938797986890,"circlet_count":0,"master_deck":["Defend_G","Defend_G","Strike_G","Strike_G","Strike_G","Strike_G","Survivor","Neutralize","Cloak And Dagger","Deadly Poison","Backflip","Terror","Bouncing Flask","Deflect","Acrobatics","Poisoned Stab"],"special_seed":0,"relics":["Empty Cage","Ancient Tea Set","Calipers","Golden Idol"],"potions_floor_usage":[],"damage_taken":[{"damage":0.0,"enemies":"Jaw Worm","floor":1.0,"turns":4.0},{"damage":4.0,"enemies":"Small Slimes","floor":4.0,"turns":4.0},{"damage":0.0,"enemies":"Cultist","floor":5.0,"turns":4.0},{"damage":44.0,"enemies":"Lagavulin","floor":6.0,"turns":10.0},{"damage":16.0,"enemies":"3 Sentries","floor":11.0,"turns":10.0},{"damage":7.0,"enemies":"2 Fungi Beasts","floor":12.0,"turns":4.0},{"damage":45,"enemies":"Slime Boss","floor":16,"turns":6}],"seed_played":"-8996023219845387551","potions_obtained":[{"floor":4.0,"key":"Explosive Potion"},{"floor":6.0,"key":"Regen Potion"}],"is_trial":false,"path_per_floor":["M","?","?","M","M","E","R","$","T","?","E","M","?","?","R","B"],"character_chosen":"THE_SILENT","items_purchased":["Bouncing Flask","Deflect"],"campfire_rested":2,"item_purchase_floors":[8,8],"current_hp_per_floor":[70,75,75,71,71,27,49,49,49,49,48,41,23,23,45,0],"gold":141,"neow_bonus":"BOSS_RELIC","is_prod":false,"is_daily":false,"chose_seed":false,"campfire_upgraded":0,"win_rate":0,"timestamp":1547362184,"path_taken":["M","?","?","M","M","E","R","$","T","?","E","?","?","?","R","BOSS"],"build_version":"2019-01-10","purchased_purges":0,"victory":false,"max_hp_per_floor":[70,75,75,75,75,75,75,75,75,75,75,75,75,75,75,75],"card_choices":[{"not_picked":["Backflip","Prepared"],"picked":"Cloak And Dagger","floor":1.0},{"not_picked":["Masterful Stab","Deflect"],"picked":"Deadly Poison","floor":4.0},{"not_picked":["Sucker Punch","Eviscerate"],"picked":"Backflip","floor":5.0},{"not_picked":["Underhanded Strike","Backflip"],"picked":"Terror","floor":6.0},{"not_picked":["Blade Dance","Escape Plan"],"picked":"Acrobatics","floor":11.0},{"not_picked":["Eviscerate","Heel Hook"],"picked":"Poisoned Stab","floor":12.0}],"player_experience":199197,"relics_obtained":[{"floor":6.0,"key":"Ancient Tea Set"},{"floor":11.0,"key":"Calipers"}],"event_choices":[{"damage_healed":0.0,"max_hp_gain":5.0,"max_hp_loss":0.0,"gold_gain":0.0,"event_name":"Big Fish","player_choice":"Donut","floor":2.0,"gold_loss":0.0,"damage_taken":0.0},{"cards_removed":["Defend_G"],"damage_healed":0.0,"max_hp_gain":0.0,"max_hp_loss":0.0,"gold_gain":0.0,"event_name":"The Cleric","player_choice":"Card Removal","floor":3.0,"gold_loss":50.0,"damage_taken":0.0},{"cards_removed":["Defend_G"],"damage_healed":0.0,"max_hp_gain":0.0,"max_hp_loss":0.0,"gold_gain":0.0,"event_name":"Bonfire Elementals","player_choice":"Offered Basic","floor":10.0,"gold_loss":0.0,"damage_taken":0.0},{"damage_healed":0.0,"max_hp_gain":0.0,"max_hp_loss":0.0,"gold_gain":0.0,"event_name":"Golden Idol","player_choice":"Take Damage","floor":13.0,"gold_loss":0.0,"damage_taken":18.0,"relics_obtained":["Golden Idol"]},{"damage_healed":0,"gold_gain":0,"player_choice":"Searched \u00270\u0027 times","damage_taken":0,"max_hp_gain":0,"max_hp_loss":0,"event_name":"Dead Adventurer","floor":14,"gold_loss":0}],"is_beta":false,"boss_relics":[],"items_purged_floors":[],"is_endless":false,"potions_floor_spawned":[4,6],"killed_by":"Slime Boss","ascension_level":3}