{"gold_per_floor":[113,113,113,133,151,180,180,200,226,226,226,226,0,17,17,122,122,132,232,250,263,276,307,307,319,319,319,234,251,277,292,292,390,390,407,421,13,13,23,55,71,71,71,87,4,29,29,59,59,59],"floor_reached":51,"playtime":4044,"items_purged":["Defend_R"],"score":1052,"play_id":"84ea433a-7303-4edf-966e-fc677bc4fea9","local_time":"20190517143524","is_ascension_mode":true,"campfire_choices":[{"data":"Shockwave","floor":7.0,"key":"SMITH"},{"data":"Limit Break","floor":10.0,"key":"SMITH"},{"data":"Heavy Blade","floor":12.0,"key":"SMITH"},{"data":"Shrug It Off","floor":15.0,"key":"SMITH"},{"floor":24.0,"key":"REST"},{"data":"Shrug It Off","floor":27.0,"key":"SMITH"},{"floor":32.0,"key":"REST"},{"data":"Inflame","floor":42.0,"key":"SMITH"},{"data":"Limit Break","floor":49.0,"key":"SMITH"}],"neow_cost":"NONE","seed_source_timestamp":0,"circlet_count":0,"master_deck":["Strike_R","Strike_R+1","Defend_R+1","Defend_R+1","Defend_R+1","Limit Break+1","Flex","Shrug It Off+1","Shockwave+1","Heavy Blade+1","Inflame+1","Shrug It Off+1","Limit Break+1","Intimidate+1","Havoc+1","Shockwave+1","Battle Trance+1","Power Through+1","Battle Trance+1","Anger+1","Headbutt","Offering+1","Bandage Up+1","Headbutt","Shrug It Off+1","Warcry+1","Doubt","Warcry+1","Bandage Up+1","Madness+1"],"special_seed":0,"relics":["Burning Blood","Ancient Tea Set","Lantern","Red Skull","Astrolabe","Ginger","Toxic Egg 2","War Paint","Bag of Preparation","Bag of Marbles","Turnip","Cursed Key","Bottled Tornado","Meat on the Bone","Orichalcum","Pen Nib","Sundial"],"potions_floor_usage":[50,50],"damage_taken":[{"damage":8.0,"enemies":"Jaw Worm","floor":1.0,"turns":4.0},{"damage":9.0,"enemies":"2 Louse","floor":4.0,"turns":3.0},{"damage":2.0,"enemies":"Small Slimes","floor":5.0,"turns":3.0},{"damage":21.0,"enemies":"Gremlin Nob","floor":6.0,"turns":4.0},{"damage":2.0,"enemies":"Exordium Thugs","floor":8.0,"turns":4.0},{"damage":6.0,"enemies":"3 Louse","floor":14.0,"turns":3.0},{"damage":15.0,"enemies":"Hexaghost","floor":16.0,"turns":7.0},{"damage":13.0,"enemies":"3 Byrds","floor":18.0,"turns":8.0},{"damage":25.0,"enemies":"Colosseum Slavers","floor":19.0,"turns":7.0},{"damage":5.0,"enemies":"Colosseum Nobs","floor":19.0,"turns":6.0},{"damage":0.0,"enemies":"Chosen","floor":20.0,"turns":3.0},{"damage":23.0,"enemies":"3 Cultists","floor":21.0,"turns":5.0},{"damage":6.0,"enemies":"Cultist and Chosen","floor":22.0,"turns":5.0},{"damage":24.0,"enemies":"Slavers","floor":23.0,"turns":6.0},{"damage":0.0,"enemies":"Snake Plant","floor":25.0,"turns":2.0},{"damage":8.0,"enemies":"3 Cultists","floor":29.0,"turns":3.0},{"damage":14.0,"enemies":"Book of Stabbing","floor":30.0,"turns":4.0},{"damage":0.0,"enemies":"Sentry and Sphere","floor":31.0,"turns":4.0},{"damage":34.0,"enemies":"Collector","floor":33.0,"turns":4.0},{"damage":0.0,"enemies":"Orb Walker","floor":35.0,"turns":3.0},{"damage":8.0,"enemies":"3 Darklings","floor":36.0,"turns":6.0},{"damage":6.0,"enemies":"Transient","floor":39.0,"turns":5.0},{"damage":0.0,"enemies":"Reptomancer","floor":40.0,"turns":3.0},{"damage":15.0,"enemies":"Writhing Mass","floor":41.0,"turns":6.0},{"damage":1.0,"enemies":"3 Darklings","floor":44.0,"turns":5.0},{"damage":11.0,"enemies":"Nemesis","floor":46.0,"turns":6.0},{"damage":3.0,"enemies":"Giant Head","floor":48.0,"turns":5.0},{"damage":19,"enemies":"Awakened One","floor":50,"turns":5}],"seed_played":"7260455306803942411","potions_obtained":[{"floor":5.0,"key":"Energy Potion"},{"floor":6.0,"key":"Energy Potion"},{"floor":14.0,"key":"LiquidBronze"},{"floor":16.0,"key":"Poison Potion"},{"floor":19.0,"key":"SkillPotion"},{"floor":22.0,"key":"EntropicBrew"},{"floor":23.0,"key":"Explosive Potion"},{"floor":25.0,"key":"Strength Potion"},{"floor":36.0,"key":"EssenceOfSteel"},{"floor":40.0,"key":"Energy Potion"},{"floor":44.0,"key":"SteroidPotion"}],"is_trial":false,"path_per_floor":["M","?","?","M","M","E","R","M","T","R","?","R","$","M","R","B",null,"M","?","M","M","M","E","R","M","T","R","?","M","E","M","R","B",null,"M","M","$","?","M","E","M","R","T","M","$","E","?","E","R","B",null],"character_chosen":"IRONCLAD","items_purchased":["Red Skull","BloodPotion","Bottled Tornado","Bandage Up+1","Bandage Up+1"],"campfire_rested":2,"item_purchase_floors":[13,13,37,37,45],"current_hp_per_floor":[70,70,54,51,55,40,40,44,44,44,44,44,44,44,44,35,69,62,44,50,33,33,15,39,45,45,45,45,43,35,41,65,37,69,75,73,73,73,79,80,77,77,77,80,80,80,75,80,80,79],"gold":59,"neow_bonus":"ONE_RANDOM_RARE_CARD","is_prod":false,"is_daily":false,"chose_seed":false,"campfire_upgraded":7,"win_rate":0,"timestamp":1558096524,"path_taken":["M","?","?","M","M","E","R","M","T","R","?","R","$","M","R","BOSS","M","?","M","M","M","E","R","M","T","R","?","M","E","M","R","BOSS","M","M","$","?","M","E","M","R","T","?","$","E","?","E","R","BOSS"],"build_version":"2019-01-23","purchased_purges":1,"victory":true,"max_hp_per_floor":[80,80,80,80,80,80,80,80,80,80,80,80,80,80,80,80,80,80,80,80,80,80,80,80,80,80,80,80,80,80,80,80,80,80,80,80,80,80,80,80,80,80,80,80,80,80,80,80,80,80],"card_choices":[{"not_picked":["Wild Strike","Dropkick"],"picked":"Flex","floor":1.0},{"not_picked":["Flex","Warcry"],"picked":"Shrug It Off","floor":4.0},{"not_picked":["Clothesline","Clash"],"picked":"Shockwave","floor":5.0},{"not_picked":["Uppercut","Feed"],"picked":"Heavy Blade","floor":6.0},{"not_picked":["Metallicize","Clash"],"picked":"Inflame","floor":8.0},{"not_picked":["Sever Soul","Perfected Strike"],"picked":"Shrug It Off","floor":14.0},{"not_picked":["Juggernaut","Dark Embrace"],"picked":"Limit Break","floor":16.0},{"not_picked":["Shrug It Off","Rupture"],"picked":"Battle Trance+1","floor":18.0},{"not_picked":["Clothesline","Burning Pact+1","Sword Boomerang"],"picked":"SKIP","floor":20.0},{"not_picked":["Fire Breathing+1","Body Slam"],"picked":"Power Through+1","floor":21.0},{"not_picked":["Havoc+1","Heavy Blade"],"picked":"Battle Trance+1","floor":22.0},{"not_picked":["Carnage+1","Immolate"],"picked":"Anger+1","floor":23.0},{"not_picked":["Cleave","Perfected Strike"],"picked":"Headbutt","floor":25.0},{"not_picked":["Flex+1","Twin Strike","Dual Wield+1"],"picked":"SKIP","floor":29.0},{"not_picked":["Cleave","Heavy Blade","Bludgeon"],"picked":"SKIP","floor":30.0},{"not_picked":["Searing Blow","Entrench+1","Hemokinesis"],"picked":"SKIP","floor":31.0},{"not_picked":["Exhume+1","Brutality"],"picked":"Offering+1","floor":33.0},{"not_picked":["Infernal Blade+1","Body Slam+1","Havoc+1"],"picked":"SKIP","floor":35.0},{"not_picked":["Heavy Blade","Armaments+1","Iron Wave+1"],"picked":"SKIP","floor":36.0},{"not_picked":["Wild Strike+1","Perfected Strike+1","Twin Strike+1"],"picked":"SKIP","floor":39.0},{"not_picked":["Wild Strike+1","Perfected Strike+1","Twin Strike+1"],"picked":"SKIP","floor":39.0},{"not_picked":["Sword Boomerang+1","Wild Strike+1"],"picked":"Shrug It Off+1","floor":40.0},{"not_picked":["Sentinel+1","Offering+1"],"picked":"Warcry+1","floor":41.0},{"not_picked":["Sever Soul","Headbutt"],"picked":"Warcry+1","floor":44.0},{"not_picked":["Warcry+1","Corruption","Thunderclap"],"picked":"SKIP","floor":46.0},{"not_picked":["Good Instincts+1","Thinking Ahead+1"],"picked":"Madness+1","floor":47.0},{"not_picked":["Anger+1","Berserk","Cleave+1"],"picked":"SKIP","floor":48.0}],"player_experience":302858,"relics_obtained":[{"floor":6.0,"key":"Ancient Tea Set"},{"floor":9.0,"key":"Lantern"},{"floor":19.0,"key":"Ginger"},{"floor":19.0,"key":"Toxic Egg 2"},{"floor":23.0,"key":"War Paint"},{"floor":26.0,"key":"Bag of Preparation"},{"floor":30.0,"key":"Turnip"},{"floor":40.0,"key":"Meat on the Bone"},{"floor":43.0,"key":"Orichalcum"},{"floor":46.0,"key":"Pen Nib"},{"floor":48.0,"key":"Sundial"}],"event_choices":[{"damage_healed":0.0,"max_hp_gain":0.0,"max_hp_loss":0.0,"gold_gain":0.0,"event_name":"Liars Game","player_choice":"Ignored","floor":2.0,"gold_loss":0.0,"damage_taken":0.0},{"damage_healed":0.0,"max_hp_gain":0.0,"max_hp_loss":0.0,"gold_gain":0.0,"event_name":"Shining Light","player_choice":"Entered Light","floor":3.0,"gold_loss":0.0,"damage_taken":16.0,"cards_upgraded":["Strike_R","Defend_R"]},{"damage_healed":0.0,"max_hp_gain":0.0,"max_hp_loss":0.0,"gold_gain":0.0,"event_name":"Dead Adventurer","player_choice":"Searched \u00271\u0027 times","floor":11.0,"gold_loss":0.0,"damage_taken":0.0},{"damage_healed":0.0,"max_hp_gain":0.0,"max_hp_loss":0.0,"gold_gain":0.0,"event_name":"Colosseum","player_choice":"Fight","floor":19.0,"gold_loss":0.0,"damage_taken":0.0},{"damage_healed":0.0,"max_hp_gain":0.0,"max_hp_loss":0.0,"gold_gain":0.0,"event_name":"Colosseum","player_choice":"Fought Nobs","floor":19.0,"gold_loss":0.0,"damage_taken":0.0},{"damage_healed":0.0,"max_hp_gain":0.0,"max_hp_loss":0.0,"gold_gain":0.0,"event_name":"Addict","player_choice":"Obtained Relic","floor":28.0,"gold_loss":85.0,"damage_taken":0.0,"relics_obtained":["Bag of Marbles"]},{"damage_healed":0.0,"max_hp_gain":0.0,"max_hp_loss":0.0,"gold_gain":0.0,"cards_transformed":["Strike_R"],"event_name":"Transmorgrifier","player_choice":"Transformed","floor":38.0,"gold_loss":0.0,"damage_taken":0.0,"cards_obtained":["Headbutt"]},{"damage_healed":0.0,"max_hp_gain":0.0,"max_hp_loss":0.0,"gold_gain":0.0,"event_name":"SensoryStone","player_choice":"Memory 2","floor":47.0,"gold_loss":0.0,"damage_taken":5.0}],"is_beta":false,"boss_relics":[{"not_picked":["Orrery","Sozu"],"picked":"Astrolabe"},{"not_picked":["Pandora\u0027s Box","Mark of Pain"],"picked":"Cursed Key"}],"items_purged_floors":[37],"is_endless":false,"potions_floor_spawned":[5,6,14,16,19,22,23,25,30,36,40,44,46],"ascension_level":7}