{"gold_per_floor":[116,116,127,140,150,150,175,175,175,4,15,40,40,16,16,118,118,132,144,16,35,48,48,58,84,131,131,131,165,165,177,177,276,276,291,302,302,316,334,334,348,348,371,371,15,15,27,41,41,41],"floor_reached":51,"playtime":2689,"items_purged":["Strike_R","Strike_R"],"score":994,"play_id":"74913c34-9828-4651-9c4b-2fa3bff15eab","local_time":"20181202084736","is_ascension_mode":true,"campfire_choices":[{"data":"Rampage","floor":6,"key":"SMITH"},{"data":"Whirlwind","floor":8,"key":"SMITH"},{"data":"Armaments","floor":15,"key":"SMITH"},{"data":"Uppercut","floor":23,"key":"SMITH"},{"floor":27,"key":"REST"},{"data":"Demon Form","floor":32,"key":"SMITH"},{"data":"Barricade","floor":40,"key":"SMITH"},{"floor":42,"key":"REST"},{"data":"True Grit","floor":44,"key":"SMITH"},{"data":"Shrug It Off","floor":46,"key":"SMITH"},{"data":"Flame Barrier","floor":49,"key":"SMITH"}],"neow_cost":"NONE","seed_source_timestamp":218496076687360,"circlet_count":0,"master_deck":["Strike_R","Strike_R","Strike_R","Defend_R","Defend_R","Defend_R","Defend_R","Bash+1","Headbutt","Flame Barrier+1","Rampage+1","Carnage","Whirlwind+1","Clothesline","Shrug It Off","Headbutt","Shrug It Off+1","Armaments+1","Demon Form+1","True Grit+1","Ghostly Armor","Shrug It Off","Uppercut+1","Battle Trance+1","Clothesline","Sword Boomerang+1","Pummel+1","Pommel Strike+1","Barricade+1","Iron Wave+1","Offering","Ghostly Armor"],"relics":["Black Blood","NeowsBlessing","Meat on the Bone","Shuriken","Omamori","Mark of Pain","Self Forming Clay","Blood Vial","Bronze Scales","Oddly Smooth Stone","Centennial Puzzle"],"potions_floor_usage":[7,7,29,33,39,50,50,50,50],"damage_taken":[{"damage":0,"enemies":"Jaw Worm","floor":1,"turns":1},{"damage":0,"enemies":"Cultist","floor":3,"turns":1},{"damage":0,"enemies":"Small Slimes","floor":4,"turns":1},{"damage":33,"enemies":"Exordium Thugs","floor":5,"turns":4},{"damage":23,"enemies":"Lagavulin","floor":7,"turns":6},{"damage":12,"enemies":"Looter","floor":11,"turns":3},{"damage":26,"enemies":"Gremlin Nob","floor":12,"turns":4},{"damage":15,"enemies":"Hexaghost","floor":16,"turns":9},{"damage":7,"enemies":"Chosen","floor":18,"turns":4},{"damage":35,"enemies":"2 Thieves","floor":19,"turns":4},{"damage":16,"enemies":"Chosen and Byrds","floor":21,"turns":4},{"damage":19,"enemies":"3 Cultists","floor":22,"turns":5},{"damage":22,"enemies":"Sentry and Sphere","floor":24,"turns":6},{"damage":33,"enemies":"Book of Stabbing","floor":25,"turns":4},{"damage":57,"enemies":"Gremlin Leader","floor":29,"turns":8},{"damage":9,"enemies":"Snake Plant","floor":31,"turns":3},{"damage":96,"enemies":"Automaton","floor":33,"turns":8},{"damage":9,"enemies":"Orb Walker","floor":35,"turns":4},{"damage":14,"enemies":"3 Shapes","floor":36,"turns":11},{"damage":62,"enemies":"Jaw Worm Horde","floor":38,"turns":4},{"damage":20,"enemies":"4 Shapes","floor":39,"turns":10},{"damage":35,"enemies":"Maw","floor":41,"turns":9},{"damage":13,"enemies":"Transient","floor":47,"turns":5},{"damage":31,"enemies":"Spire Growth","floor":48,"turns":5},{"damage":61,"enemies":"Time Eater","floor":50,"turns":13}],"seed_played":"5328992989601581078","potions_obtained":[{"floor":1,"key":"EssenceOfSteel"},{"floor":3,"key":"AttackPotion"},{"floor":4,"key":"FearPotion"},{"floor":11,"key":"FairyPotion"},{"floor":24,"key":"Swift Potion"},{"floor":25,"key":"BloodPotion"},{"floor":29,"key":"SpeedPotion"},{"floor":31,"key":"Poison Potion"},{"floor":36,"key":"SkillPotion"},{"floor":38,"key":"Dexterity Potion"}],"is_trial":false,"path_per_floor":["M","?","M","M","M","R","E","R","T","$","M","E","?","$","R","B",null,"M","M","$","M","M","R","M","E","T","R","?","E","?","M","R","B",null,"M","M","?","M","M","R","M","R","T","R","$","R","M","M","R","B",null],"character_chosen":"IRONCLAD","items_purchased":["Clothesline","Shrug It Off","Armaments","Shrug It Off","Uppercut","EntropicBrew","Centennial Puzzle"],"campfire_rested":2,"item_purchase_floors":[10,10,14,20,20,45,45],"current_hp_per_floor":[78,78,80,80,53,53,36,36,36,36,42,34,34,34,34,37,69,68,51,51,53,52,52,48,33,33,57,57,28,28,39,39,26,67,70,68,68,30,34,34,23,47,47,47,47,47,58,51,51,29],"gold":41,"neow_bonus":"THREE_ENEMY_KILL","is_prod":false,"is_daily":false,"chose_seed":false,"campfire_upgraded":9,"win_rate":0,"timestamp":1543758456,"path_taken":["M","?","?","M","M","R","E","R","T","$","M","E","?","?","R","BOSS","M","M","$","M","M","R","M","E","T","R","?","E","?","M","R","BOSS","M","M","?","M","M","R","M","R","T","R","$","R","M","M","R","BOSS"],"build_version":"2018-11-15","purchased_purges":2,"victory":true,"max_hp_per_floor":[80,80,80,80,80,80,80,80,80,80,80,80,80,80,80,80,80,80,80,80,80,80,80,80,80,80,80,80,80,80,80,80,80,80,80,80,80,80,80,80,80,80,80,80,80,80,80,80,80,80],"card_choices":[{"not_picked":["Seeing Red","Burning Pact"],"picked":"Headbutt","floor":1},{"not_picked":["Evolve","Thunderclap"],"picked":"Flame Barrier","floor":3},{"not_picked":["Sever Soul","Flame Barrier"],"picked":"Rampage","floor":4},{"not_picked":["Iron Wave","Pummel"],"picked":"Carnage","floor":5},{"not_picked":["Warcry","Metallicize"],"picked":"Whirlwind","floor":7},{"not_picked":["Reaper","Body Slam"],"picked":"Headbutt","floor":11},{"not_picked":["Pommel Strike","Armaments"],"picked":"Shrug It Off","floor":12},{"not_picked":["Bludgeon","Dark Embrace"],"picked":"Demon Form","floor":16},{"not_picked":["Sword Boomerang","Cleave"],"picked":"True Grit","floor":18},{"not_picked":["Perfected Strike","Fire Breathing"],"picked":"Ghostly Armor","floor":19},{"not_picked":["Clothesline","Inflame+1"],"picked":"Battle Trance+1","floor":21},{"not_picked":["Heavy Blade","Spot Weakness"],"picked":"Clothesline","floor":22},{"not_picked":["Bloodletting","Shrug It Off"],"picked":"Sword Boomerang+1","floor":24},{"not_picked":["Seeing Red","Clothesline"],"picked":"Pummel+1","floor":25},{"not_picked":["Entrench+1","Sever Soul+1","Rage+1"],"picked":"SKIP","floor":29},{"not_picked":["Demon Form","Body Slam"],"picked":"Pommel Strike+1","floor":31},{"not_picked":["Brutality","Juggernaut"],"picked":"Barricade","floor":33},{"not_picked":["Clash+1","Sword Boomerang+1","Infernal Blade+1"],"picked":"SKIP","floor":35},{"not_picked":["Clash+1","Cleave+1","Inflame+1"],"picked":"SKIP","floor":36},{"not_picked":["Flex","Cleave","Pommel Strike+1"],"picked":"SKIP","floor":38},{"not_picked":["Pommel Strike+1","Headbutt+1"],"picked":"Iron Wave+1","floor":39},{"not_picked":["Headbutt+1","Clash"],"picked":"Offering","floor":41},{"not_picked":["Perfected Strike+1","Rampage+1","Cleave+1"],"picked":"SKIP","floor":47},{"not_picked":["Second Wind+1","Rupture+1"],"picked":"Ghostly Armor","floor":48}],"player_experience":268987,"relics_obtained":[{"floor":7,"key":"Meat on the Bone"},{"floor":9,"key":"Shuriken"},{"floor":12,"key":"Omamori"},{"floor":25,"key":"Self Forming Clay"},{"floor":26,"key":"Blood Vial"},{"floor":29,"key":"Bronze Scales"},{"floor":43,"key":"Oddly Smooth Stone"}],"event_choices":[{"damage_healed":0,"gold_gain":0,"player_choice":"Forge","damage_taken":0,"max_hp_gain":0,"max_hp_loss":0,"event_name":"Accursed Blacksmith","floor":2,"gold_loss":0,"cards_upgraded":["Bash"]},{"damage_healed":0,"gold_gain":0,"player_choice":"Leave","damage_taken":0,"max_hp_gain":0,"max_hp_loss":0,"event_name":"FaceTrader","floor":13,"gold_loss":0},{"damage_healed":0,"gold_gain":0,"player_choice":"Smashed Altar","damage_taken":0,"max_hp_gain":0,"max_hp_loss":0,"event_name":"Forgotten Altar","floor":28,"gold_loss":0,"cards_obtained":["Decay"]},{"damage_healed":0,"gold_gain":0,"player_choice":"Ignored","damage_taken":0,"max_hp_gain":0,"max_hp_loss":0,"event_name":"The Mausoleum","floor":30,"gold_loss":0},{"damage_healed":0,"gold_gain":0,"player_choice":"Ignored","damage_taken":0,"max_hp_gain":0,"max_hp_loss":0,"event_name":"Mysterious Sphere","floor":37,"gold_loss":0}],"is_beta":false,"boss_relics":[{"not_picked":["Orrery","Coffee Dripper"],"picked":"Mark of Pain"},{"not_picked":["Runic Cube","Black Star"],"picked":"Black Blood"}],"items_purged_floors":[10,45],"is_endless":false,"potions_floor_spawned":[1,3,4,5,11,24,25,29,31,36,38,48],"ascension_level":9}