{"gold_per_floor":[117,129,129,49,49,75,85,10,63,63,63,81,113,132,132,236,236,247,42,57,57,74,107,107,138,138,237,237,272,197,6,6,110,110,123,123,223,3,23,57,57,75,75,75,93,111,111,111,111,111],"floor_reached":51,"playtime":8993,"items_purged":["Strike_G","Strike_G"],"score":791,"play_id":"fa6a181b-82c0-496a-99d2-82f3866d7d2b","local_time":"20190105144103","is_ascension_mode":false,"campfire_choices":[{"floor":10,"key":"REST"},{"data":"Backflip","floor":15,"key":"SMITH"},{"floor":28,"key":"REST"},{"floor":32,"key":"REST"},{"data":"Crippling Poison","floor":41,"key":"SMITH"},{"floor":44,"key":"REST"},{"data":"Predator","floor":49,"key":"SMITH"}],"neow_cost":"NONE","seed_source_timestamp":240660774204756,"circlet_count":0,"master_deck":["Defend_G+1","Defend_G","Defend_G","Defend_G","Defend_G","Survivor","Neutralize","Poisoned Stab","PiercingWail+1","Bouncing Flask+1","PiercingWail","A Thousand Cuts","Flechettes","Backflip+1","Bane","Bane","Dash+1","Bite","Bite","Bite","Bite","Bite","Catalyst+1","Crippling Poison+1","Terror","Eviscerate","Corpse Explosion","Sucker Punch+1","Noxious Fumes","Writhe","Dash","Riddle With Holes+1","Predator+1","Phantasmal Killer"],"relics":["Snecko Eye","Boot","Bag of Marbles","Black Star","Regal Pillow","Mummified Hand","Dodecahedron","Pocketwatch","Prayer Wheel","War Paint","Thread and Needle","Vajra","Sozu","WingedGreaves","Pen Nib","Ornamental Fan","Question Card","Meat on the Bone"],"potions_floor_usage":[25,25,29,29,33],"damage_taken":[{"damage":0,"enemies":"Cultist","floor":1,"turns":4},{"damage":3,"enemies":"Jaw Worm","floor":2,"turns":4},{"damage":12,"enemies":"Lagavulin","floor":6,"turns":5},{"damage":0,"enemies":"Small Slimes","floor":7,"turns":5},{"damage":3,"enemies":"Blue Slaver","floor":12,"turns":4},{"damage":24,"enemies":"3 Sentries","floor":13,"turns":10},{"damage":0,"enemies":"Large Slime","floor":14,"turns":4},{"damage":21,"enemies":"Hexaghost","floor":16,"turns":11},{"damage":11,"enemies":"Spheric Guardian","floor":18,"turns":5},{"damage":0,"enemies":"Chosen","floor":20,"turns":4},{"damage":3,"enemies":"3 Cultists","floor":22,"turns":6},{"damage":71,"enemies":"Gremlin Leader","floor":23,"turns":9},{"damage":14,"enemies":"Book of Stabbing","floor":25,"turns":5},{"damage":24,"enemies":"Slavers","floor":29,"turns":4},{"damage":0,"enemies":"Champ","floor":33,"turns":7},{"damage":0,"enemies":"3 Shapes","floor":35,"turns":2},{"damage":0,"enemies":"Mind Bloom Boss Battle","floor":37,"turns":4},{"damage":5,"enemies":"Orb Walker","floor":39,"turns":3},{"damage":20,"enemies":"Nemesis","floor":40,"turns":5},{"damage":15,"enemies":"Spire Growth","floor":42,"turns":5},{"damage":0,"enemies":"Jaw Worm Horde","floor":45,"turns":3},{"damage":0,"enemies":"3 Darklings","floor":46,"turns":3},{"damage":74,"enemies":"Awakened One","floor":50,"turns":13}],"seed_played":"6530796058595666012","potions_obtained":[{"floor":14,"key":"Strength Potion"},{"floor":16,"key":"Strength Potion"},{"floor":20,"key":"Energy Potion"},{"floor":23,"key":"Weak Potion"},{"floor":25,"key":"SkillPotion"},{"floor":29,"key":"Block Potion"}],"is_trial":false,"path_per_floor":["M","M","?","$","?","E","M","$","T","R","$","M","E","M","R","B",null,"M","$","M","?","M","E","?","E","T","?","R","E","?","$","R","B",null,"M","?","?","$","M","E","R","M","T","R","M","M","?","?","R","B",null],"character_chosen":"THE_SILENT","items_purchased":["Bouncing Flask","Bane","Prepared","Vajra","Eviscerate","Dash","Pen Nib"],"campfire_rested":4,"item_purchase_floors":[4,19,19,31,31,38,38],"current_hp_per_floor":[70,67,53,53,53,41,41,41,41,62,62,61,39,41,41,22,70,59,59,61,61,68,19,19,9,9,9,45,25,25,25,61,70,70,70,70,70,70,67,51,51,44,44,70,70,70,70,70,70,28],"gold":111,"neow_bonus":"BOSS_RELIC","is_prod":false,"is_daily":false,"chose_seed":false,"campfire_upgraded":3,"win_rate":0.0,"timestamp":1546692063,"path_taken":["M","M","?","$","?","E","M","?","T","R","$","M","E","M","R","BOSS","M","$","M","?","M","E","?","E","T","?","R","E","?","$","R","BOSS","M","?","?","$","M","E","R","M","T","R","M","M","?","?","R","BOSS"],"build_version":"2019-01-03v4","purchased_purges":2,"victory":true,"max_hp_per_floor":[70,70,70,70,70,70,70,70,70,70,70,70,70,70,70,70,70,70,70,70,70,70,70,70,70,70,70,70,70,70,70,70,70,70,70,70,70,70,70,70,70,70,70,70,70,70,70,70,70,70],"card_choices":[{"not_picked":["PiercingWail","Deflect"],"picked":"Poisoned Stab","floor":1},{"not_picked":["Deadly Poison","Acrobatics"],"picked":"PiercingWail","floor":2},{"not_picked":["Reflex","Outmaneuver"],"picked":"PiercingWail","floor":6},{"not_picked":["Calculated Gamble","Deflect"],"picked":"A Thousand Cuts","floor":7},{"not_picked":["PiercingWail","Blur","Poisoned Stab"],"picked":"SKIP","floor":12},{"not_picked":["Outmaneuver","PiercingWail"],"picked":"Flechettes","floor":13},{"not_picked":["Blur","Flying Knee"],"picked":"Backflip","floor":14},{"not_picked":["A Thousand Cuts","Doppelganger"],"picked":"Envenom","floor":16},{"not_picked":["Skewer","Slice"],"picked":"Bane","floor":18},{"not_picked":["Quick Slash","Leg Sweep"],"picked":"Dash+1","floor":20},{"not_picked":["Acrobatics+1","Bane"],"picked":"Catalyst+1","floor":22},{"not_picked":["Dagger Throw","Flechettes+1"],"picked":"Crippling Poison","floor":23},{"not_picked":["Burst","A Thousand Cuts"],"picked":"Terror","floor":25},{"not_picked":["Backflip","Slice","Acrobatics"],"picked":"SKIP","floor":29},{"not_picked":["Venomology","Die Die Die"],"picked":"Corpse Explosion","floor":33},{"not_picked":["Underhanded Strike+1","Quick Slash"],"picked":"Sucker Punch+1","floor":35},{"not_picked":["Slice+1","Prepared"],"picked":"Noxious Fumes","floor":35},{"not_picked":["Slice+1","All Out Attack"],"picked":"Riddle With Holes+1","floor":39},{"not_picked":["Masterful Stab","Dagger Throw","Dagger Spray+1"],"picked":"SKIP","floor":39},{"not_picked":["Masterful Stab","Dagger Throw","Dagger Spray+1"],"picked":"SKIP","floor":39},{"not_picked":["Tactician+1","Deflect+1","Adrenaline"],"picked":"SKIP","floor":40},{"not_picked":["Quick Slash","Sucker Punch+1","Escape Plan+1"],"picked":"Predator","floor":42},{"not_picked":["Prepared","Backstab+1","Dodge and Roll"],"picked":"Phantasmal Killer","floor":42},{"not_picked":["Blade Dance","Dash","Underhanded Strike+1","Burst"],"picked":"SKIP","floor":45},{"not_picked":["Predator","Outmaneuver","Underhanded Strike","Infinite Blades"],"picked":"SKIP","floor":45},{"not_picked":["Caltrops","Acrobatics","Flying Knee","Tactician+1"],"picked":"SKIP","floor":46},{"not_picked":["Flying Knee","Underhanded Strike","Dagger Throw","A Thousand Cuts"],"picked":"SKIP","floor":46}],"player_experience":64390,"relics_obtained":[{"floor":6,"key":"Boot"},{"floor":9,"key":"Blood Vial"},{"floor":13,"key":"Bag of Marbles"},{"floor":23,"key":"Regal Pillow"},{"floor":23,"key":"Mummified Hand"},{"floor":25,"key":"Dodecahedron"},{"floor":25,"key":"Pocketwatch"},{"floor":26,"key":"Prayer Wheel"},{"floor":29,"key":"War Paint"},{"floor":29,"key":"Thread and Needle"},{"floor":37,"key":"WingedGreaves"},{"floor":40,"key":"Ornamental Fan"},{"floor":40,"key":"Question Card"},{"floor":43,"key":"Meat on the Bone"}],"event_choices":[{"damage_healed":0,"gold_gain":0,"player_choice":"Entered Light","damage_taken":14,"max_hp_gain":0,"max_hp_loss":0,"event_name":"Shining Light","floor":3,"gold_loss":0,"cards_upgraded":["Defend_G","Strike_G"]},{"damage_healed":0,"gold_gain":0,"player_choice":"Ignored","damage_taken":0,"max_hp_gain":0,"max_hp_loss":0,"event_name":"Liars Game","floor":5,"gold_loss":0},{"damage_healed":0,"gold_gain":0,"player_choice":"Became a vampire (Vial)","damage_taken":0,"max_hp_gain":0,"max_hp_loss":0,"event_name":"Vampires","floor":21,"relics_lost":["Blood Vial"],"gold_loss":0,"cards_obtained":["Bite","Bite","Bite","Bite","Bite"]},{"damage_healed":0,"gold_gain":0,"player_choice":"Ignored","damage_taken":0,"max_hp_gain":0,"max_hp_loss":0,"event_name":"Ghosts","floor":24,"gold_loss":0},{"damage_healed":0,"gold_gain":99,"player_choice":"Stole From Cult","damage_taken":0,"max_hp_gain":0,"max_hp_loss":0,"event_name":"Nest","floor":27,"gold_loss":0},{"cards_removed":["Prepared"],"damage_healed":0,"gold_gain":0,"player_choice":"Gave Gold","damage_taken":0,"max_hp_gain":0,"max_hp_loss":0,"event_name":"Beggar","floor":30,"gold_loss":75},{"damage_healed":18,"gold_gain":0,"player_choice":"Writhe","damage_taken":0,"max_hp_gain":0,"max_hp_loss":0,"event_name":"Winding Halls","floor":36,"gold_loss":0,"cards_obtained":["Writhe"]},{"damage_healed":0,"gold_gain":0,"player_choice":"Fight","damage_taken":0,"max_hp_gain":0,"max_hp_loss":0,"event_name":"MindBloom","floor":37,"gold_loss":0},{"cards_removed":["Envenom"],"damage_healed":0,"gold_gain":0,"player_choice":"Removed Power","damage_taken":0,"max_hp_gain":0,"max_hp_loss":0,"event_name":"Falling","floor":47,"gold_loss":0},{"damage_healed":0,"gold_gain":0,"player_choice":"Memory 1","damage_taken":0,"max_hp_gain":0,"max_hp_loss":0,"event_name":"SensoryStone","floor":48,"gold_loss":0}],"is_beta":false,"boss_relics":[{"not_picked":["Lizard Tail","Coffee Dripper"],"picked":"Black Star"},{"not_picked":["Eternal Feather","Astrolabe"],"picked":"Sozu"}],"items_purged_floors":[8,19],"is_endless":false,"potions_floor_spawned":[14,16,20,23,25,29,40,42,45,46],"ascension_level":0}