{"gold_per_floor":[111,61,61,61,76,76,1,1,1,34,49,64,39,39,39,134,134,134],"floor_reached":18,"playtime":839,"items_purged":["Strike_R"],"score":311,"play_id":"6d45c53a-a87e-451d-abf4-be659282edc8","local_time":"20190131141436","is_ascension_mode":true,"campfire_choices":[{"data":"Bash","floor":6.0,"key":"SMITH"},{"data":"Dropkick","floor":8.0,"key":"SMITH"},{"data":"Seeing Red","floor":15,"key":"SMITH"}],"neow_cost":"NONE","seed_source_timestamp":1713965699704931,"circlet_count":0,"master_deck":["AscendersBane","Strike_R","Strike_R","Defend_R","Defend_R","Defend_R","Defend_R","Bash+1","Heavy Blade","Dropkick+1","Seeing Red+1","Pommel Strike","Battle Trance","Armaments","Barricade","Regret","Pain","Decay"],"special_seed":0,"relics":["Burning Blood","NeowsBlessing","Golden Idol","Ginger","Dream Catcher","Calling Bell","PreservedInsect","Meat on the Bone","Mango"],"potions_floor_usage":[16],"damage_taken":[{"damage":0.0,"enemies":"Jaw Worm","floor":1.0,"turns":1.0},{"damage":0.0,"enemies":"2 Louse","floor":5.0,"turns":1.0},{"damage":0.0,"enemies":"Lagavulin","floor":10.0,"turns":1.0},{"damage":0.0,"enemies":"Cultist","floor":11.0,"turns":2.0},{"damage":13,"enemies":"Exordium Wildlife","floor":12,"turns":4},{"damage":29,"enemies":"Hexaghost","floor":16,"turns":9},{"damage":86,"enemies":"Shell Parasite","floor":18,"turns":8}],"seed_played":"8251093104472143024","potions_obtained":[{"floor":1.0,"key":"SteroidPotion"},{"floor":10.0,"key":"Strength Potion"}],"is_trial":false,"path_per_floor":["M","?","?","?","M","R","$","R","T","E","M","M","$","?","R","B",null,"M"],"character_chosen":"IRONCLAD","items_purchased":["Armaments"],"campfire_rested":0,"item_purchase_floors":[13],"current_hp_per_floor":[74,74,56,56,62,62,62,62,62,68,74,67,67,67,67,44,81,0],"gold":134,"neow_bonus":"THREE_ENEMY_KILL","is_prod":false,"is_daily":false,"chose_seed":false,"campfire_upgraded":3,"win_rate":0,"timestamp":1548936876,"path_taken":["M","?","?","?","?","R","?","R","T","E","M","M","$","?","R","BOSS","M"],"build_version":"2019-01-23","purchased_purges":1,"victory":false,"max_hp_per_floor":[75,75,75,75,75,75,75,75,75,75,75,75,75,75,75,75,89,89],"card_choices":[{"not_picked":["Hemokinesis","Sever Soul"],"picked":"Heavy Blade","floor":1.0},{"not_picked":["Combust","Havoc"],"picked":"Dropkick","floor":5.0},{"not_picked":["Fiend Fire","Clothesline"],"picked":"Seeing Red","floor":10.0},{"not_picked":["Infernal Blade","Body Slam"],"picked":"Pommel Strike","floor":11.0},{"not_picked":["Cleave","Flex"],"picked":"Battle Trance","floor":12},{"not_picked":["Fiend Fire","Exhume"],"picked":"Barricade","floor":16}],"player_experience":479293,"relics_obtained":[{"floor":9.0,"key":"Ginger"},{"floor":10.0,"key":"Dream Catcher"},{"floor":17,"key":"PreservedInsect"},{"floor":17,"key":"Meat on the Bone"},{"floor":17,"key":"Mango"}],"event_choices":[{"cards_removed":["Strike_R"],"damage_healed":0.0,"max_hp_gain":0.0,"max_hp_loss":0.0,"gold_gain":0.0,"event_name":"The Cleric","player_choice":"Card Removal","floor":2.0,"gold_loss":50.0,"damage_taken":0.0},{"damage_healed":0.0,"max_hp_gain":0.0,"max_hp_loss":0.0,"gold_gain":0.0,"event_name":"Golden Idol","player_choice":"Take Damage","floor":3.0,"gold_loss":0.0,"damage_taken":18.0,"relics_obtained":["Golden Idol"]},{"damage_healed":0.0,"max_hp_gain":0.0,"max_hp_loss":0.0,"gold_gain":0.0,"event_name":"Scrap Ooze","player_choice":"Fled","floor":4.0,"gold_loss":0.0,"damage_taken":0.0},{"cards_removed":["Strike_R"],"damage_healed":0,"gold_gain":0,"player_choice":"Purged","damage_taken":0,"max_hp_gain":0,"max_hp_loss":0,"event_name":"Purifier","floor":14,"gold_loss":0}],"is_beta":false,"boss_relics":[{"not_picked":["Orrery","Eternal Feather"],"picked":"Calling Bell"}],"items_purged_floors":[7],"is_endless":false,"potions_floor_spawned":[1,10,12],"killed_by":"Shell Parasite","ascension_level":14}