{"gold_per_floor":[112,112,125,125,125,125,157,157,157,175,175,204,222,238,238,338,338,357,372,372,388,406,433,433,463,463,463,483,511,522,536,536,632,632,649,667,219,273,36,36,63,73,125,125,150,150,161,28,28,28],"floor_reached":51,"playtime":3765,"items_purged":["Bash"],"score":890,"play_id":"63fde541-a6a1-43ef-ae17-9b25ba9fb4ad","local_time":"20190516181527","is_ascension_mode":true,"campfire_choices":[{"data":"Trip","floor":6,"key":"SMITH"},{"data":"Shrug It Off","floor":8,"key":"SMITH"},{"data":"Metallicize","floor":11,"key":"SMITH"},{"data":"Disarm","floor":15,"key":"SMITH"},{"data":"Double Tap","floor":24,"key":"SMITH"},{"floor":32,"key":"REST"},{"data":"Double Tap","floor":40,"key":"SMITH"},{"data":"Whirlwind","floor":44,"key":"SMITH"},{"data":"Flame Barrier","floor":46,"key":"SMITH"},{"floor":49,"key":"REST"}],"neow_cost":"NONE","seed_source_timestamp":38556921252076,"circlet_count":0,"master_deck":["Strike_R","Strike_R","Strike_R","Strike_R","Strike_R","Defend_R","Defend_R","Defend_R","Defend_R","Trip+1","Armaments+1","Shrug It Off+1","Metallicize+1","Whirlwind+1","Flame Barrier+1","Disarm+1","Double Tap+1","True Grit+1","Headbutt+1","Inflame+1","Body Slam+1","Shrug It Off+1","Barricade","Flex+1","Heavy Blade","Shrug It Off+1","Double Tap+1","Impervious","Inflame","Inflame","Trip"],"relics":["Burning Blood","Mummified Hand","PreservedInsect","Meat on the Bone","Pear","Philosopher\u0027s Stone","Enchiridion","The Courier","Lantern","Pantograph","Singing Bowl","Mark of Pain","Bottled Lightning","Medical Kit","Bird Faced Urn","Bag of Preparation","Orichalcum","Ornamental Fan"],"potions_floor_usage":[5,13,21,25,29,38,41,41,45,50,50],"damage_taken":[{"damage":6,"enemies":"Cultist","floor":1,"turns":3},{"damage":0,"enemies":"Small Slimes","floor":3,"turns":3},{"damage":21,"enemies":"Gremlin Nob","floor":7,"turns":4},{"damage":0,"enemies":"2 Louse","floor":10,"turns":2},{"damage":16,"enemies":"Lagavulin","floor":12,"turns":7},{"damage":0,"enemies":"Gremlin Gang","floor":13,"turns":3},{"damage":0,"enemies":"Exordium Wildlife","floor":14,"turns":4},{"damage":36,"enemies":"The Guardian","floor":16,"turns":15},{"damage":0,"enemies":"Chosen","floor":18,"turns":4},{"damage":27,"enemies":"Spheric Guardian","floor":19,"turns":6},{"damage":0,"enemies":"Centurion and Healer","floor":21,"turns":4},{"damage":17,"enemies":"Snake Plant","floor":22,"turns":5},{"damage":18,"enemies":"Book of Stabbing","floor":23,"turns":5},{"damage":30,"enemies":"Gremlin Leader","floor":25,"turns":6},{"damage":20,"enemies":"Snecko","floor":28,"turns":5},{"damage":27,"enemies":"Slavers","floor":29,"turns":3},{"damage":24,"enemies":"Shelled Parasite and Fungi","floor":30,"turns":4},{"damage":8,"enemies":"Centurion and Healer","floor":31,"turns":4},{"damage":9,"enemies":"Champ","floor":33,"turns":7},{"damage":53,"enemies":"3 Darklings","floor":35,"turns":4},{"damage":1,"enemies":"3 Shapes","floor":36,"turns":2},{"damage":37,"enemies":"2 Orb Walkers","floor":38,"turns":7},{"damage":16,"enemies":"Giant Head","floor":41,"turns":6},{"damage":10,"enemies":"3 Darklings","floor":42,"turns":3},{"damage":46,"enemies":"Reptomancer","floor":45,"turns":5},{"damage":0,"enemies":"Writhing Mass","floor":47,"turns":4},{"damage":61,"enemies":"Donu and Deca","floor":50,"turns":8}],"seed_played":"-8537401536629581881","potions_obtained":[{"floor":1,"key":"FearPotion"},{"floor":5,"key":"Fruit Juice"},{"floor":5,"key":"Explosive Potion"},{"floor":5,"key":"Energy Potion"},{"floor":10,"key":"Energy Potion"},{"floor":13,"key":"Swift Potion"},{"floor":18,"key":"FearPotion"},{"floor":22,"key":"AttackPotion"},{"floor":23,"key":"PowerPotion"},{"floor":28,"key":"Energy Potion"},{"floor":30,"key":"Explosive Potion"},{"floor":31,"key":"Block Potion"},{"floor":41,"key":"LiquidBronze"},{"floor":42,"key":"Ancient Potion"}],"is_trial":false,"path_per_floor":["M","?","M","?","?","R","E","R","T","M","R","E","M","M","R","B",null,"M","M","?","M","M","E","R","E","T","?","M","E","M","M","R","B",null,"M","M","$","?","$","R","E","M","T","R","E","R","M","$","R","B",null],"character_chosen":"IRONCLAD","items_purchased":["Bottled Lightning","Medical Kit","Heavy Blade","Regen Potion","Double Tap","Impervious","Inflame","Trip"],"campfire_rested":2,"item_purchase_floors":[37,37,37,39,39,39,48,48],"current_hp_per_floor":[80,80,80,68,73,73,58,58,58,64,64,64,70,76,76,58,95,95,74,58,64,65,65,65,53,53,53,51,44,40,50,79,96,99,64,71,71,52,52,52,63,67,67,67,51,51,69,69,101,65],"gold":28,"neow_bonus":"RANDOM_COLORLESS","is_prod":false,"is_daily":false,"chose_seed":false,"campfire_upgraded":8,"win_rate":0,"timestamp":1558023327,"path_taken":["M","?","M","?","?","R","E","R","T","M","R","E","M","M","R","BOSS","M","?","?","M","M","E","R","E","T","?","M","E","M","?","R","BOSS","M","M","$","?","?","R","E","M","T","R","E","R","M","$","R","BOSS"],"build_version":"2019-01-23","purchased_purges":1,"victory":true,"max_hp_per_floor":[80,80,80,80,85,85,85,85,85,85,85,95,95,95,95,95,95,95,95,95,95,95,95,95,95,95,95,95,97,99,99,99,99,99,99,101,101,101,101,101,101,103,103,103,105,105,107,107,107,107],"card_choices":[{"not_picked":["Pommel Strike","Iron Wave"],"picked":"Armaments","floor":1},{"not_picked":["Sword Boomerang","Wild Strike"],"picked":"Shrug It Off","floor":3},{"not_picked":["Rupture","Twin Strike","Armaments"],"picked":"SKIP","floor":7},{"not_picked":["Hemokinesis","Dropkick"],"picked":"Metallicize","floor":10},{"not_picked":["Metallicize","Infernal Blade"],"picked":"Whirlwind","floor":12},{"not_picked":["Havoc","Blood for Blood"],"picked":"Flame Barrier","floor":13},{"not_picked":["Carnage","Flex"],"picked":"Disarm","floor":14},{"not_picked":["Dark Embrace","Limit Break"],"picked":"Double Tap","floor":16},{"not_picked":["Heavy Blade","Warcry+1","Sword Boomerang+1"],"picked":"SKIP","floor":18},{"not_picked":["Cleave","Anger","Combust"],"picked":"SKIP","floor":19},{"not_picked":["Havoc","Hemokinesis"],"picked":"True Grit","floor":21},{"not_picked":["Dropkick","Armaments"],"picked":"Headbutt+1","floor":22},{"not_picked":["Burning Pact+1","True Grit"],"picked":"Inflame+1","floor":23},{"not_picked":["Wild Strike","Perfected Strike+1","Rampage"],"picked":"SKIP","floor":25},{"not_picked":["Headbutt","Second Wind+1"],"picked":"Body Slam+1","floor":28},{"not_picked":["Perfected Strike","Thunderclap","Wild Strike"],"picked":"Singing Bowl","floor":29},{"not_picked":["Dark Embrace","Perfected Strike","Wild Strike"],"picked":"Singing Bowl","floor":30},{"not_picked":["Sword Boomerang","Cleave+1"],"picked":"Shrug It Off+1","floor":31},{"not_picked":["Immolate","Feed"],"picked":"Barricade","floor":33},{"not_picked":["Second Wind+1","Pummel+1"],"picked":"Flex+1","floor":35},{"not_picked":["Pommel Strike","Anger+1","Reckless Charge+1"],"picked":"Singing Bowl","floor":36},{"not_picked":["Thunderclap","Iron Wave"],"picked":"Shrug It Off+1","floor":38},{"not_picked":["Sentinel+1","Second Wind"],"picked":"Inflame","floor":41},{"not_picked":["Wild Strike","Cleave+1","True Grit+1"],"picked":"Singing Bowl","floor":42},{"not_picked":["Berserk","Iron Wave","Armaments+1"],"picked":"Singing Bowl","floor":45},{"not_picked":["Rupture","Perfected Strike","Twin Strike"],"picked":"Singing Bowl","floor":47}],"player_experience":265954,"relics_obtained":[{"floor":7,"key":"PreservedInsect"},{"floor":9,"key":"Meat on the Bone"},{"floor":12,"key":"Pear"},{"floor":20,"key":"Enchiridion"},{"floor":23,"key":"The Courier"},{"floor":25,"key":"Lantern"},{"floor":26,"key":"Pantograph"},{"floor":29,"key":"Singing Bowl"},{"floor":38,"key":"Bird Faced Urn"},{"floor":41,"key":"Bag of Preparation"},{"floor":43,"key":"Orichalcum"},{"floor":45,"key":"Ornamental Fan"}],"event_choices":[{"damage_healed":0,"gold_gain":0,"player_choice":"Grow","damage_taken":0,"max_hp_gain":0,"max_hp_loss":0,"event_name":"Living Wall","floor":2,"gold_loss":0,"cards_upgraded":["Armaments"]},{"damage_healed":0,"gold_gain":0,"player_choice":"Success","damage_taken":12,"relics_obtained":["Mummified Hand"],"max_hp_gain":0,"max_hp_loss":0,"event_name":"Scrap Ooze","floor":4,"gold_loss":0},{"damage_healed":0,"gold_gain":0,"player_choice":"Got Potions","damage_taken":0,"max_hp_gain":0,"max_hp_loss":0,"event_name":"Lab","floor":5,"gold_loss":0},{"damage_healed":0,"gold_gain":0,"player_choice":"Obtained Book","damage_taken":16,"max_hp_gain":0,"max_hp_loss":0,"event_name":"Cursed Tome","floor":20,"gold_loss":0},{"damage_healed":0,"gold_gain":0,"player_choice":"Upgraded","damage_taken":0,"max_hp_gain":0,"max_hp_loss":0,"event_name":"Upgrade Shrine","floor":27,"gold_loss":0,"cards_upgraded":["True Grit"]},{"damage_healed":0,"gold_gain":0,"player_choice":"Fight","damage_taken":0,"max_hp_gain":0,"max_hp_loss":0,"event_name":"Mysterious Sphere","floor":38,"gold_loss":0}],"is_beta":false,"boss_relics":[{"not_picked":["Sozu","Orrery"],"picked":"Philosopher\u0027s Stone"},{"not_picked":["Tiny House","Lizard Tail"],"picked":"Mark of Pain"}],"items_purged_floors":[37],"is_endless":false,"potions_floor_spawned":[1,10,13,18,22,23,28,30,31,36,41,42],"ascension_level":3}