{"gold_per_floor":[118,89,99,24,199,226,56,69,69,83,83,93,93,93,93,93],"floor_reached":16,"playtime":861,"items_purged":["Strike_R","Doubt"],"score":194,"play_id":"5cd07ee0-494d-4666-9669-c61773fb167e","local_time":"20190123202735","is_ascension_mode":true,"campfire_choices":[{"data":"True Grit","floor":13,"key":"SMITH"},{"data":"Bash","floor":15,"key":"SMITH"}],"neow_cost":"NONE","seed_source_timestamp":1045118199446991,"circlet_count":0,"master_deck":["AscendersBane","Strike_R","Strike_R","Strike_R","Strike_R","Defend_R","Defend_R","Defend_R","Defend_R","Bash","Flex","Dropkick","Dropkick","True Grit+1","Bash+1"],"special_seed":0,"relics":["Burning Blood","NeowsBlessing","Bottled Lightning","Shuriken"],"potions_floor_usage":[16,16],"damage_taken":[{"damage":0.0,"enemies":"Small Slimes","floor":1.0,"turns":1.0},{"damage":0.0,"enemies":"Jaw Worm","floor":3.0,"turns":1.0},{"damage":0.0,"enemies":"Gremlin Nob","floor":6.0,"turns":1.0},{"damage":6.0,"enemies":"Cultist","floor":8.0,"turns":4.0},{"damage":5.0,"enemies":"2 Fungi Beasts","floor":10.0,"turns":4.0},{"damage":4,"enemies":"Large Slime","floor":12,"turns":5},{"damage":83,"enemies":"Hexaghost","floor":16,"turns":11}],"seed_played":"-1948947739224222224","potions_obtained":[{"floor":6.0,"key":"SkillPotion"},{"floor":10.0,"key":"Ancient Potion"},{"floor":12,"key":"SpeedPotion"}],"is_trial":false,"path_per_floor":["?","?","M","M","?","?"],"character_chosen":"IRONCLAD","items_purchased":["Dropkick"],"campfire_rested":0,"item_purchase_floors":[7],"current_hp_per_floor":[78,78,80,80,80,80,80,80,80,80,80,80,80,80,80,0],"gold":93,"neow_bonus":"THREE_ENEMY_KILL","is_prod":false,"is_daily":false,"chose_seed":false,"campfire_upgraded":2,"win_rate":0,"timestamp":1548268055,"path_taken":["M","?","M","$","?","E","$","?","T","?","?","M","R","?","R","BOSS"],"build_version":"2019-01-23","purchased_purges":2,"victory":false,"max_hp_per_floor":[80,80,80,80,80,80,80,80,80,80,80,80,80,80,80,80],"card_choices":[{"not_picked":["Clash","Twin Strike"],"picked":"Flex","floor":1.0},{"not_picked":["Infernal Blade","Rampage"],"picked":"Dropkick","floor":3.0},{"not_picked":["Flame Barrier","Anger","True Grit"],"picked":"SKIP","floor":6.0},{"not_picked":["Sword Boomerang","Brutality","Flame Barrier"],"picked":"SKIP","floor":8.0},{"not_picked":["Sword Boomerang","Armaments","Twin Strike"],"picked":"SKIP","floor":10.0},{"not_picked":["Entrench","Cleave"],"picked":"True Grit","floor":12}],"player_experience":367696,"relics_obtained":[{"floor":6.0,"key":"Bottled Lightning"},{"floor":9.0,"key":"Shuriken"}],"event_choices":[{"damage_healed":0.0,"max_hp_gain":0.0,"max_hp_loss":0.0,"gold_gain":0.0,"event_name":"World of Goop","player_choice":"Left Gold","floor":2.0,"gold_loss":29.0,"damage_taken":0.0},{"damage_healed":0.0,"max_hp_gain":0.0,"max_hp_loss":0.0,"gold_gain":175.0,"event_name":"Liars Game","player_choice":"AGREE","floor":5.0,"gold_loss":0.0,"damage_taken":0.0,"cards_obtained":["Doubt"]},{"damage_healed":0,"gold_gain":0,"player_choice":"Searched \u00270\u0027 times","damage_taken":0,"max_hp_gain":0,"max_hp_loss":0,"event_name":"Dead Adventurer","floor":11,"gold_loss":0},{"damage_healed":0,"gold_gain":0,"player_choice":"1 cards matched","damage_taken":0,"max_hp_gain":0,"max_hp_loss":0,"event_name":"Match and Keep!","floor":14,"gold_loss":0,"cards_obtained":["Bash"]}],"is_beta":false,"boss_relics":[],"items_purged_floors":[4,7],"is_endless":false,"potions_floor_spawned":[6,10,12],"killed_by":"Hexaghost","ascension_level":11}