{"gold_per_floor":[114,131,406,331,331,331,347,380,404,404,404,404],"floor_reached":12,"playtime":159,"items_purged":["Regret"],"score":76,"play_id":"cc72fa08-a45d-40ce-b0bd-85312c518993","local_time":"20190508184505","is_ascension_mode":false,"campfire_choices":[{"data":"Clash","floor":6,"key":"SMITH"},{"data":"Flex","floor":11,"key":"SMITH"}],"neow_cost":"NONE","seed_source_timestamp":7427310470800,"circlet_count":0,"master_deck":["Strike_R","Strike_R","Strike_R","Strike_R","Strike_R","Defend_R","Defend_R","Defend_R","Defend_R","Bash","Clash+1","Heavy Blade","Flex+1","Metallicize"],"relics":["Burning Blood","NeowsBlessing","Blood Vial","Lantern","GremlinMask"],"potions_floor_usage":[8],"damage_taken":[{"damage":0,"enemies":"Jaw Worm","floor":1,"turns":1},{"damage":0,"enemies":"Cultist","floor":2,"turns":1},{"damage":0,"enemies":"Small Slimes","floor":7,"turns":1},{"damage":34,"enemies":"Lagavulin","floor":8,"turns":6},{"damage":8,"enemies":"Gremlin Gang","floor":12,"turns":3}],"seed_played":"-6905761168905822937","potions_obtained":[{"floor":1,"key":"SteroidPotion"},{"floor":8,"key":"Energy Potion"}],"is_trial":false,"path_per_floor":["M","M","?","$","$","R","M","E","T","?","R","M"],"character_chosen":"IRONCLAD","items_purchased":[],"campfire_rested":0,"item_purchase_floors":[],"current_hp_per_floor":[80,80,80,80,80,80,80,52,52,52,52,46],"gold":404,"neow_bonus":"THREE_ENEMY_KILL","is_prod":false,"is_daily":false,"chose_seed":false,"campfire_upgraded":2,"win_rate":0,"timestamp":1557330305,"path_taken":["M","M","?","?","$","R","M","E","T","?","R","M"],"build_version":"2019-01-23","purchased_purges":1,"victory":false,"max_hp_per_floor":[80,80,80,80,80,80,80,80,80,80,80,80],"card_choices":[{"not_picked":["Sever Soul","Body Slam"],"picked":"Clash","floor":1},{"not_picked":["Metallicize","Pummel"],"picked":"Heavy Blade","floor":2},{"not_picked":["Headbutt","Wild Strike"],"picked":"Flex","floor":7},{"not_picked":["Wild Strike","Iron Wave"],"picked":"Metallicize","floor":8}],"player_experience":306573,"relics_obtained":[{"floor":8,"key":"Blood Vial"},{"floor":9,"key":"Lantern"}],"event_choices":[{"damage_healed":0,"gold_gain":275,"player_choice":"Desecrate","damage_taken":0,"max_hp_gain":0,"max_hp_loss":0,"event_name":"Golden Shrine","floor":3,"gold_loss":0,"cards_obtained":["Regret"]},{"damage_healed":0,"gold_gain":0,"player_choice":"Trade","damage_taken":0,"relics_obtained":["GremlinMask"],"max_hp_gain":0,"max_hp_loss":0,"event_name":"FaceTrader","floor":10,"gold_loss":0}],"is_beta":false,"boss_relics":[],"items_purged_floors":[4],"is_endless":false,"potions_floor_spawned":[1,8],"killed_by":"Gremlin Gang","ascension_level":0}