{"gold_per_floor":[12,12,29,29,29,29,58,58,58,58,58,74,108,126,126,221,221,235,252,252],"floor_reached":20,"playtime":1333,"items_purged":[],"score":255,"play_id":"fda0cc52-151d-410e-9328-6aa01b7a0d39","local_time":"20190218200249","is_ascension_mode":true,"campfire_choices":[{"data":"Conserve Battery","floor":6,"key":"SMITH"},{"floor":8,"key":"REST"},{"floor":11,"key":"REST"},{"data":"Static Discharge","floor":15,"key":"SMITH"}],"neow_cost":"NO_GOLD","seed_source_timestamp":339678348194042,"circlet_count":0,"master_deck":["Strike_B","Strike_B+1","Strike_B","Strike_B","Defend_B","Defend_B","Defend_B","Defend_B","Zap","Dualcast+1","Conserve Battery+1","Stack","Darkness","Ball Lightning","Gash","Static Discharge+1","Echo Form","Genetic Algorithm"],"relics":["Cracked Core","Torii","Boot","Girya","Blood Vial","Vajra","Ancient Tea Set","Inserter"],"potions_floor_usage":[7,13,16,16,18,19],"damage_taken":[{"damage":1,"enemies":"2 Louse","floor":1,"turns":3},{"damage":1,"enemies":"Small Slimes","floor":3,"turns":3},{"damage":32,"enemies":"Gremlin Nob","floor":7,"turns":5},{"damage":0,"enemies":"Cultist","floor":12,"turns":3},{"damage":2,"enemies":"Lagavulin","floor":13,"turns":6},{"damage":1,"enemies":"3 Louse","floor":14,"turns":3},{"damage":14,"enemies":"The Guardian","floor":16,"turns":7},{"damage":15,"enemies":"Shell Parasite","floor":18,"turns":4},{"damage":27,"enemies":"2 Thieves","floor":19,"turns":4},{"damage":50,"enemies":"Masked Bandits","floor":20,"turns":3}],"seed_played":"2512337996013249025","potions_obtained":[{"floor":3,"key":"Poison Potion"},{"floor":7,"key":"LiquidBronze"},{"floor":12,"key":"Block Potion"},{"floor":14,"key":"PowerPotion"},{"floor":16,"key":"Block Potion"},{"floor":18,"key":"EssenceOfSteel"}],"is_trial":false,"path_per_floor":["M","$","M","?","?","R","E","R","T","?","R","M","E","M","R","B",null,"M","M","?"],"character_chosen":"DEFECT","items_purchased":[],"campfire_rested":2,"item_purchase_floors":[],"current_hp_per_floor":[67,67,66,51,48,48,16,38,38,38,60,62,62,63,63,51,69,56,31,0],"gold":252,"neow_bonus":"ONE_RARE_RELIC","is_prod":false,"is_daily":false,"chose_seed":false,"campfire_upgraded":2,"win_rate":0,"timestamp":1550512969,"path_taken":["M","$","M","?","?","R","E","R","T","?","R","M","E","?","R","BOSS","M","M","?"],"build_version":"2019-01-23","purchased_purges":0,"victory":false,"max_hp_per_floor":[75,75,75,75,75,75,75,75,75,75,75,75,75,75,75,75,75,75,75,75],"card_choices":[{"not_picked":["Cold Snap","Undo"],"picked":"Conserve Battery","floor":1},{"not_picked":["Coolheaded","Beam Cell"],"picked":"Stack","floor":3},{"not_picked":["Stack","Multi-Cast"],"picked":"Darkness","floor":7},{"not_picked":["Steam","Turbo"],"picked":"Ball Lightning","floor":12},{"not_picked":["Steam","Lockon"],"picked":"Gash","floor":13},{"not_picked":["Rebound","Reprogram"],"picked":"Static Discharge","floor":14},{"not_picked":["Electrodynamics","Core Surge"],"picked":"Echo Form","floor":16},{"not_picked":["Streamline+1","Turbo","Lockon"],"picked":"SKIP","floor":18},{"not_picked":["Recycle","Redo"],"picked":"Genetic Algorithm","floor":19}],"player_experience":636855,"relics_obtained":[{"floor":7,"key":"Girya"},{"floor":9,"key":"Blood Vial"},{"floor":10,"key":"Vajra"},{"floor":13,"key":"Ancient Tea Set"}],"event_choices":[{"damage_healed":0,"gold_gain":0,"player_choice":"Entered Light","damage_taken":15,"max_hp_gain":0,"max_hp_loss":0,"event_name":"Shining Light","floor":4,"gold_loss":0,"cards_upgraded":["Strike_B","Dualcast"]},{"damage_healed":0,"gold_gain":0,"player_choice":"Success","damage_taken":3,"relics_obtained":["Boot"],"max_hp_gain":0,"max_hp_loss":0,"event_name":"Scrap Ooze","floor":5,"gold_loss":0},{"damage_healed":0,"gold_gain":0,"player_choice":"Relic","damage_taken":0,"max_hp_gain":0,"max_hp_loss":0,"event_name":"Wheel of Change","floor":10,"gold_loss":0},{"damage_healed":0,"gold_gain":0,"player_choice":"Fought Bandits","damage_taken":0,"max_hp_gain":0,"max_hp_loss":0,"event_name":"Masked Bandits","floor":20,"gold_loss":0}],"is_beta":false,"boss_relics":[{"not_picked":["Calling Bell","Nuclear Battery"],"picked":"Inserter"}],"items_purged_floors":[],"is_endless":false,"potions_floor_spawned":[3,7,12,14,16,18],"killed_by":"Masked Bandits","ascension_level":8}