{"gold_per_floor":[113,132,132,207,218,243,243,258,258,276,276,308,319,338,338,438,438,456,328,251,271,286,286,132,161,161,76,89,116,116,128,128,223,223,237,255,255,266,285,285,296,296,322,46,46,58,58],"floor_reached":47,"playtime":6170,"items_purged":["Defend_R","Defend_R","Strike_R"],"score":481,"play_id":"b085ef3b-5e60-4b57-83c2-be460941700e","local_time":"20180703014201","is_ascension_mode":false,"campfire_choices":[{"data":"Rage","floor":7,"key":"SMITH"},{"data":"Sword Boomerang","floor":15,"key":"SMITH"},{"data":"Flame Barrier","floor":23,"key":"SMITH"},{"floor":32,"key":"REST"},{"data":"Pummel","floor":40,"key":"SMITH"},{"data":"Heavy Blade","floor":42,"key":"SMITH"}],"neow_cost":"NONE","seed_source_timestamp":1648352687532987,"circlet_count":0,"master_deck":["Strike_R","Strike_R","Defend_R","Bash","Flame Barrier+1","Rage+1","Twin Strike","Reaper","Headbutt","Sword Boomerang+1","Demon Form","Spot Weakness","Pommel Strike","Double Tap","Metallicize","Iron Wave","J.A.X.","Sword Boomerang+1","Cleave","Anger","Heavy Blade+1","Cleave","Anger","Feed","Seeing Red+1","Pummel+1","Madness","Madness","Sword Boomerang+1","Iron Wave+1"],"relics":["Burning Blood","Gremlin Horn","Meat on the Bone","Potion Belt","Red Skull","White Beast Statue","Anchor","Bottled Lightning","Pen Nib","Regal Pillow","Nilry\u0027s Codex","Empty Cage","Juzu Bracelet","Blood Vial","Pantograph"],"potions_floor_usage":[16,21,22,29,29,33,33,33,38,39,46,46,46,47,47],"damage_taken":[{"damage":0,"enemies":"Small Slimes","floor":1,"turns":4},{"damage":3,"enemies":"2 Louse","floor":2,"turns":3},{"damage":1,"enemies":"Jaw Worm","floor":5,"turns":5},{"damage":21,"enemies":"Gremlin Nob","floor":6,"turns":4},{"damage":7,"enemies":"Blue Slaver","floor":8,"turns":5},{"damage":0,"enemies":"Exordium Wildlife","floor":10,"turns":5},{"damage":46,"enemies":"Lagavulin","floor":12,"turns":7},{"damage":1,"enemies":"2 Fungi Beasts","floor":13,"turns":3},{"damage":6,"enemies":"Large Slime","floor":14,"turns":3},{"damage":12,"enemies":"The Guardian","floor":16,"turns":7},{"damage":11,"enemies":"Chosen","floor":18,"turns":6},{"damage":10,"enemies":"Shell Parasite","floor":21,"turns":6},{"damage":36,"enemies":"3 Cultists","floor":22,"turns":5},{"damage":34,"enemies":"Book of Stabbing","floor":25,"turns":6},{"damage":28,"enemies":"Sentry and Sphere","floor":28,"turns":5},{"damage":9,"enemies":"Slavers","floor":29,"turns":3},{"damage":8,"enemies":"Snecko","floor":31,"turns":3},{"damage":40,"enemies":"Collector","floor":33,"turns":11},{"damage":16,"enemies":"3 Darklings","floor":35,"turns":4},{"damage":19,"enemies":"3 Shapes","floor":36,"turns":3},{"damage":43,"enemies":"Sphere and 2 Shapes","floor":38,"turns":4},{"damage":27,"enemies":"3 Darklings","floor":39,"turns":3},{"damage":43,"enemies":"4 Shapes","floor":41,"turns":6},{"damage":51,"enemies":"Maw","floor":46,"turns":7},{"damage":102,"enemies":"Giant Head","floor":47,"turns":8}],"seed_played":"6403570253361958041","potions_obtained":[{"floor":1,"key":"Swift Potion"},{"floor":5,"key":"FairyPotion"},{"floor":12,"key":"Energy Potion"},{"floor":14,"key":"Energy Potion"},{"floor":18,"key":"Explosive Potion"},{"floor":21,"key":"Strength Potion"},{"floor":22,"key":"Fire Potion"},{"floor":25,"key":"Energy Potion"},{"floor":29,"key":"Fire Potion"},{"floor":31,"key":"Energy Potion"},{"floor":33,"key":"SkillPotion"},{"floor":35,"key":"Regen Potion"},{"floor":36,"key":"SteroidPotion"},{"floor":38,"key":"SpeedPotion"},{"floor":39,"key":"SkillPotion"},{"floor":41,"key":"AttackPotion"},{"floor":46,"key":"Swift Potion"}],"is_trial":false,"path_per_floor":["M","M","?","?","M","E","R","M","T","M","?","E","M","M","R","B",null,"M","$","?","M","M","R","$","E","T","?","M","E","?","M","R","B",null,"M","M","?","M","M","R","M","R","T","$","?","M"],"character_chosen":"IRONCLAD","items_purchased":["Iron Wave","Anger","Blood Vial"],"campfire_rested":1,"item_purchase_floors":[19,24,44],"current_hp_per_floor":[88,88,81,70,75,60,60,63,63,76,73,51,64,64,64,68,88,83,83,83,79,73,73,73,57,57,57,55,52,36,47,88,84,88,78,84,73,54,45,45,55,55,55,55,55,57,0],"gold":58,"neow_bonus":"TEN_PERCENT_HP_BONUS","is_prod":false,"is_daily":false,"chose_seed":false,"campfire_upgraded":5,"win_rate":0.0,"timestamp":1530596521,"path_taken":["M","M","?","?","M","E","R","M","T","M","?","E","?","M","R","BOSS","M","$","?","M","M","R","$","E","T","?","M","E","?","M","R","BOSS","M","M","?","M","M","R","M","R","T","$","?","M","E"],"build_version":"2018-06-28","purchased_purges":3,"victory":false,"max_hp_per_floor":[88,88,88,88,88,88,88,88,88,88,88,88,88,88,88,88,88,88,88,88,88,88,88,88,88,88,88,88,88,88,88,88,88,88,88,88,88,88,88,88,88,88,88,88,88,91,91],"card_choices":[{"not_picked":["Searing Blow","Flex"],"picked":"Flame Barrier","floor":1},{"not_picked":["Clash","Perfected Strike"],"picked":"Rage","floor":2},{"not_picked":["Sever Soul","Clothesline"],"picked":"Twin Strike","floor":5},{"not_picked":["Clash","Warcry"],"picked":"Reaper","floor":6},{"not_picked":["Thunderclap","Flex"],"picked":"Headbutt","floor":8},{"not_picked":["Warcry","True Grit"],"picked":"Sword Boomerang","floor":10},{"not_picked":["Pommel Strike","Armaments"],"picked":"Demon Form","floor":12},{"not_picked":["Combust","Armaments"],"picked":"Spot Weakness","floor":13},{"not_picked":["Intimidate","Body Slam"],"picked":"Pommel Strike","floor":14},{"not_picked":["Bludgeon","Dark Embrace"],"picked":"Double Tap","floor":16},{"not_picked":["Second Wind","Entrench"],"picked":"Metallicize","floor":18},{"not_picked":["Reckless Charge","Body Slam+1"],"picked":"Sword Boomerang+1","floor":21},{"not_picked":["Armaments","Whirlwind"],"picked":"Cleave","floor":22},{"not_picked":["Clothesline","Power Through"],"picked":"Heavy Blade","floor":25},{"not_picked":["Clash+1","Rupture+1"],"picked":"Cleave","floor":28},{"not_picked":["Disarm","Perfected Strike"],"picked":"Anger","floor":29},{"not_picked":["Clash+1","True Grit","Cleave"],"picked":"SKIP","floor":31},{"not_picked":["Barricade","Berserk"],"picked":"Feed","floor":33},{"not_picked":["Metallicize+1","Fire Breathing"],"picked":"Seeing Red+1","floor":35},{"not_picked":["Clothesline","Disarm"],"picked":"Pummel","floor":36},{"not_picked":["Thunderclap","Bloodletting+1"],"picked":"Sword Boomerang+1","floor":38},{"not_picked":["Warcry","Headbutt+1"],"picked":"Iron Wave+1","floor":39},{"not_picked":["Pommel Strike+1","Perfected Strike+1","Clothesline"],"picked":"SKIP","floor":41},{"not_picked":["Pommel Strike+1","Double Tap","Disarm+1"],"picked":"SKIP","floor":46}],"player_experience":18446,"relics_obtained":[{"floor":6,"key":"Gremlin Horn"},{"floor":9,"key":"Meat on the Bone"},{"floor":12,"key":"Red Skull"},{"floor":25,"key":"Anchor"},{"floor":26,"key":"Bottled Lightning"},{"floor":29,"key":"Regal Pillow"},{"floor":30,"key":"Nilry\u0027s Codex"},{"floor":43,"key":"Juzu Bracelet"}],"event_choices":[{"event_name":"Golden Wing","player_choice":"Card Removal","floor":3,"damage_taken":0},{"event_name":"World of Goop","player_choice":"Gather Gold","floor":4,"damage_taken":0},{"event_name":"Scrap Ooze","player_choice":"success","floor":11,"damage_taken":3},{"event_name":"Drug Dealer","player_choice":"Got JAXXED","floor":20,"damage_taken":0},{"event_name":"Addict","player_choice":"Obtained Relic","floor":27,"damage_taken":0},{"event_name":"Cursed Tome","player_choice":"Obtained Book","floor":30,"damage_taken":0},{"event_name":"Winding Halls","player_choice":"Embrace Madness","floor":37,"damage_taken":0},{"event_name":"Wheel of Change","player_choice":"Relic","floor":45,"damage_taken":0}],"boss_relics":[{"not_picked":["Velvet Choker","Sozu"],"picked":"White Beast Statue"},{"not_picked":["Cursed Key","Snecko Eye"],"picked":"Empty Cage"}],"items_purged_floors":[19,24,44],"is_endless":false,"potions_floor_spawned":[1,5,12,14,18,21,22,25,28,29,31,33,35,36,38,39,41,46],"killed_by":"Giant Head","ascension_level":0}