{"gold_per_floor":[119,137,137,137,148,213,178,178,202,377,389,96,96,112,112,216,216,232,232],"floor_reached":19,"playtime":472,"items_purged":[],"score":167,"play_id":"e707604f-4060-42ff-a820-dc4698c273f7","local_time":"20190513204411","is_ascension_mode":false,"campfire_choices":[{"data":"Noxious Fumes","floor":8,"key":"SMITH"},{"data":"Flying Knee","floor":13,"key":"SMITH"},{"floor":15,"key":"REST"}],"neow_cost":"NONE","seed_source_timestamp":8625163339600,"circlet_count":0,"master_deck":["Defend_G","Defend_G","Defend_G","Defend_G","Strike_G","Strike_G","Strike_G","Strike_G","Strike_G","Survivor","Neutralize","Crippling Poison+1","Sucker Punch","Noxious Fumes+1","Doubt","Flying Knee+1","A Thousand Cuts","Writhe","Pain","Injury"],"relics":["Ring of the Snake","NeowsBlessing","Tiny Chest","Dream Catcher","Du-Vu Doll","Calling Bell","Ancient Tea Set","Mummified Hand","Tough Bandages"],"potions_floor_usage":[16,19,19],"damage_taken":[{"damage":0,"enemies":"2 Louse","floor":1,"turns":1},{"damage":0,"enemies":"Small Slimes","floor":2,"turns":1},{"damage":0,"enemies":"Cultist","floor":5,"turns":1},{"damage":26,"enemies":"3 Sentries","floor":6,"turns":7},{"damage":10,"enemies":"2 Fungi Beasts","floor":11,"turns":3},{"damage":10,"enemies":"Blue Slaver","floor":14,"turns":3},{"damage":37,"enemies":"The Guardian","floor":16,"turns":9},{"damage":17,"enemies":"Shell Parasite","floor":18,"turns":6},{"damage":13,"enemies":"Colosseum Slavers","floor":19,"turns":5},{"damage":41,"enemies":"Colosseum Nobs","floor":19,"turns":4}],"seed_played":"-4077631086521372598","potions_obtained":[{"floor":11,"key":"PowerPotion"},{"floor":14,"key":"Weak Potion"},{"floor":16,"key":"GamblersBrew"},{"floor":18,"key":"SpeedPotion"}],"is_trial":false,"path_per_floor":["M","M","?","?","M","E","?","R","T","?","M","$","R","M","R","B",null,"M","?"],"character_chosen":"THE_SILENT","items_purchased":["Du-Vu Doll"],"campfire_rested":1,"item_purchase_floors":[12],"current_hp_per_floor":[70,70,63,63,63,37,54,54,54,54,44,44,44,34,55,18,70,53,0],"gold":232,"neow_bonus":"THREE_ENEMY_KILL","is_prod":false,"is_daily":false,"chose_seed":false,"campfire_upgraded":2,"win_rate":0,"timestamp":1557769451,"path_taken":["M","M","?","?","?","E","?","R","T","?","M","$","R","M","R","BOSS","M","?"],"build_version":"2019-01-23","purchased_purges":0,"victory":false,"max_hp_per_floor":[70,70,70,70,70,70,70,70,70,70,70,70,70,70,70,70,70,70,70],"card_choices":[{"not_picked":["Flying Knee","PiercingWail"],"picked":"Crippling Poison","floor":1},{"not_picked":["Dodge and Roll","Blur"],"picked":"Sucker Punch","floor":2},{"not_picked":["Flying Knee","Backstab"],"picked":"Noxious Fumes","floor":5},{"not_picked":["Dodge and Roll","Infinite Blades","Backflip"],"picked":"SKIP","floor":6},{"not_picked":["Infinite Blades","Deflect"],"picked":"Flying Knee","floor":11},{"not_picked":["Tools of the Trade","Slice","Terror"],"picked":"SKIP","floor":14},{"not_picked":["Tools of the Trade","After Image"],"picked":"A Thousand Cuts","floor":16},{"not_picked":["Tactician","Flying Knee","Concentrate+1"],"picked":"SKIP","floor":18}],"player_experience":314325,"relics_obtained":[{"floor":6,"key":"Tiny Chest"},{"floor":9,"key":"Dream Catcher"},{"floor":17,"key":"Ancient Tea Set"},{"floor":17,"key":"Mummified Hand"},{"floor":17,"key":"Tough Bandages"}],"event_choices":[{"cards_removed":["Defend_G"],"damage_healed":0,"gold_gain":0,"player_choice":"Card Removal","damage_taken":7,"max_hp_gain":0,"max_hp_loss":0,"event_name":"Golden Wing","floor":3,"gold_loss":0},{"damage_healed":0,"gold_gain":0,"player_choice":"Upgraded","damage_taken":0,"max_hp_gain":0,"max_hp_loss":0,"event_name":"Upgrade Shrine","floor":4,"gold_loss":0,"cards_upgraded":["Crippling Poison"]},{"damage_healed":17,"gold_gain":0,"player_choice":"Healed","damage_taken":0,"max_hp_gain":0,"max_hp_loss":0,"event_name":"The Cleric","floor":7,"gold_loss":35},{"damage_healed":0,"gold_gain":175,"player_choice":"AGREE","damage_taken":0,"max_hp_gain":0,"max_hp_loss":0,"event_name":"Liars Game","floor":10,"gold_loss":0,"cards_obtained":["Doubt"]},{"damage_healed":0,"gold_gain":0,"player_choice":"Fight","damage_taken":0,"max_hp_gain":0,"max_hp_loss":0,"event_name":"Colosseum","floor":19,"gold_loss":0},{"damage_healed":0,"gold_gain":0,"player_choice":"Fought Nobs","damage_taken":0,"max_hp_gain":0,"max_hp_loss":0,"event_name":"Colosseum","floor":19,"gold_loss":0}],"is_beta":false,"boss_relics":[{"not_picked":["White Beast Statue","Empty Cage"],"picked":"Calling Bell"}],"items_purged_floors":[],"is_endless":false,"potions_floor_spawned":[11,14,16,18],"killed_by":"Colosseum Nobs","ascension_level":0}