{"gold_per_floor":[116,116,116,129,304,348,348,381,381,257,257,277,318,334,334,453,453,471,491,509,608,621,621,639,639,663,704,174,195,93,114,114,235,235,260,281,306,731,1064,1064,1064,619,668,668,188,188,206,233,233,233],"floor_reached":51,"playtime":2003,"items_purged":["Doubt","Writhe"],"score":950,"play_id":"53d05542-494c-4280-b6ec-a6457b9b9303","local_time":"20181127231811","is_ascension_mode":true,"campfire_choices":[{"data":"Uppercut","floor":7.0,"key":"SMITH"},{"data":"Perfected Strike","floor":15.0,"key":"SMITH"},{"data":"Whirlwind","floor":23.0,"key":"SMITH"},{"floor":25.0,"key":"REST"},{"floor":32,"key":"REST"},{"data":"Armaments","floor":40,"key":"SMITH"},{"data":"Rampage","floor":46,"key":"SMITH"},{"data":"Inflame","floor":49,"key":"SMITH"}],"neow_cost":"NONE","seed_source_timestamp":0,"circlet_count":0,"master_deck":["Strike_R","Strike_R","Strike_R","Strike_R","Defend_R","Defend_R","Defend_R","Defend_R","Bash+1","Perfected Strike+1","Uppercut+1","Wild Strike","Carnage+1","Twin Strike","Twin Strike","Evolve","Shrug It Off","Fiend Fire","Armaments+1","Rampage+1","Shrug It Off+1","Whirlwind+1","Rampage+1","Fiend Fire","Shrug It Off","Battle Trance","Clothesline","Warcry","Sentinel+1","Immolate","Pommel Strike+1","Second Wind+1","Shrug It Off+1","Inflame+1","Pummel","Ghostly Armor","Feel No Pain"],"special_seed":0,"relics":["Burning Blood","NeowsBlessing","Darkstone Periapt","Nunchaku","Bottled Flame","Mercury Hourglass","Mark of Pain","Strawberry","Oddly Smooth Stone","Orichalcum","Gremlin Horn","Snecko Eye","Old Coin","Bottled Lightning","Ancient Tea Set","Bag of Marbles","Whetstone","Smiling Mask"],"potions_floor_usage":[27,33,33,33,50,50],"damage_taken":[{"damage":0.0,"enemies":"Small Slimes","floor":1.0,"turns":1.0},{"damage":0.0,"enemies":"Jaw Worm","floor":4.0,"turns":1.0},{"damage":0.0,"enemies":"Lagavulin","floor":6.0,"turns":1.0},{"damage":12.0,"enemies":"Gremlin Nob","floor":8.0,"turns":3.0},{"damage":0.0,"enemies":"2 Louse","floor":12.0,"turns":1.0},{"damage":23.0,"enemies":"Lagavulin","floor":13.0,"turns":3.0},{"damage":0.0,"enemies":"Gremlin Gang","floor":14.0,"turns":3.0},{"damage":54.0,"enemies":"The Guardian","floor":16.0,"turns":10.0},{"damage":16.0,"enemies":"Shell Parasite","floor":18.0,"turns":3.0},{"damage":0.0,"enemies":"Chosen","floor":19.0,"turns":4.0},{"damage":26.0,"enemies":"Shelled Parasite and Fungi","floor":20.0,"turns":5.0},{"damage":14.0,"enemies":"Centurion and Healer","floor":22.0,"turns":3.0},{"damage":8.0,"enemies":"Chosen and Byrds","floor":24.0,"turns":3.0},{"damage":27,"enemies":"Slavers","floor":27,"turns":3},{"damage":0,"enemies":"Snecko","floor":29,"turns":3},{"damage":12,"enemies":"Snake Plant","floor":31,"turns":3},{"damage":31,"enemies":"Collector","floor":33,"turns":10},{"damage":0,"enemies":"Orb Walker","floor":35,"turns":1},{"damage":23,"enemies":"3 Darklings","floor":36,"turns":5},{"damage":4,"enemies":"Spire Growth","floor":37,"turns":2},{"damage":0,"enemies":"Mind Bloom Boss Battle","floor":38,"turns":2},{"damage":0,"enemies":"Jaw Worm Horde","floor":47,"turns":1},{"damage":68,"enemies":"Time Eater","floor":50,"turns":7}],"seed_played":"589753114178769772","potions_obtained":[{"floor":6.0,"key":"AttackPotion"},{"floor":14.0,"key":"FearPotion"},{"floor":16.0,"key":"AttackPotion"},{"floor":18.0,"key":"SpeedPotion"},{"floor":29,"key":"GamblersBrew"},{"floor":31,"key":"Strength Potion"},{"floor":37,"key":"SteroidPotion"},{"floor":47,"key":"SpeedPotion"}],"is_trial":false,"path_per_floor":["M","?","?","M","?","E","R","E","T","$","?","M","E","M","R","B",null,"M","M","M","?","M","R","M","R","T","E","$","M","$","M","R","B",null,"M","M","M","?","?","R","?","$","T","?","$","R","M","T","R","B",null],"character_chosen":"IRONCLAD","items_purchased":["Twin Strike","Shrug It Off","Orichalcum","Battle Trance","Gremlin Horn","Clothesline","Warcry","Bottled Lightning","FairyPotion","Inflame","Bag of Marbles","Pummel","Ghostly Armor","Whetstone"],"campfire_rested":2,"item_purchase_floors":[10,28,28,28,28,30,30,42,42,45,45,45,45,45],"current_hp_per_floor":[80,74,74,74,74,74,74,68,68,68,68,74,57,63,63,15,59,49,55,35,35,27,27,25,47,54,33,33,39,39,33,57,32,69,75,58,60,66,66,66,87,87,87,87,87,87,87,87,87,25],"gold":233,"neow_bonus":"THREE_ENEMY_KILL","is_prod":false,"is_daily":false,"chose_seed":false,"campfire_upgraded":6,"win_rate":0,"timestamp":1543378691,"path_taken":["M","?","?","M","?","E","R","E","T","$","?","M","E","M","R","BOSS","M","?","M","?","M","R","M","R","T","E","$","M","$","M","R","BOSS","M","M","M","?","?","R","?","$","T","?","$","R","M","?","R","BOSS"],"build_version":"2018-11-15","purchased_purges":2,"victory":true,"max_hp_per_floor":[80,74,74,74,74,74,74,74,74,74,74,74,74,74,74,74,74,74,74,74,74,74,74,74,74,81,81,81,81,81,81,81,81,81,81,81,81,81,81,81,87,87,87,87,87,87,87,87,87,87],"card_choices":[{"not_picked":["Combust","Second Wind"],"picked":"Perfected Strike","floor":1.0},{"not_picked":["Burning Pact","Heavy Blade"],"picked":"Uppercut","floor":4.0},{"not_picked":["Evolve","Pummel"],"picked":"Wild Strike","floor":6.0},{"not_picked":["Fire Breathing","Blood for Blood"],"picked":"Carnage","floor":8.0},{"not_picked":["Flex","Heavy Blade"],"picked":"Twin Strike","floor":12.0},{"not_picked":["Pommel Strike","Clash"],"picked":"Evolve","floor":13.0},{"not_picked":["Cleave","Combust"],"picked":"Shrug It Off","floor":14.0},{"not_picked":["Brutality","Juggernaut"],"picked":"Fiend Fire","floor":16.0},{"not_picked":["Twin Strike","Sword Boomerang+1"],"picked":"Armaments","floor":18.0},{"not_picked":["Iron Wave","Headbutt"],"picked":"Rampage","floor":19.0},{"not_picked":["Rampage","Entrench+1"],"picked":"Shrug It Off+1","floor":20.0},{"not_picked":["Sword Boomerang","Brutality"],"picked":"Whirlwind","floor":22.0},{"not_picked":["Warcry","Twin Strike"],"picked":"Rampage","floor":24.0},{"not_picked":["Clash","Perfected Strike"],"picked":"Fiend Fire","floor":27},{"not_picked":["Body Slam","Havoc","Sever Soul"],"picked":"SKIP","floor":29},{"not_picked":["Clash","Rupture"],"picked":"Sentinel+1","floor":31},{"not_picked":["Exhume","Fiend Fire"],"picked":"Immolate","floor":33},{"not_picked":["Cleave+1","Searing Blow+1"],"picked":"Pommel Strike+1","floor":35},{"not_picked":["Searing Blow","Carnage"],"picked":"Second Wind+1","floor":36},{"not_picked":["Warcry","Second Wind"],"picked":"Shrug It Off+1","floor":37},{"not_picked":["Clash+1","Armaments"],"picked":"Feel No Pain","floor":47}],"player_experience":234279,"relics_obtained":[{"floor":6.0,"key":"Darkstone Periapt"},{"floor":8.0,"key":"Nunchaku"},{"floor":9.0,"key":"Bottled Flame"},{"floor":13.0,"key":"Mercury Hourglass"},{"floor":26.0,"key":"Strawberry"},{"floor":27,"key":"Oddly Smooth Stone"},{"floor":38,"key":"Old Coin"},{"floor":43,"key":"Ancient Tea Set"},{"floor":48,"key":"Smiling Mask"}],"event_choices":[{"damage_healed":0.0,"max_hp_gain":0.0,"max_hp_loss":6.0,"gold_gain":0.0,"event_name":"Golden Idol","player_choice":"Lose Max HP","floor":2.0,"gold_loss":0.0,"damage_taken":0.0,"relics_obtained":["Golden Idol"]},{"damage_healed":0.0,"max_hp_gain":0.0,"max_hp_loss":0.0,"gold_gain":0.0,"event_name":"Living Wall","player_choice":"Grow","floor":3.0,"gold_loss":0.0,"damage_taken":0.0,"cards_upgraded":["Bash"]},{"damage_healed":0.0,"max_hp_gain":0.0,"max_hp_loss":0.0,"gold_gain":175.0,"event_name":"Liars Game","player_choice":"AGREE","floor":5.0,"gold_loss":0.0,"damage_taken":0.0,"cards_obtained":["Doubt"]},{"cards_removed":["Strike_R"],"damage_healed":0.0,"max_hp_gain":0.0,"max_hp_loss":0.0,"gold_gain":0.0,"event_name":"Purifier","player_choice":"Purged","floor":11.0,"gold_loss":0.0,"damage_taken":0.0},{"damage_healed":0.0,"max_hp_gain":0.0,"max_hp_loss":0.0,"gold_gain":99.0,"event_name":"Nest","player_choice":"Stole From Cult","floor":21.0,"gold_loss":0.0,"damage_taken":0.0},{"damage_healed":0,"gold_gain":0,"player_choice":"Fight","damage_taken":0,"max_hp_gain":0,"max_hp_loss":0,"event_name":"MindBloom","floor":38,"gold_loss":0},{"damage_healed":0,"gold_gain":333,"player_choice":"Gave Idol","damage_taken":0,"max_hp_gain":0,"max_hp_loss":0,"event_name":"The Moai Head","floor":39,"relics_lost":["Golden Idol"],"gold_loss":0},{"damage_healed":20,"gold_gain":0,"player_choice":"Writhe","damage_taken":0,"max_hp_gain":0,"max_hp_loss":0,"event_name":"Winding Halls","floor":41,"gold_loss":0,"cards_obtained":["Writhe"]},{"damage_healed":0,"gold_gain":0,"player_choice":"Ignored","damage_taken":0,"max_hp_gain":0,"max_hp_loss":0,"event_name":"Mysterious Sphere","floor":44,"gold_loss":0}],"is_beta":false,"boss_relics":[{"not_picked":["Runic Dome","Pandora\u0027s Box"],"picked":"Mark of Pain"},{"not_picked":["Empty Cage","Lizard Tail"],"picked":"Snecko Eye"}],"items_purged_floors":[10,42],"is_endless":false,"potions_floor_spawned":[6,14,16,18,20,29,31,37,47],"ascension_level":5}