{"gold_per_floor":[110,110,110,110,136,170,170,182,182,182,245,47,63,77,77,77],"floor_reached":16,"playtime":256,"items_purged":[],"score":123,"play_id":"87f95919-a8c9-48a9-94bf-70a4bd58d07d","local_time":"20190503221256","is_ascension_mode":false,"campfire_choices":[{"data":"Twin Strike","floor":7,"key":"SMITH"},{"floor":10,"key":"RECALL"},{"data":"Clash","floor":15,"key":"SMITH"}],"neow_cost":"NONE","seed_source_timestamp":12268291554900,"circlet_count":0,"master_deck":["Strike_R","Strike_R","Strike_R","Strike_R","Strike_R","Defend_R","Defend_R","Defend_R","Defend_R","Bash+1","Twin Strike+1","Infernal Blade+1","Seeing Red+1","Clash+1","Perfected Strike"],"relics":["Burning Blood","NeowsBlessing","Toxic Egg 2","Anchor","Red Skull","Matryoshka","Membership Card"],"potions_floor_usage":[14,16,16],"damage_taken":[{"damage":0,"enemies":"Jaw Worm","floor":1,"turns":1},{"damage":0,"enemies":"Lagavulin","floor":6,"turns":1},{"damage":0,"enemies":"2 Louse","floor":8,"turns":1},{"damage":2,"enemies":"Small Slimes","floor":13,"turns":3},{"damage":0,"enemies":"2 Fungi Beasts","floor":14,"turns":2},{"damage":80,"enemies":"The Guardian","floor":16,"turns":10}],"seed_played":"-9104229432833560532","potions_obtained":[{"floor":6,"key":"SneckoOil"},{"floor":8,"key":"SkillPotion"},{"floor":14,"key":"AttackPotion"}],"is_trial":false,"path_per_floor":["M","?","$","?","T","E","R","M","T","R","?","$","M","M","R","B"],"character_chosen":"IRONCLAD","items_purchased":["Membership Card"],"campfire_rested":0,"item_purchase_floors":[12],"current_hp_per_floor":[80,68,68,68,68,74,74,80,80,80,80,80,80,80,80,0],"gold":77,"neow_bonus":"THREE_ENEMY_KILL","is_prod":false,"is_daily":false,"chose_seed":false,"campfire_upgraded":2,"win_rate":0,"timestamp":1556910776,"path_taken":["M","?","$","?","?","E","R","M","T","R","?","$","?","M","R","BOSS"],"build_version":"2019-01-23","purchased_purges":0,"victory":false,"max_hp_per_floor":[80,80,80,80,80,80,80,80,80,80,80,80,80,80,80,80],"card_choices":[{"not_picked":["Power Through","Warcry"],"picked":"Twin Strike","floor":1},{"not_picked":["Body Slam","Feed"],"picked":"Infernal Blade+1","floor":6},{"not_picked":["Twin Strike","Anger"],"picked":"Seeing Red+1","floor":8},{"not_picked":["Flame Barrier+1","Seeing Red+1"],"picked":"Clash","floor":13},{"not_picked":["Headbutt","Clash"],"picked":"Perfected Strike","floor":14}],"player_experience":279725,"relics_obtained":[{"floor":5,"key":"Anchor"},{"floor":6,"key":"Red Skull"},{"floor":9,"key":"Matryoshka"}],"event_choices":[{"damage_healed":0,"gold_gain":0,"player_choice":"Success","damage_taken":12,"relics_obtained":["Toxic Egg 2"],"max_hp_gain":0,"max_hp_loss":0,"event_name":"Scrap Ooze","floor":2,"gold_loss":0},{"damage_healed":0,"gold_gain":0,"player_choice":"Grow","damage_taken":0,"max_hp_gain":0,"max_hp_loss":0,"event_name":"Living Wall","floor":4,"gold_loss":0,"cards_upgraded":["Bash"]},{"damage_healed":0,"gold_gain":63,"player_choice":"Gained Gold","damage_taken":0,"max_hp_gain":0,"max_hp_loss":0,"event_name":"Golden Wing","floor":11,"gold_loss":0}],"is_beta":false,"boss_relics":[],"items_purged_floors":[],"is_endless":false,"potions_floor_spawned":[6,8,14],"killed_by":"The Guardian","ascension_level":0}