{"gold_per_floor":[111,111,129,144,156,156,168,178,178,190,115,115,15,32,32,109,109,121,121,133,2,2],"floor_reached":22,"playtime":1538,"items_purged":["Dualcast","Defend_B"],"score":342,"play_id":"b0bd6ee1-b87f-4bb1-81fb-74116e1069d5","local_time":"20190325232023","is_ascension_mode":true,"campfire_choices":[{"data":"Cold Snap","floor":6,"key":"SMITH"},{"data":"Streamline","floor":12,"key":"SMITH"},{"floor":15,"key":"REST"}],"neow_cost":"NONE","seed_source_timestamp":387404666673307,"circlet_count":0,"master_deck":["AscendersBane","Strike_B","Strike_B","Strike_B","Strike_B","Defend_B","Defend_B","Defend_B","Zap","Cold Snap+1","Leap","Go for the Eyes","Streamline+1","Gash","Hyperbeam","Rebound","Reinforced Body","Genetic Algorithm","Self Repair","Gash"],"relics":["Velvet Choker","Shuriken","Pantograph","Cursed Key"],"potions_floor_usage":[16,16],"damage_taken":[{"damage":1,"enemies":"Cultist","floor":1,"turns":4},{"damage":2,"enemies":"Jaw Worm","floor":3,"turns":4},{"damage":2,"enemies":"Small Slimes","floor":4,"turns":5},{"damage":9,"enemies":"Blue Slaver","floor":5,"turns":4},{"damage":14,"enemies":"Exordium Thugs","floor":7,"turns":6},{"damage":2,"enemies":"2 Fungi Beasts","floor":8,"turns":5},{"damage":0,"enemies":"Exordium Wildlife","floor":10,"turns":3},{"damage":9,"enemies":"3 Louse","floor":14,"turns":4},{"damage":29,"enemies":"Hexaghost","floor":16,"turns":7},{"damage":27,"enemies":"Spheric Guardian","floor":18,"turns":4},{"damage":13,"enemies":"Chosen","floor":20,"turns":4},{"damage":30,"enemies":"Shelled Parasite and Fungi","floor":22,"turns":3}],"seed_played":"5544473122203283368","potions_obtained":[{"floor":1,"key":"LiquidBronze"},{"floor":4,"key":"SkillPotion"},{"floor":5,"key":"LiquidBronze"},{"floor":18,"key":"Poison Potion"}],"is_trial":false,"path_per_floor":["M","T","M","M","M","R","M","M","T","M","$","R","$","M","R","B",null,"M","?","M","$","M"],"character_chosen":"DEFECT","items_purchased":["Self Repair","Gash"],"campfire_rested":1,"item_purchase_floors":[21,21],"current_hp_per_floor":[63,63,61,59,50,50,36,34,34,34,34,34,34,25,46,42,64,37,37,24,24,0],"gold":2,"neow_bonus":"BOSS_RELIC","is_prod":false,"is_daily":false,"chose_seed":false,"campfire_upgraded":2,"win_rate":0,"timestamp":1553548823,"path_taken":["M","?","M","?","M","R","M","M","T","?","$","R","?","M","R","BOSS","M","?","M","?","M"],"build_version":"2019-01-23","purchased_purges":2,"victory":false,"max_hp_per_floor":[71,71,71,71,71,71,71,71,71,71,71,71,71,71,71,71,71,71,71,71,71,71],"card_choices":[{"not_picked":["Turbo","Sweeping Beam","Rebound"],"picked":"SKIP","floor":1},{"not_picked":["Leap","Rip and Tear"],"picked":"Cold Snap","floor":3},{"not_picked":["Compile Driver","Fission","Loop"],"picked":"SKIP","floor":4},{"not_picked":["Reprogram","Capacitor"],"picked":"Leap","floor":5},{"not_picked":["Double Energy","Reprogram"],"picked":"Go for the Eyes","floor":7},{"not_picked":["Hologram","Capacitor","Barrage"],"picked":"SKIP","floor":8},{"not_picked":["Hologram","Capacitor","Barrage"],"picked":"SKIP","floor":8},{"not_picked":["Static Discharge","Double Energy"],"picked":"Streamline","floor":10},{"not_picked":["Sweeping Beam","Redo"],"picked":"Gash","floor":14},{"not_picked":["Seek","Multi-Cast"],"picked":"Hyperbeam","floor":16},{"not_picked":["Sweeping Beam","Ball Lightning"],"picked":"Rebound","floor":18},{"not_picked":["All For One","Sweeping Beam"],"picked":"Genetic Algorithm","floor":20}],"player_experience":777947,"relics_obtained":[{"floor":2,"key":"Shuriken"},{"floor":9,"key":"Pantograph"}],"event_choices":[{"damage_healed":0,"gold_gain":0,"player_choice":"1 cards matched","damage_taken":0,"max_hp_gain":0,"max_hp_loss":0,"event_name":"Match and Keep!","floor":19,"gold_loss":0,"cards_obtained":["Reinforced Body"]}],"is_beta":false,"boss_relics":[{"not_picked":["Calling Bell","Busted Crown"],"picked":"Cursed Key"}],"items_purged_floors":[11,13],"is_endless":false,"potions_floor_spawned":[1,4,5,7,8,18],"killed_by":"Shelled Parasite and Fungi","ascension_level":18}