{"gold_per_floor":[112,126,143,160,173,173,173,173,173,223,241,241,266,277,277,382,382,399,324,0,10,10,10,10,10],"floor_reached":25,"playtime":4034,"items_purged":[],"score":203,"play_id":"d8353830-f2af-446d-bdf6-78fa86f1e160","local_time":"20180702151721","is_ascension_mode":false,"campfire_choices":[{"data":"Uppercut","floor":6,"key":"SMITH"},{"data":"Bash","floor":8,"key":"SMITH"},{"data":"Warcry","floor":12,"key":"SMITH"},{"data":"Clothesline","floor":15,"key":"SMITH"},{"floor":23,"key":"REST"}],"neow_cost":"","seed_source_timestamp":1612991340567820,"circlet_count":0,"master_deck":["Strike_R","Strike_R","Strike_R","Strike_R","Strike_R","Defend_R","Defend_R","Defend_R","Bash+1","Headbutt","Shrug It Off","Warcry","Uppercut+1","Headbutt","Warcry+1","Clothesline+1","Clothesline","Fiend Fire","Twin Strike","Inflame","Pommel Strike"],"relics":["Black Blood","Orichalcum","Regal Pillow","Anchor","Toxic Egg 2","Enchiridion"],"potions_floor_usage":[14,18,21,25,25],"damage_taken":[{"damage":3,"enemies":"Cultist","floor":1,"turns":5},{"damage":1,"enemies":"Jaw Worm","floor":2,"turns":5},{"damage":5,"enemies":"2 Louse","floor":3,"turns":4},{"damage":11,"enemies":"Blue Slaver","floor":4,"turns":7},{"damage":11,"enemies":"Large Slime","floor":5,"turns":6},{"damage":0,"enemies":"Exordium Wildlife","floor":11,"turns":3},{"damage":22,"enemies":"Lagavulin","floor":13,"turns":6},{"damage":0,"enemies":"Gremlin Gang","floor":14,"turns":3},{"damage":37,"enemies":"The Guardian","floor":16,"turns":12},{"damage":55,"enemies":"3 Byrds","floor":18,"turns":10},{"damage":13,"enemies":"Spheric Guardian","floor":21,"turns":5},{"damage":56,"enemies":"Gremlin Leader","floor":25,"turns":8}],"seed_played":"7413090630284516780","potions_obtained":[{"floor":1,"key":"Strength Potion"},{"floor":4,"key":"Explosive Potion"},{"floor":16,"key":"AttackPotion"},{"floor":18,"key":"Weak Potion"},{"floor":21,"key":"Swift Potion"}],"is_trial":false,"path_per_floor":["M","M","M","M","M","R","?","R","T","T","M","R","E","M","R","B",null,"M","?","$","M","?","R","?"],"character_chosen":"IRONCLAD","items_purchased":["Toxic Egg 2","Inflame"],"campfire_rested":1,"item_purchase_floors":[20,20],"current_hp_per_floor":[80,80,80,75,70,70,70,70,70,70,76,76,60,66,66,35,80,35,35,35,32,32,71,55,0],"gold":10,"neow_bonus":"","is_prod":false,"is_daily":false,"chose_seed":false,"campfire_upgraded":4,"win_rate":0.0,"timestamp":1530559041,"path_taken":["M","M","M","?","M","R","?","R","T","?","M","R","E","M","R","BOSS","M","?","?","M","?","R","?","E"],"build_version":"2018-06-28","purchased_purges":0,"victory":false,"max_hp_per_floor":[80,80,80,80,80,80,80,80,80,80,80,80,80,80,80,80,80,80,80,80,80,80,80,80,80],"card_choices":[{"not_picked":["Reckless Charge","Dropkick"],"picked":"Headbutt","floor":1},{"not_picked":["Armaments","Headbutt"],"picked":"Shrug It Off","floor":2},{"not_picked":["Anger","Whirlwind"],"picked":"Warcry","floor":3},{"not_picked":["Battle Trance","Whirlwind"],"picked":"Uppercut","floor":4},{"not_picked":["Burning Pact","Anger"],"picked":"Headbutt","floor":5},{"not_picked":["Feel No Pain","Body Slam"],"picked":"Warcry","floor":11},{"not_picked":["Second Wind","Offering"],"picked":"Clothesline","floor":13},{"not_picked":["Armaments","Headbutt"],"picked":"Clothesline","floor":14},{"not_picked":["Berserk","Offering"],"picked":"Fiend Fire","floor":16},{"not_picked":["Corruption","Body Slam"],"picked":"Twin Strike","floor":18},{"not_picked":["Second Wind+1","Iron Wave"],"picked":"Pommel Strike","floor":21}],"player_experience":0,"relics_obtained":[{"floor":9,"key":"Orichalcum"},{"floor":10,"key":"Regal Pillow"},{"floor":13,"key":"Anchor"},{"floor":24,"key":"Enchiridion"}],"event_choices":[{"event_name":"Match and Keep!","player_choice":"0 cards matched","floor":7,"damage_taken":0},{"event_name":"Beggar","player_choice":"Gave Gold","floor":19,"damage_taken":0},{"event_name":"Addict","player_choice":"Ignored","floor":22,"damage_taken":0},{"event_name":"Cursed Tome","player_choice":"Obtained Book","floor":24,"damage_taken":0}],"boss_relics":[{"not_picked":["Ectoplasm","Eternal Feather"],"picked":"Black Blood"}],"items_purged_floors":[],"is_endless":false,"potions_floor_spawned":[1,4,16,18,21],"killed_by":"Gremlin Leader","ascension_level":0}