{"gold_per_floor":[116,291,291,308,319,353,353,371,371,25,41,41,61,72,72,173,173,183,65,0,12,29,29,48,48,72,72,90,101,101,26,26,130,130,148,148,159,159,173,173,173],"floor_reached":41,"playtime":6718,"items_purged":["Strike_B"],"score":629,"play_id":"e866f2cd-ee7f-4c69-a750-62581ec81d1b","local_time":"20190115103908","is_ascension_mode":true,"campfire_choices":[{"floor":7.0,"key":"REST"},{"floor":12.0,"key":"REST"},{"floor":15.0,"key":"REST"},{"floor":23.0,"key":"REST"},{"floor":25.0,"key":"REST"},{"data":"Tempest","floor":27.0,"key":"SMITH"},{"floor":30.0,"key":"REST"},{"data":"Reinforced Body","floor":32.0,"key":"SMITH"},{"floor":40,"key":"REST"}],"neow_cost":"NONE","seed_source_timestamp":312636360333677,"circlet_count":0,"master_deck":["Defend_B","Defend_B","Zap","Dualcast","Reinforced Body+1","Rebound","Glacier","Tempest+1","Streamline","Storm","Conserve Battery","Storm","Heatsinks","Echo Form","Steam+1","Heatsinks","White Noise","Double Energy","Heatsinks+1","Capacitor","Multi-Cast","Machine Learning","White Noise","Auto Shields+1","Reinforced Body+1"],"special_seed":0,"relics":["Astrolabe","Lantern","Bottled Lightning","Velvet Choker","Ancient Tea Set","Empty Cage"],"potions_floor_usage":[39,39,39,41,41,41],"damage_taken":[{"damage":11.0,"enemies":"2 Louse","floor":1.0,"turns":2.0},{"damage":0.0,"enemies":"Small Slimes","floor":4.0,"turns":3.0},{"damage":0.0,"enemies":"Cultist","floor":5.0,"turns":5.0},{"damage":46.0,"enemies":"3 Sentries","floor":6.0,"turns":27.0},{"damage":0.0,"enemies":"2 Fungi Beasts","floor":8.0,"turns":4.0},{"damage":0.0,"enemies":"Red Slaver","floor":11.0,"turns":5.0},{"damage":10.0,"enemies":"Exordium Wildlife","floor":13.0,"turns":3.0},{"damage":0.0,"enemies":"3 Louse","floor":14.0,"turns":4.0},{"damage":20.0,"enemies":"The Guardian","floor":16.0,"turns":13.0},{"damage":0.0,"enemies":"Spheric Guardian","floor":18.0,"turns":3.0},{"damage":8.0,"enemies":"2 Thieves","floor":20.0,"turns":5.0},{"damage":14.0,"enemies":"Centurion and Healer","floor":21.0,"turns":7.0},{"damage":21.0,"enemies":"Shelled Parasite and Fungi","floor":22.0,"turns":5.0},{"damage":2.0,"enemies":"Snecko","floor":24.0,"turns":4.0},{"damage":0.0,"enemies":"Chosen and Byrds","floor":28.0,"turns":7.0},{"damage":28.0,"enemies":"Centurion and Healer","floor":29.0,"turns":5.0},{"damage":64.0,"enemies":"Collector","floor":33.0,"turns":13.0},{"damage":7.0,"enemies":"3 Shapes","floor":35.0,"turns":4.0},{"damage":17,"enemies":"3 Darklings","floor":37,"turns":7},{"damage":6,"enemies":"Spire Growth","floor":39,"turns":4},{"damage":67,"enemies":"Reptomancer","floor":41,"turns":8}],"seed_played":"163984833480013978","potions_obtained":[{"floor":1.0,"key":"Fire Potion"},{"floor":4.0,"key":"Dexterity Potion"},{"floor":8.0,"key":"Energy Potion"},{"floor":16.0,"key":"PowerPotion"},{"floor":18.0,"key":"Explosive Potion"},{"floor":24.0,"key":"Ancient Potion"},{"floor":28.0,"key":"Weak Potion"},{"floor":33.0,"key":"Poison Potion"},{"floor":37,"key":"EntropicBrew"},{"floor":39,"key":"Ancient Potion"}],"is_trial":false,"path_per_floor":["M","?","?","M","M","E","R","M","T","$","M","R","M","M","R","B",null,"M","$","M","M","M","R","M","R","T","R","M","M","R","$","R","B",null,"M","?","M","?","M","R","E"],"character_chosen":"DEFECT","items_purchased":["Storm","Conserve Battery","Bottled Lightning","Heatsinks","White Noise"],"campfire_rested":7,"item_purchase_floors":[10,10,10,19,19],"current_hp_per_floor":[64,64,64,64,64,18,40,40,40,40,40,62,52,52,74,54,75,75,75,67,53,32,54,52,74,74,74,74,46,68,68,68,4,75,68,68,51,51,45,67,0],"gold":173,"neow_bonus":"BOSS_RELIC","is_prod":false,"is_daily":false,"chose_seed":false,"campfire_upgraded":2,"win_rate":0,"timestamp":1547541548,"path_taken":["M","?","?","M","M","E","R","M","T","$","M","R","M","M","R","BOSS","M","$","M","M","M","R","M","R","T","R","?","M","R","$","R","BOSS","M","?","?","?","M","R","E"],"build_version":"2019-01-10","purchased_purges":1,"victory":false,"max_hp_per_floor":[75,75,75,75,75,75,75,75,75,75,75,75,75,75,75,75,75,75,75,75,75,75,75,75,75,75,75,75,75,75,75,75,75,75,75,75,75,75,75,75,75],"card_choices":[{"not_picked":["BootSequence","Loop"],"picked":"Reinforced Body","floor":1.0},{"not_picked":["Leap","Hologram"],"picked":"Rebound","floor":4.0},{"not_picked":["Skim","Force Field"],"picked":"Glacier","floor":5.0},{"not_picked":["Ball Lightning","Auto Shields"],"picked":"Tempest","floor":6.0},{"not_picked":["Gash","Turbo"],"picked":"Streamline","floor":8.0},{"not_picked":["Doom and Gloom","Beam Cell"],"picked":"Storm","floor":11.0},{"not_picked":["Leap","Core Surge"],"picked":"Redo","floor":13.0},{"not_picked":["Go for the Eyes","Sweeping Beam"],"picked":"Heatsinks","floor":14.0},{"not_picked":["All For One","Biased Cognition"],"picked":"Echo Form","floor":16.0},{"not_picked":["Auto Shields","Rebound+1"],"picked":"Steam+1","floor":18.0},{"not_picked":["FTL","Blizzard"],"picked":"Double Energy","floor":20.0},{"not_picked":["Barrage","Steam+1"],"picked":"Heatsinks+1","floor":21.0},{"not_picked":["Leap","Sunder"],"picked":"Capacitor","floor":22.0},{"not_picked":["Hologram","Rebound+1","Redo"],"picked":"SKIP","floor":24.0},{"not_picked":["Turbo+1","Beam Cell"],"picked":"Multi-Cast","floor":28.0},{"not_picked":["Hologram","Storm","Reprogram"],"picked":"SKIP","floor":29.0},{"not_picked":["Echo Form","Fission"],"picked":"Machine Learning","floor":33.0},{"not_picked":["Barrage","Rip and Tear+1"],"picked":"White Noise","floor":35.0},{"not_picked":["Stack+1","Go for the Eyes+1"],"picked":"Auto Shields+1","floor":37},{"not_picked":["Sunder+1","Conserve Battery+1"],"picked":"Reinforced Body+1","floor":39}],"player_experience":267079,"relics_obtained":[{"floor":6.0,"key":"Lantern"},{"floor":26.0,"key":"Ancient Tea Set"}],"event_choices":[{"damage_healed":0.0,"max_hp_gain":0.0,"max_hp_loss":0.0,"gold_gain":175.0,"event_name":"Liars Game","player_choice":"AGREE","floor":2.0,"gold_loss":0.0,"damage_taken":0.0,"cards_obtained":["Doubt"]},{"cards_removed":["Doubt"],"damage_healed":0.0,"max_hp_gain":0.0,"max_hp_loss":0.0,"gold_gain":0.0,"event_name":"Wheel of Change","player_choice":"Card Removal","floor":3.0,"gold_loss":0.0,"damage_taken":0.0},{"damage_healed":0,"gold_gain":0,"player_choice":"Leave","damage_taken":0,"max_hp_gain":0,"max_hp_loss":0,"event_name":"FaceTrader","floor":36,"gold_loss":0},{"cards_removed":["Redo"],"damage_healed":0,"gold_gain":0,"player_choice":"Removed Skill","damage_taken":0,"max_hp_gain":0,"max_hp_loss":0,"event_name":"Falling","floor":38,"gold_loss":0}],"is_beta":false,"boss_relics":[{"not_picked":["Eternal Feather","White Beast Statue"],"picked":"Velvet Choker"},{"not_picked":["Nuclear Battery","Orrery"],"picked":"Empty Cage"}],"items_purged_floors":[31],"is_endless":false,"potions_floor_spawned":[1,4,8,16,18,24,28,33,37,39],"killed_by":"Reptomancer","ascension_level":3}