{"gold_per_floor":[112,124,142,153,170,235,235,286,286,25,41,58,88,103,103,103],"floor_reached":16,"playtime":604,"items_purged":[],"score":122,"play_id":"195a2202-5df5-4af8-a29c-6279f01cd7bb","local_time":"20190428153437","is_ascension_mode":true,"campfire_choices":[{"floor":15,"key":"REST"}],"neow_cost":"NONE","seed_source_timestamp":1214352570125170,"circlet_count":0,"master_deck":["Strike_R","Strike_R","Strike_R","Strike_R","Strike_R","Defend_R","Defend_R","Defend_R","Defend_R","Bash","Perfected Strike","Parasite"],"relics":["Busted Crown","Tiny Chest","Smiling Mask","Pantograph","Singing Bowl","Sundial"],"potions_floor_usage":[11,16,16,16],"damage_taken":[{"damage":1,"enemies":"2 Louse","floor":1,"turns":2},{"damage":1,"enemies":"Jaw Worm","floor":2,"turns":3},{"damage":0,"enemies":"Cultist","floor":3,"turns":2},{"damage":5,"enemies":"Looter","floor":4,"turns":3},{"damage":16,"enemies":"Exordium Thugs","floor":5,"turns":4},{"damage":26,"enemies":"3 Sentries","floor":6,"turns":8},{"damage":0,"enemies":"Lots of Slimes","floor":11,"turns":3},{"damage":5,"enemies":"Looter","floor":12,"turns":2},{"damage":6,"enemies":"Gremlin Nob","floor":13,"turns":3},{"damage":0,"enemies":"Large Slime","floor":14,"turns":5},{"damage":106,"enemies":"Hexaghost","floor":16,"turns":12}],"seed_played":"6830956760052165242","potions_obtained":[{"floor":5,"key":"Explosive Potion"},{"floor":6,"key":"Dexterity Potion"},{"floor":12,"key":"Regen Potion"},{"floor":14,"key":"Block Potion"}],"is_trial":false,"path_per_floor":["M","M","M","M","M","E","?","T","T","$","M","M","E","M","R","B"],"character_chosen":"IRONCLAD","items_purchased":["Singing Bowl"],"campfire_rested":1,"item_purchase_floors":[10],"current_hp_per_floor":[79,78,78,73,57,31,51,51,51,51,53,50,46,48,74,0],"gold":103,"neow_bonus":"BOSS_RELIC","is_prod":false,"is_daily":false,"chose_seed":false,"campfire_upgraded":0,"win_rate":0,"timestamp":1556480077,"path_taken":["M","M","M","M","M","E","?","?","T","$","M","M","E","M","R","BOSS"],"build_version":"2019-01-23","purchased_purges":0,"victory":false,"max_hp_per_floor":[80,80,80,80,80,80,80,80,80,80,82,84,86,88,88,88],"card_choices":[{"not_picked":["Sword Boomerang"],"picked":"SKIP","floor":1},{"not_picked":[],"picked":"Perfected Strike","floor":2},{"not_picked":["Clash"],"picked":"SKIP","floor":3},{"not_picked":["Shrug It Off"],"picked":"SKIP","floor":4},{"not_picked":["Pommel Strike"],"picked":"SKIP","floor":5},{"not_picked":["Thunderclap"],"picked":"SKIP","floor":6},{"not_picked":["Bloodletting"],"picked":"Singing Bowl","floor":11},{"not_picked":["Combust"],"picked":"Singing Bowl","floor":12},{"not_picked":["Power Through"],"picked":"Singing Bowl","floor":13},{"not_picked":["Pummel"],"picked":"Singing Bowl","floor":14}],"player_experience":149355,"relics_obtained":[{"floor":6,"key":"Tiny Chest"},{"floor":8,"key":"Smiling Mask"},{"floor":9,"key":"Pantograph"},{"floor":13,"key":"Sundial"}],"event_choices":[{"damage_healed":20,"gold_gain":0,"player_choice":"Healed and dodged fight","damage_taken":0,"max_hp_gain":0,"max_hp_loss":0,"event_name":"Mushrooms","floor":7,"gold_loss":0,"cards_obtained":["Parasite"]}],"is_beta":false,"boss_relics":[],"items_purged_floors":[],"is_endless":false,"potions_floor_spawned":[5,6,12,14],"killed_by":"Hexaghost","ascension_level":1}