{"gold_per_floor":[114,114,114,114,188,188,298,422,472,472,507,521,521,555,555,675,675,675,675,675,675,675,675,675,675,675,675,675,675,675,521,521,521],"floor_reached":33,"playtime":1059,"items_purged":[],"score":271,"play_id":"24f574bc-f853-4551-b958-075675bf8c4d","local_time":"20190513210222","is_ascension_mode":false,"campfire_choices":[{"data":"Dropkick","floor":6,"key":"SMITH"},{"data":"Headbutt","floor":10,"key":"SMITH"},{"data":"Spot Weakness","floor":13,"key":"SMITH"},{"floor":15,"key":"REST"},{"data":"Clothesline","floor":25,"key":"SMITH"},{"floor":27,"key":"REST"},{"data":"Armaments","floor":32,"key":"SMITH"}],"neow_cost":"NONE","seed_source_timestamp":9130469808100,"circlet_count":0,"master_deck":["Strike_R","Strike_R","Strike_R","Strike_R","Strike_R","Defend_R","Defend_R","Defend_R+1","Defend_R+1","Bash+1","Pommel Strike+1","Dropkick+1","Headbutt+1","Spot Weakness+1","Clothesline+1","Combust+1","Flex+1","Thunderclap+1","Armaments+1","Pummel+1"],"relics":["Burning Blood","Golden Idol","SsserpentHead","Bronze Scales","PreservedInsect","Gremlin Horn","Bottled Flame","Ectoplasm","MutagenicStrength","Nilry\u0027s Codex","Ginger","War Paint","Sundial","Happy Flower"],"potions_floor_usage":[13,14,24,24],"damage_taken":[{"damage":1,"enemies":"Jaw Worm","floor":1,"turns":3},{"damage":0,"enemies":"Small Slimes","floor":5,"turns":3},{"damage":40,"enemies":"3 Sentries","floor":8,"turns":7},{"damage":13,"enemies":"Lagavulin","floor":11,"turns":3},{"damage":1,"enemies":"2 Louse","floor":12,"turns":2},{"damage":17,"enemies":"3 Sentries","floor":14,"turns":4},{"damage":37,"enemies":"Hexaghost","floor":16,"turns":7},{"damage":5,"enemies":"Spheric Guardian","floor":18,"turns":3},{"damage":9,"enemies":"Shell Parasite","floor":22,"turns":3},{"damage":13,"enemies":"Cultist and Chosen","floor":23,"turns":3},{"damage":17,"enemies":"Book of Stabbing","floor":24,"turns":4},{"damage":4,"enemies":"Snecko","floor":29,"turns":3},{"damage":15,"enemies":"Snake Plant","floor":30,"turns":3},{"damage":83,"enemies":"Champ","floor":33,"turns":5}],"seed_played":"-1870473623813594547","potions_obtained":[{"floor":8,"key":"FearPotion"},{"floor":12,"key":"Fruit Juice"},{"floor":18,"key":"SpeedPotion"},{"floor":22,"key":"Dexterity Potion"},{"floor":24,"key":"Fire Potion"}],"is_trial":false,"path_per_floor":["M","?","?","?","M","R","?","?","T","R","E","M","R","E","R","B",null,"M","?","?","$","M","M","E","R","T","R","T","M","M","$","R","B"],"character_chosen":"IRONCLAD","items_purchased":["Happy Flower"],"campfire_rested":2,"item_purchase_floors":[31],"current_hp_per_floor":[80,60,60,60,66,66,66,32,32,32,25,30,35,24,49,18,85,85,85,69,69,66,59,48,48,48,73,73,75,66,66,66,0],"gold":521,"neow_bonus":"UPGRADE_CARD","is_prod":false,"is_daily":false,"chose_seed":false,"campfire_upgraded":5,"win_rate":0,"timestamp":1557770542,"path_taken":["M","?","?","?","?","R","?","?","T","R","E","M","R","E","R","BOSS","M","?","?","$","M","M","E","R","T","R","?","M","M","?","R","BOSS"],"build_version":"2019-01-23","purchased_purges":0,"victory":false,"max_hp_per_floor":[80,80,80,80,80,80,80,80,80,80,80,80,85,85,85,85,85,85,85,85,85,85,85,85,85,85,85,85,85,85,85,85,85],"card_choices":[{"not_picked":["Heavy Blade","Wild Strike"],"picked":"Pommel Strike","floor":1},{"not_picked":["Pommel Strike","Combust"],"picked":"Dropkick","floor":5},{"not_picked":["Clothesline","Rupture"],"picked":"Headbutt","floor":8},{"not_picked":["Shockwave","Carnage"],"picked":"Spot Weakness","floor":11},{"not_picked":["Evolve","Disarm"],"picked":"Clothesline","floor":12},{"not_picked":["Flex","Wild Strike","Impervious"],"picked":"SKIP","floor":14},{"not_picked":["Warcry","Spot Weakness+1"],"picked":"Combust+1","floor":18},{"not_picked":["Twin Strike","Anger"],"picked":"Flex+1","floor":22},{"not_picked":["Battle Trance","Clothesline"],"picked":"Thunderclap+1","floor":23},{"not_picked":["Thunderclap","Pommel Strike","Disarm+1"],"picked":"SKIP","floor":24},{"not_picked":["Power Through","Whirlwind"],"picked":"Armaments","floor":29},{"not_picked":["Body Slam","Flex"],"picked":"Pummel+1","floor":30}],"player_experience":314797,"relics_obtained":[{"floor":9,"key":"PreservedInsect"},{"floor":11,"key":"Gremlin Horn"},{"floor":14,"key":"Bottled Flame"},{"floor":20,"key":"Nilry\u0027s Codex"},{"floor":24,"key":"Ginger"},{"floor":26,"key":"War Paint"},{"floor":28,"key":"Sundial"}],"event_choices":[{"damage_healed":0,"gold_gain":0,"player_choice":"Take Damage","damage_taken":20,"relics_obtained":["Golden Idol"],"max_hp_gain":0,"max_hp_loss":0,"event_name":"Golden Idol","floor":2,"gold_loss":0},{"damage_healed":0,"gold_gain":0,"player_choice":"Grow","damage_taken":0,"max_hp_gain":0,"max_hp_loss":0,"event_name":"Living Wall","floor":3,"gold_loss":0,"cards_upgraded":["Pommel Strike"]},{"damage_healed":0,"gold_gain":0,"player_choice":"Trade","damage_taken":0,"relics_obtained":["SsserpentHead"],"max_hp_gain":0,"max_hp_loss":0,"event_name":"FaceTrader","floor":4,"gold_loss":0},{"damage_healed":0,"gold_gain":60,"player_choice":"Gained Gold","damage_taken":0,"max_hp_gain":0,"max_hp_loss":0,"event_name":"Golden Wing","floor":7,"gold_loss":0},{"damage_healed":0,"gold_gain":0,"player_choice":"Searched \u00273\u0027 times","damage_taken":0,"relics_obtained":["Bronze Scales"],"max_hp_gain":0,"max_hp_loss":0,"event_name":"Dead Adventurer","floor":8,"gold_loss":0},{"damage_healed":0,"gold_gain":0,"player_choice":"Inject Mutagens","damage_taken":0,"relics_obtained":["MutagenicStrength"],"max_hp_gain":0,"max_hp_loss":0,"event_name":"Drug Dealer","floor":19,"gold_loss":0},{"damage_healed":0,"gold_gain":0,"player_choice":"Obtained Book","damage_taken":16,"max_hp_gain":0,"max_hp_loss":0,"event_name":"Cursed Tome","floor":20,"gold_loss":0}],"is_beta":false,"boss_relics":[{"not_picked":["Orrery","Cursed Key"],"picked":"Ectoplasm"}],"items_purged_floors":[],"is_endless":false,"potions_floor_spawned":[8,12,18,22,24],"killed_by":"Champ","ascension_level":0}