{"gold_per_floor":[110,110,15,26,40,73,73,73,100,133,144,159,159,179,179,283,283,269,269,269,282,163,197,197,197,222,238,44,44,63,79,79,79],"floor_reached":33,"playtime":1886,"items_purged":["Decay"],"score":388,"play_id":"693ea53b-8c3f-4c41-8244-468a6f2a61c6","local_time":"20190118104849","is_ascension_mode":true,"campfire_choices":[{"data":"Neutralize","floor":7.0,"key":"SMITH"},{"floor":13.0,"key":"REST"},{"data":"Noxious Fumes","floor":15.0,"key":"SMITH"},{"data":"Footwork","floor":24.0,"key":"SMITH"},{"data":"Footwork","floor":29.0,"key":"SMITH"},{"data":"Well Laid Plans","floor":32.0,"key":"SMITH"}],"neow_cost":"NONE","seed_source_timestamp":0,"circlet_count":0,"master_deck":["Defend_G","Defend_G","Defend_G","Defend_G","Defend_G","Strike_G","Strike_G","Strike_G","Survivor","Neutralize+1","Infinite Blades","Flying Knee","Bouncing Flask","Sucker Punch","Well Laid Plans+1","Cloak And Dagger","Poisoned Stab","Escape Plan","Noxious Fumes+1","Die Die Die","Cloak And Dagger","Footwork+1","PiercingWail","Adrenaline","Flechettes","Caltrops","PiercingWail","Cloak And Dagger","Footwork+1","Deflect"],"special_seed":0,"relics":["Ring of the Snake","Art of War","Happy Flower","Bronze Scales","Unceasing Top","Coffee Dripper","Ancient Tea Set","Anchor"],"potions_floor_usage":[33,33],"damage_taken":[{"damage":0.0,"enemies":"Small Slimes","floor":1.0,"turns":4.0},{"damage":1.0,"enemies":"2 Louse","floor":4.0,"turns":3.0},{"damage":1.0,"enemies":"Cultist","floor":5.0,"turns":4.0},{"damage":17.0,"enemies":"Lagavulin","floor":6.0,"turns":7.0},{"damage":25.0,"enemies":"3 Sentries","floor":10.0,"turns":8.0},{"damage":10.0,"enemies":"Lots of Slimes","floor":11.0,"turns":3.0},{"damage":0.0,"enemies":"Blue Slaver","floor":12.0,"turns":3.0},{"damage":0.0,"enemies":"2 Fungi Beasts","floor":14.0,"turns":3.0},{"damage":12.0,"enemies":"Slime Boss","floor":16.0,"turns":8.0},{"damage":17.0,"enemies":"2 Thieves","floor":18.0,"turns":4.0},{"damage":22.0,"enemies":"Spheric Guardian","floor":21.0,"turns":4.0},{"damage":23.0,"enemies":"Slavers","floor":23.0,"turns":6.0},{"damage":12.0,"enemies":"3 Cultists","floor":27.0,"turns":5.0},{"damage":1.0,"enemies":"Snecko","floor":30.0,"turns":5.0},{"damage":0.0,"enemies":"Centurion and Healer","floor":31.0,"turns":7.0},{"damage":12,"enemies":"Automaton","floor":33,"turns":12}],"seed_played":"-1308658365807768432","potions_obtained":[{"floor":1.0,"key":"LiquidBronze"},{"floor":4.0,"key":"LiquidBronze"},{"floor":6.0,"key":"EntropicBrew"},{"floor":12.0,"key":"Block Potion"},{"floor":23.0,"key":"Poison Potion"},{"floor":31.0,"key":"Block Potion"}],"is_trial":false,"path_per_floor":["M","?","$","M","M","E","R","?","T","E","M","M","R","M","R","B",null,"M","?","?","M","$","E","R","?","T","M","$","R","M","M","R","B"],"character_chosen":"THE_SILENT","items_purchased":["Flying Knee","Bouncing Flask","Footwork","PiercingWail","Cloak And Dagger","Footwork"],"campfire_rested":1,"item_purchase_floors":[3,3,22,22,28,28],"current_hp_per_floor":[63,63,63,62,61,44,44,44,44,19,9,9,30,30,30,18,57,40,63,63,41,41,18,18,18,18,6,6,6,5,5,5,0],"gold":79,"neow_bonus":"RANDOM_COMMON_RELIC","is_prod":false,"is_daily":false,"chose_seed":false,"campfire_upgraded":5,"win_rate":0,"timestamp":1547826529,"path_taken":["M","?","$","M","M","E","R","?","T","E","?","?","R","?","R","BOSS","M","?","?","M","$","E","R","?","T","M","$","R","M","M","R","BOSS"],"build_version":"2019-01-17v2","purchased_purges":1,"victory":false,"max_hp_per_floor":[70,70,70,70,70,70,70,70,70,70,70,70,70,70,70,70,70,70,70,70,70,70,70,70,70,70,70,70,70,70,70,70,70],"card_choices":[{"not_picked":["Calculated Gamble","Setup"],"picked":"Infinite Blades","floor":1.0},{"not_picked":["Flechettes","Choke"],"picked":"Sucker Punch","floor":4.0},{"not_picked":["Cloak And Dagger","Dash"],"picked":"Well Laid Plans","floor":5.0},{"not_picked":["Caltrops","Bullet Time"],"picked":"Cloak And Dagger","floor":6.0},{"not_picked":["Underhanded Strike","Tactician"],"picked":"Poisoned Stab","floor":10.0},{"not_picked":["Underhanded Strike","Calculated Gamble"],"picked":"Escape Plan","floor":11.0},{"not_picked":["Eviscerate","Masterful Stab"],"picked":"Noxious Fumes","floor":12.0},{"not_picked":["Quick Slash","Outmaneuver","Acrobatics"],"picked":"SKIP","floor":14.0},{"not_picked":["Tools of the Trade","Bullet Time"],"picked":"Die Die Die","floor":16.0},{"not_picked":["Skewer","Deadly Poison","Slice"],"picked":"SKIP","floor":18.0},{"not_picked":["Prepared","Unload"],"picked":"Cloak And Dagger","floor":21.0},{"not_picked":["Skewer","PiercingWail"],"picked":"Adrenaline","floor":23.0},{"not_picked":["Terror+1","Expertise"],"picked":"PiercingWail","floor":27.0},{"not_picked":["Prepared","Distraction","Blade Dance"],"picked":"SKIP","floor":30.0},{"not_picked":["Sucker Punch","Poisoned Stab+1"],"picked":"Deflect","floor":31.0}],"player_experience":400100,"relics_obtained":[{"floor":6.0,"key":"Happy Flower"},{"floor":9.0,"key":"Bronze Scales"},{"floor":10.0,"key":"Unceasing Top"},{"floor":23.0,"key":"Ancient Tea Set"},{"floor":26.0,"key":"Anchor"}],"event_choices":[{"damage_healed":0.0,"max_hp_gain":0.0,"max_hp_loss":0.0,"gold_gain":0.0,"event_name":"Golden Wing","player_choice":"Ignored","floor":2.0,"gold_loss":0.0,"damage_taken":0.0},{"damage_healed":0.0,"max_hp_gain":0.0,"max_hp_loss":0.0,"gold_gain":0.0,"event_name":"FaceTrader","player_choice":"Leave","floor":8.0,"gold_loss":0.0,"damage_taken":0.0},{"damage_healed":23.0,"max_hp_gain":0.0,"max_hp_loss":0.0,"gold_gain":0.0,"event_name":"The Library","player_choice":"Heal","floor":19.0,"gold_loss":0.0,"damage_taken":0.0},{"damage_healed":0.0,"max_hp_gain":0.0,"max_hp_loss":0.0,"gold_gain":0.0,"event_name":"Forgotten Altar","player_choice":"Smashed Altar","floor":20.0,"gold_loss":0.0,"damage_taken":0.0,"cards_obtained":["Decay"]},{"damage_healed":0.0,"max_hp_gain":0.0,"max_hp_loss":0.0,"gold_gain":0.0,"cards_transformed":["Strike_G","Strike_G"],"event_name":"Drug Dealer","player_choice":"Became Test Subject","floor":25.0,"gold_loss":0.0,"damage_taken":0.0,"cards_obtained":["Flechettes","Caltrops"]}],"is_beta":false,"boss_relics":[{"not_picked":["Cursed Key","WristBlade"],"picked":"Coffee Dripper"}],"items_purged_floors":[28],"is_endless":false,"potions_floor_spawned":[1,4,6,12,16,23,31],"killed_by":"Automaton","ascension_level":8}