{"gold_per_floor":[111,111,36,36,51,51,51,51,76,91,266,166,180,199,199,302,302,315,315,414,426,301,301],"floor_reached":23,"playtime":454,"items_purged":["Defend_R","Doubt","Defend_R"],"score":179,"play_id":"a8b0533c-1031-4565-9797-30b0ba07155f","local_time":"20181210164253","is_ascension_mode":false,"campfire_choices":[{"data":"Bash","floor":6,"key":"SMITH"},{"data":"Clash","floor":8,"key":"SMITH"},{"data":"Strike_R","floor":15,"key":"SMITH"}],"neow_cost":"PERCENT_DAMAGE","seed_source_timestamp":286861588571038,"circlet_count":0,"master_deck":["Strike_R","Strike_R","Strike_R+1","Bash+1","Reaper","Heavy Blade","Clash+1","Shrug It Off"],"relics":["Burning Blood","Anchor"],"potions_floor_usage":[16,23],"damage_taken":[{"damage":0,"enemies":"2 Louse","floor":1,"turns":3},{"damage":6,"enemies":"Jaw Worm","floor":5,"turns":2},{"damage":0,"enemies":"Small Slimes","floor":10,"turns":2},{"damage":4,"enemies":"3 Louse","floor":13,"turns":2},{"damage":0,"enemies":"Looter","floor":14,"turns":2},{"damage":13,"enemies":"Slime Boss","floor":16,"turns":6},{"damage":5,"enemies":"Shell Parasite","floor":18,"turns":3},{"damage":15,"enemies":"2 Thieves","floor":21,"turns":3},{"damage":77,"enemies":"Book of Stabbing","floor":23,"turns":5}],"seed_played":"-8750830251009794374","potions_obtained":[{"floor":5,"key":"Fruit Juice"},{"floor":13,"key":"PowerPotion"}],"is_trial":false,"path_per_floor":["M","?","$","?","M","R","?","R","T","M","?","$","M","M","R","B",null,"M","?","?","M","$","E"],"character_chosen":"IRONCLAD","items_purchased":[],"campfire_rested":0,"item_purchase_floors":[],"current_hp_per_floor":[66,66,66,80,80,80,73,73,73,80,80,80,80,80,80,78,85,85,85,85,76,76,0],"gold":301,"neow_bonus":"TRANSFORM_TWO_CARDS","is_prod":false,"is_daily":false,"chose_seed":false,"campfire_upgraded":3,"win_rate":0,"timestamp":1544478173,"path_taken":["M","?","$","?","M","R","?","R","T","M","?","$","M","M","R","BOSS","M","?","?","M","$","E"],"build_version":"2018-12-06","purchased_purges":3,"victory":false,"max_hp_per_floor":[80,80,80,80,80,80,80,80,80,80,80,80,80,80,80,85,85,85,85,85,85,85,85],"card_choices":[{"not_picked":["Headbutt","Iron Wave"],"picked":"Clash","floor":1},{"not_picked":["Rage","Combust","Metallicize"],"picked":"SKIP","floor":5},{"not_picked":["Sentinel","Hemokinesis","Pummel"],"picked":"SKIP","floor":10},{"not_picked":["Rupture","Sentinel","Entrench"],"picked":"SKIP","floor":13},{"not_picked":["Flex","Twin Strike","Anger"],"picked":"SKIP","floor":14},{"not_picked":["Power Through","Havoc+1","Hemokinesis+1"],"picked":"SKIP","floor":18},{"not_picked":["Second Wind+1","Sever Soul"],"picked":"Shrug It Off","floor":21}],"player_experience":313939,"relics_obtained":[{"floor":9,"key":"Anchor"}],"event_choices":[{"cards_removed":["Defend_R"],"damage_healed":0,"gold_gain":0,"player_choice":"Forget","damage_taken":0,"max_hp_gain":0,"max_hp_loss":0,"event_name":"Living Wall","floor":2,"gold_loss":0},{"damage_healed":26,"gold_gain":0,"player_choice":"Banana","damage_taken":0,"max_hp_gain":0,"max_hp_loss":0,"event_name":"Big Fish","floor":4,"gold_loss":0},{"cards_removed":["Defend_R"],"damage_healed":0,"gold_gain":0,"player_choice":"Card Removal","damage_taken":7,"max_hp_gain":0,"max_hp_loss":0,"event_name":"Golden Wing","floor":7,"gold_loss":0},{"damage_healed":0,"gold_gain":175,"player_choice":"AGREE","damage_taken":0,"max_hp_gain":0,"max_hp_loss":0,"event_name":"Liars Game","floor":11,"gold_loss":0,"cards_obtained":["Doubt"]},{"damage_healed":0,"gold_gain":0,"player_choice":"Ignored","damage_taken":0,"max_hp_gain":0,"max_hp_loss":0,"event_name":"The Mausoleum","floor":19,"gold_loss":0},{"damage_healed":0,"gold_gain":99,"player_choice":"Stole From Cult","damage_taken":0,"max_hp_gain":0,"max_hp_loss":0,"event_name":"Nest","floor":20,"gold_loss":0}],"is_beta":false,"boss_relics":[{"not_picked":["Snecko Eye","Cursed Key","Calling Bell"]}],"items_purged_floors":[3,12,22],"is_endless":false,"potions_floor_spawned":[5,13],"killed_by":"Book of Stabbing","ascension_level":0}