{"gold_per_floor":[13,23,23,40,59,59,92,92,119,134,134,134,146,146,146,146],"floor_reached":16,"playtime":457,"items_purged":[],"score":107,"play_id":"8d728845-bd01-41a8-a8d1-5ce40daead5a","local_time":"20181203042317","is_ascension_mode":true,"campfire_choices":[{"data":"Searing Blow","floor":6,"key":"SMITH"},{"data":"Searing Blow+1","floor":8,"key":"SMITH"},{"floor":12,"key":"REST"},{"data":"Searing Blow+2","floor":15,"key":"SMITH"}],"neow_cost":"NO_GOLD","seed_source_timestamp":291281432771128,"circlet_count":0,"master_deck":["Strike_R","Strike_R","Strike_R","Strike_R","Strike_R","Defend_R","Defend_R","Defend_R","Defend_R","Bash","Searing Blow+3","Intimidate","Cleave","Headbutt","Warcry","Power Through"],"relics":["Burning Blood","WingedGreaves","Omamori","Smiling Mask","Molten Egg 2","Golden Idol"],"potions_floor_usage":[7,16],"damage_taken":[{"damage":10,"enemies":"Cultist","floor":1,"turns":4},{"damage":13,"enemies":"Jaw Worm","floor":2,"turns":3},{"damage":7,"enemies":"2 Louse","floor":4,"turns":2},{"damage":11,"enemies":"Blue Slaver","floor":5,"turns":3},{"damage":49,"enemies":"Lagavulin","floor":7,"turns":7},{"damage":34,"enemies":"Gremlin Gang","floor":10,"turns":4},{"damage":0,"enemies":"3 Louse","floor":13,"turns":3},{"damage":37,"enemies":"Hexaghost","floor":16,"turns":10}],"seed_played":"2325886877700846497","potions_obtained":[{"floor":1,"key":"Regen Potion"},{"floor":5,"key":"Swift Potion"},{"floor":7,"key":"Block Potion"}],"is_trial":false,"path_per_floor":["M","M","?","M","M","R","E","R","T","M","T","R","M","?","R","B"],"character_chosen":"IRONCLAD","items_purchased":[],"campfire_rested":1,"item_purchase_floors":[],"current_hp_per_floor":[76,69,69,68,63,63,35,35,35,7,7,31,37,37,37,0],"gold":146,"neow_bonus":"ONE_RARE_RELIC","is_prod":false,"is_daily":false,"chose_seed":false,"campfire_upgraded":3,"win_rate":0,"timestamp":1543828997,"path_taken":["M","?","?","M","M","R","E","R","T","M","?","R","?","?","R","BOSS"],"build_version":"2018-11-15","purchased_purges":0,"victory":false,"max_hp_per_floor":[80,80,80,80,80,80,80,80,80,80,80,80,80,74,74,74],"card_choices":[{"not_picked":["Inflame","Iron Wave"],"picked":"Searing Blow","floor":1},{"not_picked":["Blood for Blood","Sentinel"],"picked":"Intimidate","floor":2},{"not_picked":["Sword Boomerang","Heavy Blade"],"picked":"Cleave","floor":4},{"not_picked":["Shrug It Off","Warcry"],"picked":"Headbutt","floor":5},{"not_picked":["Sentinel","True Grit"],"picked":"Warcry","floor":7},{"not_picked":["Sword Boomerang","Juggernaut"],"picked":"Power Through","floor":10},{"not_picked":["Wild Strike+1","Clash+1","Flex"],"picked":"SKIP","floor":13}],"player_experience":275896,"relics_obtained":[{"floor":7,"key":"Omamori"},{"floor":9,"key":"Smiling Mask"},{"floor":11,"key":"Molten Egg 2"}],"event_choices":[{"damage_healed":0,"gold_gain":0,"player_choice":"Leave","damage_taken":0,"max_hp_gain":0,"max_hp_loss":0,"event_name":"The Cleric","floor":3,"gold_loss":0},{"damage_healed":0,"gold_gain":0,"player_choice":"Lose Max HP","damage_taken":0,"relics_obtained":["Golden Idol"],"max_hp_gain":0,"max_hp_loss":6,"event_name":"Golden Idol","floor":14,"gold_loss":0}],"is_beta":false,"boss_relics":[],"items_purged_floors":[],"is_endless":false,"potions_floor_spawned":[1,5,7],"killed_by":"Hexaghost","ascension_level":1}