{"gold_per_floor":[112,112,123,123,133,160,160,192,204,236,248,260,174,185,185,284,284,301,110,110,15,25,25,35,52,52,52,0,17,17,17,17,122,122,141,141,158,177,187,187,204,204,204,229,243,257,270,96,96,96],"floor_reached":51,"playtime":11550,"items_purged":["Defend_R","Defend_R","Parasite"],"score":999,"play_id":"3350faaa-96db-40c8-981e-23dc23177841","local_time":"20190122205104","is_ascension_mode":true,"campfire_choices":[{"data":"Searing Blow","floor":7.0,"key":"SMITH"},{"floor":12.0,"key":"REST"},{"floor":15.0,"key":"REST"},{"data":"Searing Blow+2","floor":23.0,"key":"SMITH"},{"data":"Searing Blow+3","floor":27.0,"key":"SMITH"},{"data":"Searing Blow+4","floor":30.0,"key":"SMITH"},{"data":"Searing Blow+5","floor":32.0,"key":"SMITH"},{"data":"Searing Blow+6","floor":40.0,"key":"SMITH"},{"data":"Searing Blow+7","floor":42.0,"key":"SMITH"},{"floor":49.0,"key":"REST"}],"neow_cost":"NONE","seed_source_timestamp":948598290005539,"circlet_count":0,"master_deck":["AscendersBane","Defend_R","Defend_R","Bash+1","Ghostly Armor","Clothesline","Battle Trance","Searing Blow+8","Armaments","Ghostly Armor","Double Tap","Bandage Up","Bandage Up","Shrug It Off+1","Pommel Strike","Anger","Shockwave"],"special_seed":0,"relics":["Burning Blood","Bottled Flame","Bag of Marbles","MawBank","Velvet Choker","Letter Opener","Mark of Pain","Bag of Preparation","Incense Burner"],"potions_floor_usage":[50,50],"damage_taken":[{"damage":1.0,"enemies":"Cultist","floor":1.0,"turns":3.0},{"damage":4.0,"enemies":"Jaw Worm","floor":3.0,"turns":3.0},{"damage":0.0,"enemies":"Small Slimes","floor":5.0,"turns":4.0},{"damage":42.0,"enemies":"Gremlin Nob","floor":6.0,"turns":5.0},{"damage":37.0,"enemies":"3 Sentries","floor":8.0,"turns":11.0},{"damage":4.0,"enemies":"Red Slaver","floor":10.0,"turns":5.0},{"damage":17.0,"enemies":"Exordium Thugs","floor":14.0,"turns":6.0},{"damage":49.0,"enemies":"Slime Boss","floor":16.0,"turns":11.0},{"damage":8.0,"enemies":"Shell Parasite","floor":18.0,"turns":8.0},{"damage":3.0,"enemies":"Chosen","floor":22.0,"turns":4.0},{"damage":8.0,"enemies":"Centurion and Healer","floor":24.0,"turns":5.0},{"damage":15.0,"enemies":"Snecko","floor":25.0,"turns":4.0},{"damage":3.0,"enemies":"Snake Plant","floor":29.0,"turns":2.0},{"damage":84.0,"enemies":"Champ","floor":33.0,"turns":9.0},{"damage":0.0,"enemies":"Orb Walker","floor":35.0,"turns":1.0},{"damage":6.0,"enemies":"3 Shapes","floor":37.0,"turns":2.0},{"damage":11.0,"enemies":"Sphere and 2 Shapes","floor":38.0,"turns":4.0},{"damage":9.0,"enemies":"Writhing Mass","floor":39.0,"turns":7.0},{"damage":31.0,"enemies":"Spire Growth","floor":41.0,"turns":5.0},{"damage":10.0,"enemies":"Nemesis","floor":44.0,"turns":5.0},{"damage":44.0,"enemies":"3 Darklings","floor":45.0,"turns":11.0},{"damage":0.0,"enemies":"Jaw Worm Horde","floor":46.0,"turns":4.0},{"damage":0.0,"enemies":"Writhing Mass","floor":47.0,"turns":1.0},{"damage":60,"enemies":"Awakened One","floor":50,"turns":14}],"seed_played":"995227213920665720","potions_obtained":[{"floor":6.0,"key":"SpeedPotion"},{"floor":8.0,"key":"EssenceOfSteel"},{"floor":10.0,"key":"SpeedPotion"},{"floor":24.0,"key":"SpeedPotion"},{"floor":29.0,"key":"SneckoOil"},{"floor":37.0,"key":"Energy Potion"},{"floor":39.0,"key":"Weak Potion"},{"floor":45.0,"key":"FairyPotion"}],"is_trial":false,"path_per_floor":["M","T","M","?","M","E","R","E","T","M","?","R","$","M","R","B",null,"M","$","?","$","M","R","M","M","T","R","?","M","R","?","R","B",null,"M","?","M","M","M","R","M","R","T","E","M","M","M","$","R","B",null],"character_chosen":"IRONCLAD","items_purchased":["Armaments","Bandage Up","Bandage Up","Energy Potion"],"campfire_rested":3,"item_purchase_floors":[13,19,21,48],"current_hp_per_floor":[77,77,79,79,80,44,44,13,13,15,15,39,39,28,52,9,62,60,60,60,60,71,71,77,71,71,71,71,80,80,80,80,9,62,72,72,72,75,80,80,61,61,61,65,35,49,59,59,77,33],"gold":96,"neow_bonus":"UPGRADE_CARD","is_prod":false,"is_daily":false,"chose_seed":false,"campfire_upgraded":7,"win_rate":0,"timestamp":1548183064,"path_taken":["M","?","M","?","M","E","R","E","T","M","?","R","$","M","R","BOSS","M","$","?","?","?","R","M","M","T","R","?","M","R","?","R","BOSS","M","?","?","M","M","R","M","R","T","E","M","M","M","$","R","BOSS"],"build_version":"2019-01-17v2","purchased_purges":3,"victory":true,"max_hp_per_floor":[80,80,80,80,80,80,80,80,80,80,80,80,80,80,80,80,80,80,80,80,80,80,80,80,80,80,80,80,80,80,80,80,80,80,80,80,80,80,80,80,80,80,80,80,80,80,80,77,77,77],"card_choices":[{"not_picked":["Headbutt","Flex"],"picked":"Ghostly Armor","floor":1.0},{"not_picked":["Fire Breathing","Twin Strike"],"picked":"Clothesline","floor":3.0},{"not_picked":["Wild Strike","Berserk"],"picked":"Searing Blow","floor":5.0},{"not_picked":["Pummel","Heavy Blade","Headbutt"],"picked":"SKIP","floor":6.0},{"not_picked":["Flex","Clothesline","Body Slam"],"picked":"SKIP","floor":8.0},{"not_picked":["Warcry","Rage","Body Slam"],"picked":"SKIP","floor":10.0},{"not_picked":["Havoc","Sever Soul"],"picked":"Ghostly Armor","floor":14.0},{"not_picked":["Feed","Dark Embrace"],"picked":"Double Tap","floor":16.0},{"not_picked":["Metallicize","Pommel Strike","Second Wind"],"picked":"SKIP","floor":18.0},{"not_picked":["Clash","Body Slam+1","Iron Wave"],"picked":"SKIP","floor":22.0},{"not_picked":["Havoc","Intimidate","Iron Wave+1"],"picked":"SKIP","floor":24.0},{"not_picked":["Heavy Blade","Flex"],"picked":"Shrug It Off+1","floor":25.0},{"not_picked":["Power Through","Iron Wave","Evolve"],"picked":"SKIP","floor":29.0},{"not_picked":["Twin Strike+1","Heavy Blade","Corruption"],"picked":"SKIP","floor":35.0},{"not_picked":["Rage","True Grit","Corruption"],"picked":"SKIP","floor":37.0},{"not_picked":["Fire Breathing+1","Sword Boomerang"],"picked":"Shockwave","floor":38.0},{"not_picked":["Metallicize+1","Blood for Blood","Anger"],"picked":"SKIP","floor":39.0},{"not_picked":["Cleave+1","Iron Wave","Rage"],"picked":"SKIP","floor":41.0},{"not_picked":["Anger","Sword Boomerang","Combust"],"picked":"SKIP","floor":44.0},{"not_picked":["Feel No Pain","Flame Barrier+1","Combust"],"picked":"SKIP","floor":45.0},{"not_picked":["Body Slam+1","Sword Boomerang","Perfected Strike"],"picked":"SKIP","floor":46.0},{"not_picked":["Heavy Blade+1","Bloodletting","Clothesline"],"picked":"SKIP","floor":47.0}],"player_experience":349679,"relics_obtained":[{"floor":2.0,"key":"Bottled Flame"},{"floor":6.0,"key":"Bag of Marbles"},{"floor":8.0,"key":"MawBank"},{"floor":26.0,"key":"Letter Opener"},{"floor":43.0,"key":"Bag of Preparation"},{"floor":44.0,"key":"Incense Burner"}],"event_choices":[{"damage_healed":0.0,"max_hp_gain":0.0,"max_hp_loss":0.0,"gold_gain":0.0,"cards_transformed":["Strike_R"],"event_name":"Living Wall","player_choice":"Change","floor":4.0,"gold_loss":0.0,"damage_taken":0.0,"cards_obtained":["Battle Trance"]},{"cards_removed":["Strike_R"],"damage_healed":0.0,"max_hp_gain":0.0,"max_hp_loss":0.0,"gold_gain":0.0,"event_name":"Purifier","player_choice":"Purged","floor":11.0,"gold_loss":0.0,"damage_taken":0.0},{"damage_healed":0.0,"max_hp_gain":0.0,"max_hp_loss":0.0,"gold_gain":0.0,"event_name":"Upgrade Shrine","player_choice":"Upgraded","floor":20.0,"gold_loss":0.0,"damage_taken":0.0,"cards_upgraded":["Searing Blow"]},{"damage_healed":0.0,"max_hp_gain":0.0,"max_hp_loss":0.0,"gold_gain":0.0,"event_name":"Masked Bandits","player_choice":"Paid Fearfully","floor":28.0,"gold_loss":52.0,"damage_taken":0.0},{"damage_healed":0.0,"max_hp_gain":0.0,"max_hp_loss":0.0,"gold_gain":0.0,"cards_transformed":["Strike_R","Strike_R"],"event_name":"Drug Dealer","player_choice":"Became Test Subject","floor":31.0,"gold_loss":0.0,"damage_taken":0.0,"cards_obtained":["Pommel Strike","Anger"]},{"cards_removed":["Strike_R"],"damage_healed":0.0,"max_hp_gain":0.0,"max_hp_loss":0.0,"gold_gain":0.0,"event_name":"Bonfire Elementals","player_choice":"Offered Basic","floor":36.0,"gold_loss":0.0,"damage_taken":0.0}],"is_beta":false,"boss_relics":[{"not_picked":["Runic Dome","Philosopher\u0027s Stone"],"picked":"Velvet Choker"},{"not_picked":["Coffee Dripper","Calling Bell"],"picked":"Mark of Pain"}],"items_purged_floors":[13,19,48],"is_endless":false,"potions_floor_spawned":[6,8,10,24,29,37,39,45],"ascension_level":10}