{"gold_per_floor":[113,133,151,26,26,26,55,55,112,123,73,88,88,88,88,189,189,209,224,241,256,34,34],"floor_reached":23,"playtime":1204,"items_purged":["Strike_R","Strike_R"],"score":232,"play_id":"1b7ed226-e9d9-43e0-b8ad-782ed19ad58d","local_time":"20190505201700","is_ascension_mode":true,"campfire_choices":[{"data":"Corruption","floor":6,"key":"SMITH"},{"data":"Offering","floor":8,"key":"SMITH"},{"floor":15,"key":"REST"}],"neow_cost":"NONE","seed_source_timestamp":1835502477438874,"circlet_count":0,"master_deck":["Strike_R","Strike_R","Strike_R","Defend_R","Defend_R","Defend_R","Defend_R","Bash","Corruption+1","Infernal Blade","Armaments","Offering+1","Spot Weakness","Writhe","Demon Form","True Grit","Pummel","Heavy Blade","Armaments","Shrug It Off"],"relics":["Cursed Key","Vajra","Tiny Chest","Shuriken","Bottled Flame","Runic Cube"],"potions_floor_usage":[7,16,21,23,23,23],"damage_taken":[{"damage":0,"enemies":"2 Louse","floor":1,"turns":2},{"damage":2,"enemies":"Jaw Worm","floor":2,"turns":3},{"damage":5,"enemies":"Small Slimes","floor":3,"turns":4},{"damage":30,"enemies":"3 Sentries","floor":7,"turns":6},{"damage":6,"enemies":"Gremlin Gang","floor":10,"turns":4},{"damage":4,"enemies":"Red Slaver","floor":12,"turns":3},{"damage":39,"enemies":"Slime Boss","floor":16,"turns":9},{"damage":28,"enemies":"2 Thieves","floor":18,"turns":3},{"damage":25,"enemies":"3 Byrds","floor":19,"turns":5},{"damage":6,"enemies":"Snecko","floor":20,"turns":4},{"damage":22,"enemies":"Cultist and Chosen","floor":21,"turns":5},{"damage":6,"enemies":"Book of Stabbing","floor":23,"turns":1}],"seed_played":"-5719758112048504019","potions_obtained":[{"floor":3,"key":"SkillPotion"},{"floor":7,"key":"Swift Potion"},{"floor":19,"key":"Explosive Potion"},{"floor":20,"key":"Strength Potion"},{"floor":21,"key":"Ancient Potion"}],"is_trial":false,"path_per_floor":["M","M","M","$","?","R","E","R","T","M","?","M","?","T","R","B",null,"M","M","M","M","$","E"],"character_chosen":"IRONCLAD","items_purchased":["Armaments","Shrug It Off","Regen Potion"],"campfire_rested":1,"item_purchase_floors":[4,22,22],"current_hp_per_floor":[80,78,73,73,78,78,48,48,48,42,42,38,35,35,60,21,85,57,32,26,4,4,0],"gold":34,"neow_bonus":"BOSS_RELIC","is_prod":false,"is_daily":false,"chose_seed":false,"campfire_upgraded":2,"win_rate":0,"timestamp":1557101820,"path_taken":["M","M","M","$","?","R","E","R","T","M","?","M","?","?","R","BOSS","M","M","M","M","$","E"],"build_version":"2019-01-23","purchased_purges":2,"victory":false,"max_hp_per_floor":[80,80,80,80,85,85,85,85,85,85,85,85,85,85,85,85,85,85,85,85,85,85,85],"card_choices":[{"not_picked":["Body Slam","Power Through","Evolve"],"picked":"SKIP","floor":1},{"not_picked":["Rage","Body Slam"],"picked":"Corruption","floor":2},{"not_picked":["Perfected Strike","Seeing Red"],"picked":"Infernal Blade","floor":3},{"not_picked":["Pommel Strike","Warcry"],"picked":"Offering","floor":7},{"not_picked":["Uppercut","True Grit"],"picked":"Spot Weakness","floor":10},{"not_picked":["Combust","Dropkick","Evolve"],"picked":"SKIP","floor":12},{"not_picked":["Brutality","Bludgeon"],"picked":"Demon Form","floor":16},{"not_picked":["Metallicize","Second Wind"],"picked":"True Grit","floor":18},{"not_picked":["Perfected Strike","Headbutt"],"picked":"Pummel","floor":19},{"not_picked":["Warcry","Power Through"],"picked":"Heavy Blade","floor":20},{"not_picked":["Wild Strike","Clash"],"picked":"Armaments","floor":21}],"player_experience":174836,"relics_obtained":[{"floor":7,"key":"Vajra"},{"floor":9,"key":"Tiny Chest"},{"floor":14,"key":"Bottled Flame"}],"event_choices":[{"damage_healed":0,"gold_gain":0,"player_choice":"Donut","damage_taken":0,"max_hp_gain":5,"max_hp_loss":0,"event_name":"Big Fish","floor":5,"gold_loss":0},{"cards_removed":["Clumsy"],"damage_healed":0,"gold_gain":0,"player_choice":"Card Removal","damage_taken":0,"max_hp_gain":0,"max_hp_loss":0,"event_name":"The Cleric","floor":11,"gold_loss":50},{"damage_healed":0,"gold_gain":0,"player_choice":"Success","damage_taken":3,"relics_obtained":["Shuriken"],"max_hp_gain":0,"max_hp_loss":0,"event_name":"Scrap Ooze","floor":13,"gold_loss":0}],"is_beta":false,"boss_relics":[{"not_picked":["Philosopher\u0027s Stone","Runic Dome"],"picked":"Runic Cube"}],"items_purged_floors":[4,22],"is_endless":false,"potions_floor_spawned":[3,7,19,20,21],"killed_by":"Book of Stabbing","ascension_level":4}