{"gold_per_floor":[118,135,55,55,55,86,86,119,144,144,156,172,185,197,197,302,302,314,70,80,80,0,0,26,26,52,52,71,98,98,128,128,226,226,238,252,268,268,268,268,284,318,394,405,433,30,64,78,78,78],"floor_reached":51,"playtime":2485,"items_purged":["Strike_R"],"score":922,"play_id":"ae31a6a8-3917-45f7-b9ac-d3125df9b8e1","local_time":"20190502220814","is_ascension_mode":true,"campfire_choices":[{"data":"Feel No Pain","floor":7,"key":"SMITH"},{"data":"Burning Pact","floor":10,"key":"SMITH"},{"data":"Spot Weakness","floor":15,"key":"SMITH"},{"data":"Immolate","floor":23,"key":"SMITH"},{"data":"Shockwave","floor":30,"key":"SMITH"},{"floor":32,"key":"REST"},{"data":"Feel No Pain","floor":40,"key":"SMITH"},{"data":"Inflame","floor":49,"key":"SMITH"}],"neow_cost":"NONE","seed_source_timestamp":516105953691809,"circlet_count":0,"master_deck":["Strike_R","Strike_R","Strike_R","Defend_R+1","Defend_R","Defend_R","Defend_R+1","Bash+1","Feel No Pain+1","Burning Pact+1","Warcry","Twin Strike","Headbutt","Spot Weakness+1","Shockwave+1","Immolate+1","Metallicize+1","Feel No Pain+1","Flame Barrier+1","Necronomicurse","Impervious+1","Barricade","True Grit+1","True Grit+1","Shrug It Off+1","Spot Weakness+1","Havoc+1","Fiend Fire","Inflame+1","Evolve+1"],"relics":["Burning Blood","Oddly Smooth Stone","Potion Belt","Orichalcum","Snecko Eye","Toxic Egg 2","Unceasing Top","Necronomicon","Bottled Tornado","Anchor","Orrery","Blood Vial","Kunai","Bag of Preparation","Mummified Hand","Bird Faced Urn"],"potions_floor_usage":[5,6,29,44,45],"damage_taken":[{"damage":1,"enemies":"Jaw Worm","floor":1,"turns":3},{"damage":2,"enemies":"Cultist","floor":2,"turns":5},{"damage":46,"enemies":"Lagavulin","floor":6,"turns":9},{"damage":6,"enemies":"3 Sentries","floor":8,"turns":11},{"damage":2,"enemies":"Small Slimes","floor":11,"turns":4},{"damage":0,"enemies":"Exordium Wildlife","floor":12,"turns":3},{"damage":3,"enemies":"2 Fungi Beasts","floor":13,"turns":5},{"damage":2,"enemies":"Looter","floor":14,"turns":4},{"damage":20,"enemies":"Hexaghost","floor":16,"turns":8},{"damage":0,"enemies":"Chosen","floor":18,"turns":2},{"damage":4,"enemies":"2 Thieves","floor":20,"turns":3},{"damage":23,"enemies":"Book of Stabbing","floor":24,"turns":5},{"damage":7,"enemies":"Centurion and Healer","floor":28,"turns":4},{"damage":13,"enemies":"Slavers","floor":29,"turns":3},{"damage":29,"enemies":"Book of Stabbing","floor":31,"turns":4},{"damage":10,"enemies":"Automaton","floor":33,"turns":10},{"damage":0,"enemies":"3 Darklings","floor":35,"turns":5},{"damage":0,"enemies":"Orb Walker","floor":36,"turns":4},{"damage":9,"enemies":"Maw","floor":37,"turns":8},{"damage":15,"enemies":"Sphere and 2 Shapes","floor":41,"turns":5},{"damage":0,"enemies":"Nemesis","floor":42,"turns":9},{"damage":0,"enemies":"Transient","floor":44,"turns":5},{"damage":0,"enemies":"Giant Head","floor":45,"turns":10},{"damage":0,"enemies":"Reptomancer","floor":47,"turns":4},{"damage":4,"enemies":"4 Shapes","floor":48,"turns":4},{"damage":19,"enemies":"Awakened One","floor":50,"turns":12}],"seed_played":"6931959895443238284","potions_obtained":[{"floor":2,"key":"EssenceOfSteel"},{"floor":5,"key":"Fruit Juice"},{"floor":5,"key":"Explosive Potion"},{"floor":5,"key":"Poison Potion"},{"floor":6,"key":"EssenceOfSteel"},{"floor":14,"key":"Fire Potion"},{"floor":16,"key":"Fire Potion"},{"floor":29,"key":"Dexterity Potion"},{"floor":45,"key":"Block Potion"},{"floor":47,"key":"Poison Potion"}],"is_trial":false,"path_per_floor":["M","M","$","?","?","E","R","E","T","R","M","M","M","M","R","B",null,"M","$","M","?","$","R","E","?","T","?","M","E","R","E","R","B",null,"M","M","M","?","?","R","M","E","T","M","E","$","E","M","R","B",null],"character_chosen":"IRONCLAD","items_purchased":["Burning Pact","Toxic Egg 2","Feel No Pain","Mummified Hand","Inflame"],"campfire_rested":1,"item_purchase_floors":[3,19,22,46,46],"current_hp_per_floor":[80,80,80,64,69,29,29,29,29,29,33,39,42,46,46,32,85,85,85,85,85,85,85,68,52,52,52,51,44,44,21,46,42,85,85,85,82,82,85,85,76,82,82,85,85,85,85,85,85,76],"gold":78,"neow_bonus":"UPGRADE_CARD","is_prod":false,"is_daily":false,"chose_seed":false,"campfire_upgraded":7,"win_rate":0,"timestamp":1556849294,"path_taken":["M","M","$","?","?","E","R","E","T","R","M","M","?","M","R","BOSS","M","$","M","?","$","R","E","?","T","?","M","E","R","E","R","BOSS","M","M","M","?","?","R","M","E","T","M","E","$","E","?","R","BOSS"],"build_version":"2019-01-23","purchased_purges":1,"victory":true,"max_hp_per_floor":[80,80,80,80,85,85,85,85,85,85,85,85,85,85,85,85,85,85,85,85,85,85,85,85,85,85,85,85,85,85,85,85,85,85,85,85,85,85,85,85,85,85,85,85,85,85,85,85,85,85],"card_choices":[{"not_picked":["Flex","Twin Strike"],"picked":"Feel No Pain","floor":1},{"not_picked":["Sever Soul","Entrench"],"picked":"Sentinel","floor":2},{"not_picked":["Searing Blow","Iron Wave"],"picked":"Warcry","floor":6},{"not_picked":["Wild Strike","Bloodletting","Blood for Blood"],"picked":"SKIP","floor":8},{"not_picked":["Wild Strike","Bloodletting","Blood for Blood"],"picked":"SKIP","floor":8},{"not_picked":["Reckless Charge","Sword Boomerang"],"picked":"Twin Strike","floor":11},{"not_picked":["Cleave","Fire Breathing"],"picked":"Headbutt","floor":12},{"not_picked":["Havoc","Ghostly Armor"],"picked":"Spot Weakness","floor":13},{"not_picked":["Perfected Strike","Feel No Pain"],"picked":"Shockwave","floor":14},{"not_picked":["Reaper","Exhume"],"picked":"Immolate","floor":16},{"not_picked":["Twin Strike+1","Second Wind"],"picked":"Metallicize+1","floor":18},{"not_picked":["Seeing Red+1","Thunderclap","Dual Wield+1"],"picked":"SKIP","floor":20},{"not_picked":["Carnage+1","Sword Boomerang"],"picked":"Flame Barrier+1","floor":24},{"not_picked":["Headbutt","Clash","Sword Boomerang"],"picked":"SKIP","floor":28},{"not_picked":["Hemokinesis+1","Searing Blow","Clash"],"picked":"SKIP","floor":29},{"not_picked":["Perfected Strike","Warcry+1"],"picked":"Impervious+1","floor":31},{"not_picked":["Immolate","Berserk"],"picked":"Barricade","floor":33},{"not_picked":["Carnage","Uppercut+1"],"picked":"True Grit+1","floor":34},{"not_picked":["Rage+1","Clash"],"picked":"True Grit+1","floor":34},{"not_picked":["Pommel Strike+1","Iron Wave+1","Wild Strike"],"picked":"SKIP","floor":35},{"not_picked":["Pommel Strike+1","Iron Wave+1","Wild Strike"],"picked":"SKIP","floor":35},{"not_picked":["Second Wind+1","Reckless Charge"],"picked":"Shrug It Off+1","floor":36},{"not_picked":["Clothesline+1","Havoc+1","Flex+1"],"picked":"SKIP","floor":37},{"not_picked":["Second Wind+1","Bloodletting+1","Flex+1"],"picked":"SKIP","floor":41},{"not_picked":["Fiend Fire","Pommel Strike"],"picked":"Spot Weakness+1","floor":42},{"not_picked":["Thunderclap+1","Pommel Strike+1"],"picked":"Havoc+1","floor":44},{"not_picked":["Clothesline","Carnage+1"],"picked":"Fiend Fire","floor":45},{"not_picked":["Twin Strike","Sword Boomerang+1","Dual Wield+1"],"picked":"SKIP","floor":47},{"not_picked":["Headbutt+1","Ghostly Armor+1"],"picked":"Evolve+1","floor":48}],"player_experience":593326,"relics_obtained":[{"floor":6,"key":"Oddly Smooth Stone"},{"floor":8,"key":"Potion Belt"},{"floor":9,"key":"Orichalcum"},{"floor":24,"key":"Unceasing Top"},{"floor":25,"key":"Necronomicon"},{"floor":29,"key":"Bottled Tornado"},{"floor":31,"key":"Anchor"},{"floor":42,"key":"Blood Vial"},{"floor":43,"key":"Kunai"},{"floor":45,"key":"Bag of Preparation"},{"floor":47,"key":"Bird Faced Urn"}],"event_choices":[{"damage_healed":0,"gold_gain":0,"player_choice":"Entered Light","damage_taken":16,"max_hp_gain":0,"max_hp_loss":0,"event_name":"Shining Light","floor":4,"gold_loss":0,"cards_upgraded":["Defend_R","Defend_R"]},{"damage_healed":0,"gold_gain":0,"player_choice":"Got Potions","damage_taken":0,"max_hp_gain":0,"max_hp_loss":0,"event_name":"Lab","floor":5,"gold_loss":0},{"damage_healed":0,"gold_gain":0,"player_choice":"Ignored","damage_taken":0,"max_hp_gain":0,"max_hp_loss":0,"event_name":"Ghosts","floor":21,"gold_loss":0},{"damage_healed":0,"gold_gain":0,"player_choice":"Obtained Book","damage_taken":16,"max_hp_gain":0,"max_hp_loss":0,"event_name":"Cursed Tome","floor":25,"gold_loss":0},{"damage_healed":0,"gold_gain":0,"player_choice":"Ignored","damage_taken":0,"max_hp_gain":0,"max_hp_loss":0,"event_name":"Beggar","floor":27,"gold_loss":0},{"cards_removed":["Strike_R"],"damage_healed":0,"gold_gain":0,"player_choice":"Removed Attack","damage_taken":0,"max_hp_gain":0,"max_hp_loss":0,"event_name":"Falling","floor":38,"gold_loss":0},{"cards_removed":["Sentinel"],"damage_healed":3,"gold_gain":0,"player_choice":"Offered Uncommon","damage_taken":0,"max_hp_gain":0,"max_hp_loss":0,"event_name":"Bonfire Elementals","floor":39,"gold_loss":0}],"is_beta":false,"boss_relics":[{"not_picked":["Busted Crown","Coffee Dripper"],"picked":"Snecko Eye"},{"not_picked":["Mark of Pain","Black Star"],"picked":"Orrery"}],"items_purged_floors":[46],"is_endless":false,"potions_floor_spawned":[2,6,14,16,24,29,31,33,35,42,45,47],"ascension_level":1}