{"gold_per_floor":[113,113,188,75,75,105,119,135,215,215,246,246,257,270,270,368,368,384,209,244,257,257,257,257,257],"floor_reached":25,"playtime":1560,"items_purged":["Strike_R","Strike_R"],"score":388,"play_id":"0644bc95-7707-4e4d-9a18-871193a4f152","local_time":"20190124220426","is_ascension_mode":true,"campfire_choices":[{"data":"Rampage","floor":12.0,"key":"SMITH"},{"floor":15.0,"key":"REST"},{"floor":23,"key":"REST"}],"neow_cost":"NONE","seed_source_timestamp":1136618580962543,"circlet_count":0,"master_deck":["AscendersBane","Strike_R","Strike_R","Strike_R","Defend_R","Defend_R","Defend_R","Defend_R","Bash+1","Cleave","Inflame","Battle Trance","Rampage+1","Decay","Shrug It Off","Clothesline","Fiend Fire","Spot Weakness+1","Shockwave","Headbutt"],"special_seed":0,"relics":["Black Blood","NeowsBlessing","Strawberry","Gremlin Horn","Red Mask"],"potions_floor_usage":[20],"damage_taken":[{"damage":0.0,"enemies":"Small Slimes","floor":1.0,"turns":1.0},{"damage":0.0,"enemies":"Gremlin Nob","floor":6.0,"turns":1.0},{"damage":0.0,"enemies":"Jaw Worm","floor":7.0,"turns":1.0},{"damage":1.0,"enemies":"Cultist","floor":8.0,"turns":3.0},{"damage":25.0,"enemies":"Lagavulin","floor":11.0,"turns":5.0},{"damage":9.0,"enemies":"Looter","floor":13.0,"turns":3.0},{"damage":10.0,"enemies":"Exordium Thugs","floor":14.0,"turns":4.0},{"damage":59.0,"enemies":"Slime Boss","floor":16.0,"turns":12.0},{"damage":33,"enemies":"2 Thieves","floor":18,"turns":5},{"damage":45,"enemies":"Masked Bandits","floor":20,"turns":4},{"damage":6,"enemies":"Chosen","floor":21,"turns":4},{"damage":19,"enemies":"Colosseum Slavers","floor":24,"turns":5},{"damage":64,"enemies":"Book of Stabbing","floor":25,"turns":6}],"seed_played":"-6429465941868232345","potions_obtained":[{"floor":1.0,"key":"Fruit Juice"},{"floor":6.0,"key":"Block Potion"},{"floor":14.0,"key":"SpeedPotion"},{"floor":16.0,"key":"Fire Potion"},{"floor":18,"key":"FairyPotion"}],"is_trial":false,"path_per_floor":["M","?","?","$","?","E","M","M","T","?","E","R","M","M","R","B",null,"M","$","?","M","?","R","?","E"],"character_chosen":"IRONCLAD","items_purchased":["Inflame","Shockwave"],"campfire_rested":2,"item_purchase_floors":[4,19],"current_hp_per_floor":[78,83,72,72,72,85,91,97,97,97,78,78,75,71,97,44,84,61,61,26,30,30,59,50,0],"gold":257,"neow_bonus":"THREE_ENEMY_KILL","is_prod":false,"is_daily":false,"chose_seed":false,"campfire_upgraded":1,"win_rate":0,"timestamp":1548360266,"path_taken":["M","?","?","$","?","E","M","?","T","?","E","R","M","M","R","BOSS","M","$","?","M","?","R","?","E"],"build_version":"2019-01-23","purchased_purges":2,"victory":false,"max_hp_per_floor":[80,85,85,85,85,92,92,97,97,97,97,97,97,97,97,97,97,97,97,97,97,97,97,97,97],"card_choices":[{"not_picked":["Burning Pact","Twin Strike"],"picked":"Cleave","floor":1.0},{"not_picked":["Twin Strike","True Grit"],"picked":"Battle Trance","floor":6.0},{"not_picked":["Sever Soul","Clash","Perfected Strike"],"picked":"SKIP","floor":7.0},{"not_picked":["Shrug It Off","Havoc"],"picked":"Rampage","floor":8.0},{"not_picked":["Burning Pact","Searing Blow"],"picked":"Shrug It Off","floor":11.0},{"not_picked":["Clash","Feel No Pain"],"picked":"Clothesline","floor":13.0},{"not_picked":["Anger","Uppercut","Reaper"],"picked":"SKIP","floor":14.0},{"not_picked":["Juggernaut","Bludgeon"],"picked":"Fiend Fire","floor":16.0},{"not_picked":["Heavy Blade","Uppercut"],"picked":"Spot Weakness+1","floor":18},{"not_picked":["Clash","Fire Breathing"],"picked":"Headbutt","floor":21}],"player_experience":373372,"relics_obtained":[{"floor":6.0,"key":"Strawberry"},{"floor":11.0,"key":"Gremlin Horn"},{"floor":20,"key":"Red Mask"}],"event_choices":[{"damage_healed":0.0,"max_hp_gain":5.0,"max_hp_loss":0.0,"gold_gain":0.0,"event_name":"Big Fish","player_choice":"Donut","floor":2.0,"gold_loss":0.0,"damage_taken":0.0},{"damage_healed":0.0,"max_hp_gain":0.0,"max_hp_loss":0.0,"gold_gain":75.0,"event_name":"World of Goop","player_choice":"Gather Gold","floor":3.0,"gold_loss":0.0,"damage_taken":11.0},{"damage_healed":0.0,"max_hp_gain":0.0,"max_hp_loss":0.0,"gold_gain":0.0,"event_name":"Upgrade Shrine","player_choice":"Upgraded","floor":5.0,"gold_loss":0.0,"damage_taken":0.0,"cards_upgraded":["Bash"]},{"damage_healed":0.0,"max_hp_gain":0.0,"max_hp_loss":0.0,"gold_gain":0.0,"event_name":"Wheel of Change","player_choice":"Cursed","floor":10.0,"gold_loss":0.0,"damage_taken":0.0,"cards_obtained":["Decay"]},{"damage_healed":0,"gold_gain":0,"player_choice":"Fought Bandits","damage_taken":0,"max_hp_gain":0,"max_hp_loss":0,"event_name":"Masked Bandits","floor":20,"gold_loss":0},{"damage_healed":0,"gold_gain":0,"player_choice":"Ignored","damage_taken":0,"max_hp_gain":0,"max_hp_loss":0,"event_name":"Ghosts","floor":22,"gold_loss":0},{"damage_healed":0,"gold_gain":0,"player_choice":"Fight","damage_taken":0,"max_hp_gain":0,"max_hp_loss":0,"event_name":"Colosseum","floor":24,"gold_loss":0},{"damage_healed":0,"gold_gain":0,"player_choice":"Fled From Nobs","damage_taken":0,"max_hp_gain":0,"max_hp_loss":0,"event_name":"Colosseum","floor":24,"gold_loss":0}],"is_beta":false,"boss_relics":[{"not_picked":["Tiny House","Calling Bell"],"picked":"Black Blood"}],"items_purged_floors":[4,19],"is_endless":false,"potions_floor_spawned":[1,6,14,16,18,24],"killed_by":"Book of Stabbing","ascension_level":11}