{"gold_per_floor":[15,15,15,35,50,50,88,88,164,195,195,231,246,246,246,372,372,387,91,16,32,51,51,51,76,76,96,96,0,0,24,24,153,153,174,507,527,539,539,539,539,574,574,574,619,619],"floor_reached":46,"playtime":4781,"items_purged":["Strike_R"],"score":565,"play_id":"d06d1d3c-0916-4539-949d-9638e9fe88f3","local_time":"20190105220308","is_ascension_mode":true,"campfire_choices":[{"data":"Demon Form","floor":6,"key":"SMITH"},{"floor":8,"key":"REST"},{"floor":11,"key":"REST"},{"floor":15,"key":"RECALL"},{"floor":23,"key":"REST"},{"floor":28,"key":"REST"},{"data":"Heavy Blade","floor":32,"key":"SMITH"},{"floor":40,"key":"REST"},{"floor":44,"key":"REST"}],"neow_cost":"NO_GOLD","seed_source_timestamp":271419741874595,"circlet_count":0,"master_deck":["Strike_R","Strike_R","Strike_R","Strike_R","Defend_R","Defend_R","Defend_R","Defend_R","Bash","Demon Form+1","Heavy Blade+1","Shrug It Off","Inflame","Berserk","Metallicize","Cleave","Ghostly Armor","Shockwave+1","J.A.X.","Demon Form","Infernal Blade+1","Rage+1","Infernal Blade+1","Iron Wave+1"],"relics":["Burning Blood","Juzu Bracelet","Mummified Hand","Regal Pillow","PreservedInsect","Velvet Choker","Pen Nib","Sozu","Bag of Marbles","Dream Catcher","Magic Flower"],"potions_floor_usage":[7,13,16,27,31,33],"damage_taken":[{"damage":12,"enemies":"Small Slimes","floor":1,"turns":3},{"damage":11,"enemies":"Jaw Worm","floor":4,"turns":4},{"damage":1,"enemies":"2 Louse","floor":5,"turns":3},{"damage":31,"enemies":"Gremlin Nob","floor":7,"turns":5},{"damage":17,"enemies":"3 Sentries","floor":10,"turns":6},{"damage":30,"enemies":"Lagavulin","floor":12,"turns":8},{"damage":6,"enemies":"Looter","floor":13,"turns":3},{"damage":12,"enemies":"Slime Boss","floor":16,"turns":8},{"damage":35,"enemies":"3 Byrds","floor":18,"turns":5},{"damage":31,"enemies":"2 Thieves","floor":21,"turns":4},{"damage":24,"enemies":"Cultist and Chosen","floor":22,"turns":5},{"damage":15,"enemies":"Centurion and Healer","floor":25,"turns":4},{"damage":19,"enemies":"Shelled Parasite and Fungi","floor":27,"turns":7},{"damage":6,"enemies":"3 Cultists","floor":31,"turns":4},{"damage":33,"enemies":"Champ","floor":33,"turns":7},{"damage":22,"enemies":"Orb Walker","floor":35,"turns":5},{"damage":16,"enemies":"3 Darklings","floor":37,"turns":4},{"damage":32,"enemies":"Spire Growth","floor":38,"turns":3},{"damage":53,"enemies":"Nemesis","floor":42,"turns":5},{"damage":55,"enemies":"2 Orb Walkers","floor":45,"turns":5},{"damage":33,"enemies":"Transient","floor":46,"turns":2}],"seed_played":"-1998510036350885846","potions_obtained":[{"floor":4,"key":"Regen Potion"},{"floor":12,"key":"Block Potion"},{"floor":13,"key":"Swift Potion"},{"floor":18,"key":"Weak Potion"},{"floor":22,"key":"GamblersBrew"},{"floor":27,"key":"SkillPotion"}],"is_trial":false,"path_per_floor":["M","?","$","M","M","R","E","R","T","E","R","E","M","?","R","B",null,"M","$","?","M","M","R","$","M","T","M","R","?","?","M","R","B",null,"M","?","M","M","?","R","?","E","T","R","?","M"],"character_chosen":"IRONCLAD","items_purchased":["Metallicize","Pen Nib"],"campfire_rested":6,"item_purchase_floors":[19,19],"current_hp_per_floor":[74,54,54,49,54,54,43,67,67,56,80,56,56,61,61,55,85,56,56,56,31,13,53,53,44,44,31,71,71,71,71,71,44,85,69,69,59,33,33,73,73,26,26,66,17,0],"gold":619,"neow_bonus":"THREE_RARE_CARDS","is_prod":false,"is_daily":false,"chose_seed":false,"campfire_upgraded":2,"win_rate":0,"timestamp":1546718588,"path_taken":["M","?","$","M","M","R","E","R","T","E","R","E","M","?","R","BOSS","M","$","?","M","M","R","$","M","T","M","R","?","?","M","R","BOSS","M","?","M","M","?","R","?","E","T","R","?","M"],"build_version":"2019-01-03v4","purchased_purges":1,"victory":false,"max_hp_per_floor":[80,80,80,80,80,80,80,80,80,80,80,80,80,85,85,85,85,85,85,85,85,85,85,85,85,85,85,85,85,85,85,85,85,85,85,85,85,85,85,85,85,85,85,85,85,85],"card_choices":[{"not_picked":["Juggernaut","Fiend Fire"],"picked":"Demon Form","floor":0},{"not_picked":["Warcry","Headbutt"],"picked":"Heavy Blade","floor":1},{"not_picked":["Body Slam","Headbutt"],"picked":"Flex","floor":4},{"not_picked":["Feed","True Grit"],"picked":"Shrug It Off","floor":5},{"not_picked":["Power Through","Iron Wave","Sword Boomerang"],"picked":"SKIP","floor":7},{"not_picked":["Flex","Hemokinesis","Searing Blow"],"picked":"SKIP","floor":10},{"not_picked":["Disarm","Cleave"],"picked":"Inflame","floor":12},{"not_picked":["Clothesline","Iron Wave","Warcry"],"picked":"SKIP","floor":13},{"not_picked":["Juggernaut","Offering"],"picked":"Berserk","floor":16},{"not_picked":["Twin Strike","Seeing Red","Flex"],"picked":"SKIP","floor":18},{"not_picked":["Entrench","Feel No Pain"],"picked":"Cleave","floor":21},{"not_picked":["Bloodletting+1","Reckless Charge"],"picked":"Ghostly Armor","floor":22},{"not_picked":["Sever Soul+1","Combust","Blood for Blood"],"picked":"SKIP","floor":25},{"not_picked":["Clothesline+1","Spot Weakness"],"picked":"Shockwave+1","floor":27},{"not_picked":["Iron Wave","True Grit+1"],"picked":"Fiend Fire","floor":31},{"not_picked":["Juggernaut","Dark Embrace"],"picked":"Demon Form","floor":33},{"not_picked":["Body Slam+1","Pommel Strike"],"picked":"Infernal Blade+1","floor":35},{"not_picked":["Pommel Strike","True Grit+1","Perfected Strike+1"],"picked":"SKIP","floor":37},{"not_picked":["Pommel Strike+1","Armaments"],"picked":"Rage+1","floor":38},{"not_picked":["Entrench","Wild Strike","Immolate"],"picked":"SKIP","floor":42},{"not_picked":["Iron Wave","Headbutt"],"picked":"Infernal Blade+1","floor":44},{"not_picked":["Clothesline","Evolve"],"picked":"Iron Wave+1","floor":45}],"player_experience":80977,"relics_obtained":[{"floor":7,"key":"Juzu Bracelet"},{"floor":9,"key":"Mummified Hand"},{"floor":10,"key":"Regal Pillow"},{"floor":12,"key":"PreservedInsect"},{"floor":42,"key":"Bag of Marbles"},{"floor":43,"key":"Dream Catcher"},{"floor":45,"key":"Magic Flower"}],"event_choices":[{"damage_healed":0,"gold_gain":0,"player_choice":"Take Damage","damage_taken":20,"relics_obtained":["Golden Idol"],"max_hp_gain":0,"max_hp_loss":0,"event_name":"Golden Idol","floor":2,"gold_loss":0},{"damage_healed":0,"gold_gain":0,"player_choice":"Donut","damage_taken":0,"max_hp_gain":5,"max_hp_loss":0,"event_name":"Big Fish","floor":14,"gold_loss":0},{"cards_removed":["Flex"],"damage_healed":0,"gold_gain":0,"player_choice":"Gave Gold","damage_taken":0,"max_hp_gain":0,"max_hp_loss":0,"event_name":"Beggar","floor":20,"gold_loss":75},{"damage_healed":0,"gold_gain":0,"player_choice":"Paid Fearfully","damage_taken":0,"max_hp_gain":0,"max_hp_loss":0,"event_name":"Masked Bandits","floor":29,"gold_loss":96},{"damage_healed":0,"gold_gain":0,"player_choice":"Obtain J.A.X.","damage_taken":0,"max_hp_gain":0,"max_hp_loss":0,"event_name":"Drug Dealer","floor":30,"gold_loss":0,"cards_obtained":["J.A.X."]},{"damage_healed":0,"gold_gain":333,"player_choice":"Gave Idol","damage_taken":0,"max_hp_gain":0,"max_hp_loss":0,"event_name":"The Moai Head","floor":36,"relics_lost":["Golden Idol"],"gold_loss":0},{"damage_healed":0,"gold_gain":0,"player_choice":"Ignored","damage_taken":0,"max_hp_gain":0,"max_hp_loss":0,"event_name":"Tomb of Lord Red Mask","floor":39,"gold_loss":0},{"cards_removed":["Fiend Fire"],"damage_healed":0,"gold_gain":0,"player_choice":"Removed Attack","damage_taken":0,"max_hp_gain":0,"max_hp_loss":0,"event_name":"Falling","floor":41,"gold_loss":0},{"damage_healed":0,"gold_gain":0,"player_choice":"Fight","damage_taken":0,"max_hp_gain":0,"max_hp_loss":0,"event_name":"Mysterious Sphere","floor":45,"gold_loss":0}],"is_beta":false,"boss_relics":[{"not_picked":["Snecko Eye","Runic Dome"],"picked":"Velvet Choker"},{"not_picked":["Lizard Tail","Busted Crown"],"picked":"Sozu"}],"items_purged_floors":[19],"is_endless":false,"potions_floor_spawned":[4,12,13,18,22,27,35,42,45],"killed_by":"Transient","ascension_level":2}