{"gold_per_floor":[113,113,113,288,238,238,265,265,265,276,295,313,341,361,361,463,463,477,495,495,151,151,183,183,183,229,229,229,229,260,13,13,108,108,123,123,37,56,10,10,10,10,33,133,133,150,150,175,175,175,175,175,19,44,44],"floor_reached":55,"playtime":2717,"items_purged":["Blizzard"],"score":861,"play_id":"449f36ee-81e8-4765-97ce-6f390d5f3e15","local_time":"20190421163103","is_ascension_mode":true,"campfire_choices":[{"data":"Dualcast","floor":6.0,"key":"SMITH"},{"data":"Zap","floor":8.0,"key":"SMITH"},{"data":"FTL","floor":15.0,"key":"SMITH"},{"data":"Go for the Eyes","floor":25.0,"key":"SMITH"},{"data":"Defragment","floor":27.0,"key":"SMITH"},{"data":"Auto Shields","floor":29.0,"key":"SMITH"},{"data":"Beam Cell","floor":32.0,"key":"SMITH"},{"data":"Scrape","floor":40.0,"key":"SMITH"},{"floor":45.0,"key":"RECALL"},{"data":"Steam","floor":47.0,"key":"SMITH"},{"data":"Capacitor","floor":49.0,"key":"SMITH"},{"data":"Streamline","floor":52.0,"key":"SMITH"}],"neow_cost":"NONE","seed_source_timestamp":497356984623,"circlet_count":0,"master_deck":["Zap+1","Dualcast+1","Beam Cell","Defragment+1","Capacitor+1","Ball Lightning","Rainbow","Beam Cell+1","Steam+1","Leap+1","Auto Shields+1","FTL+1","Gash+1","All For One+1","Creative AI+1","Beam Cell+1","Ball Lightning+1","Go for the Eyes+1","FTL+1","RitualDagger","White Noise+1","Madness+1","Fission+1","Streamline+1","Force Field+1","Electrodynamics","BootSequence+1","Gash+1","Metamorphosis+1","Scrape+1","Go for the Eyes+1","Finesse+1","Madness+1","Madness+1","Turbo+1","White Noise+1","Seek+1","Sadistic Nature","Chill+1","Steam+1"],"special_seed":0,"relics":["Cracked Core","Centennial Puzzle","Art of War","Prayer Wheel","Pen Nib","Astrolabe","Happy Flower","Toolbox","Ancient Tea Set","Toxic Egg 2","Anchor","Unceasing Top","War Paint","Membership Card","Pandora\u0027s Box","Gambling Chip","Blood Vial","Whetstone"],"potions_floor_usage":[],"damage_taken":[{"damage":0.0,"enemies":"Small Slimes","floor":1.0,"turns":2.0},{"damage":6.0,"enemies":"Gremlin Nob","floor":7.0,"turns":3.0},{"damage":0.0,"enemies":"Jaw Worm","floor":10.0,"turns":2.0},{"damage":2.0,"enemies":"2 Louse","floor":11.0,"turns":2.0},{"damage":9.0,"enemies":"2 Fungi Beasts","floor":12.0,"turns":2.0},{"damage":3.0,"enemies":"Lagavulin","floor":13.0,"turns":3.0},{"damage":0.0,"enemies":"3 Louse","floor":14.0,"turns":2.0},{"damage":11.0,"enemies":"Slime Boss","floor":16.0,"turns":9.0},{"damage":0.0,"enemies":"Chosen","floor":18.0,"turns":3.0},{"damage":15.0,"enemies":"Spheric Guardian","floor":19.0,"turns":4.0},{"damage":0.0,"enemies":"Book of Stabbing","floor":23.0,"turns":3.0},{"damage":17.0,"enemies":"Slavers","floor":30.0,"turns":4.0},{"damage":9.0,"enemies":"Champ","floor":33.0,"turns":8.0},{"damage":13.0,"enemies":"3 Darklings","floor":35.0,"turns":3.0},{"damage":0.0,"enemies":"Orb Walker","floor":38.0,"turns":3.0},{"damage":0.0,"enemies":"Mind Bloom Boss Battle","floor":44.0,"turns":4.0},{"damage":0.0,"enemies":"Maw","floor":46.0,"turns":4.0},{"damage":13.0,"enemies":"Giant Head","floor":48.0,"turns":4.0},{"damage":18.0,"enemies":"Donu and Deca","floor":50.0,"turns":5.0},{"damage":0.0,"enemies":"Shield and Spear","floor":54.0,"turns":3.0},{"damage":81,"enemies":"The Heart","floor":55,"turns":5}],"seed_played":"2192054872786283085","potions_obtained":[{"floor":1.0,"key":"SkillPotion"},{"floor":11.0,"key":"Weak Potion"},{"floor":13.0,"key":"SteroidPotion"},{"floor":16.0,"key":"Block Potion"},{"floor":19.0,"key":"AttackPotion"},{"floor":33.0,"key":"EssenceOfSteel"},{"floor":35.0,"key":"Swift Potion"},{"floor":44.0,"key":"EssenceOfSteel"},{"floor":46.0,"key":"Poison Potion"}],"is_trial":false,"path_per_floor":["M","?","?","?","?","R","E","R","T","M","M","M","E","M","R","B",null,"M","M","?","$","?","E","?","R","T","R","T","R","E","$","R","B",null,"M","?","$","M","$","R","?","?","T","?","R","M","R","E","R","B",null,"R","$","E","B"],"character_chosen":"DEFECT","items_purchased":["Happy Flower","Toolbox","Membership Card","Madness+1","Metamorphosis+1","Finesse+1","Sadistic Nature","Chill+1"],"campfire_rested":0,"item_purchase_floors":[21,21,31,31,37,39,53,53],"current_hp_per_floor":[75,60,65,65,65,65,59,59,59,59,57,48,45,45,45,34,80,80,65,59,59,59,59,59,59,59,59,59,59,42,42,42,33,80,67,67,67,67,67,67,57,57,57,57,57,57,57,44,44,28,80,80,80,80,0],"gold":44,"neow_bonus":"RANDOM_COMMON_RELIC","is_prod":false,"is_daily":false,"chose_seed":false,"campfire_upgraded":11,"win_rate":0,"timestamp":1555831863,"path_taken":["M","?","?","?","?","R","E","R","T","M","M","M","E","M","R","BOSS","M","M","?","$","?","E","?","R","T","R","?","R","E","$","R","BOSS","M","?","$","M","$","R","?","?","T","?","R","M","R","E","R","BOSS","R","$","E","BOSS"],"build_version":"2019-01-23","purchased_purges":1,"victory":false,"max_hp_per_floor":[75,75,80,80,80,80,80,80,80,80,80,80,80,80,80,80,80,80,80,80,80,80,80,80,80,80,80,80,80,80,80,80,80,80,80,80,80,80,80,80,80,80,80,80,80,80,80,80,80,80,80,80,80,80,80],"card_choices":[{"not_picked":["Capacitor","Stack"],"picked":"Beam Cell","floor":1.0},{"not_picked":["Aggregate","Consume"],"picked":"Defragment","floor":7.0},{"not_picked":["Doom and Gloom","Rebound"],"picked":"Capacitor","floor":10.0},{"not_picked":["Gash","Compile Driver"],"picked":"Ball Lightning","floor":10.0},{"not_picked":["Ball Lightning","Sweeping Beam"],"picked":"Rainbow","floor":11.0},{"not_picked":["Gash","Rebound"],"picked":"Beam Cell","floor":11.0},{"not_picked":["Genetic Algorithm","Compile Driver"],"picked":"Steam","floor":12.0},{"not_picked":["Compile Driver","Ball Lightning"],"picked":"Leap","floor":12.0},{"not_picked":["Ball Lightning","Redo"],"picked":"Auto Shields","floor":13.0},{"not_picked":["Compile Driver","Creative AI"],"picked":"FTL","floor":14.0},{"not_picked":["Barrage","Rip and Tear"],"picked":"Gash","floor":14.0},{"not_picked":["Rainbow","Seek"],"picked":"All For One","floor":16.0},{"not_picked":["Go for the Eyes","Chill"],"picked":"Ball Lightning+1","floor":18.0},{"not_picked":["Skim","Rebound","Stack"],"picked":"SKIP","floor":18.0},{"not_picked":["Hologram","Compile Driver"],"picked":"Go for the Eyes","floor":19.0},{"not_picked":["Barrage","Rebound"],"picked":"FTL+1","floor":19.0},{"not_picked":["Thunder Strike","Electrodynamics","Consume"],"picked":"SKIP","floor":23.0},{"not_picked":["Chaos+1","Blizzard"],"picked":"White Noise+1","floor":30.0},{"not_picked":["Core Surge","Rainbow+1"],"picked":"Fission+1","floor":33.0},{"not_picked":["Hologram+1","Coolheaded+1"],"picked":"Gash+1","floor":35.0},{"not_picked":["Darkness+1","Hologram+1","Skim+1"],"picked":"SKIP","floor":35.0},{"not_picked":["Barrage+1","Reprogram+1"],"picked":"Scrape","floor":38.0},{"not_picked":["Beam Cell","Conserve Battery+1"],"picked":"Go for the Eyes+1","floor":38.0},{"not_picked":["Double Energy+1","Hologram+1"],"picked":"Turbo+1","floor":44.0},{"not_picked":["Static Discharge","Chill+1"],"picked":"White Noise+1","floor":46.0},{"not_picked":["Sunder","Capacitor+1","Beam Cell+1"],"picked":"SKIP","floor":46.0},{"not_picked":["Sweeping Beam","Static Discharge"],"picked":"Seek+1","floor":48.0},{"not_picked":["Creative AI","Storm+1"],"picked":"Steam+1","floor":54.0}],"player_experience":327068,"relics_obtained":[{"floor":7.0,"key":"Art of War"},{"floor":9.0,"key":"Prayer Wheel"},{"floor":13.0,"key":"Pen Nib"},{"floor":23.0,"key":"Ancient Tea Set"},{"floor":26.0,"key":"Anchor"},{"floor":28.0,"key":"Unceasing Top"},{"floor":30.0,"key":"War Paint"},{"floor":44.0,"key":"Gambling Chip"},{"floor":48.0,"key":"Blood Vial"},{"floor":54.0,"key":"Whetstone"}],"event_choices":[{"damage_healed":0.0,"max_hp_gain":0.0,"max_hp_loss":0.0,"gold_gain":0.0,"event_name":"Shining Light","player_choice":"Entered Light","floor":2.0,"gold_loss":0.0,"damage_taken":15.0,"cards_upgraded":["Defend_B","Strike_B"]},{"damage_healed":0.0,"max_hp_gain":5.0,"max_hp_loss":0.0,"gold_gain":0.0,"event_name":"Big Fish","player_choice":"Donut","floor":3.0,"gold_loss":0.0,"damage_taken":0.0},{"damage_healed":0.0,"max_hp_gain":0.0,"max_hp_loss":0.0,"gold_gain":175.0,"event_name":"Liars Game","player_choice":"AGREE","floor":4.0,"gold_loss":0.0,"damage_taken":0.0,"cards_obtained":["Doubt"]},{"cards_removed":["Doubt"],"damage_healed":0.0,"max_hp_gain":0.0,"max_hp_loss":0.0,"gold_gain":0.0,"event_name":"The Cleric","player_choice":"Card Removal","floor":5.0,"gold_loss":50.0,"damage_taken":0.0},{"damage_healed":0.0,"max_hp_gain":0.0,"max_hp_loss":0.0,"gold_gain":0.0,"event_name":"Nest","player_choice":"Joined the Cult","floor":20.0,"gold_loss":0.0,"damage_taken":6.0,"cards_obtained":["RitualDagger"]},{"damage_healed":0.0,"max_hp_gain":0.0,"max_hp_loss":0.0,"gold_gain":0.0,"event_name":"Vampires","player_choice":"Ignored","floor":22.0,"gold_loss":0.0,"damage_taken":0.0},{"damage_healed":0.0,"max_hp_gain":0.0,"max_hp_loss":0.0,"gold_gain":0.0,"event_name":"The Mausoleum","player_choice":"Opened","floor":24.0,"gold_loss":0.0,"damage_taken":0.0,"relics_obtained":["Toxic Egg 2"]},{"damage_healed":0.0,"max_hp_gain":0.0,"max_hp_loss":0.0,"gold_gain":0.0,"event_name":"Tomb of Lord Red Mask","player_choice":"Ignored","floor":36.0,"gold_loss":0.0,"damage_taken":0.0},{"damage_healed":0.0,"max_hp_gain":0.0,"max_hp_loss":0.0,"gold_gain":0.0,"event_name":"Winding Halls","player_choice":"Embrace Madness","floor":41.0,"gold_loss":0.0,"damage_taken":10.0,"cards_obtained":["Madness","Madness"]},{"cards_removed":["Aggregate"],"damage_healed":0.0,"max_hp_gain":0.0,"max_hp_loss":0.0,"gold_gain":0.0,"event_name":"Falling","player_choice":"Removed Skill","floor":42.0,"gold_loss":0.0,"damage_taken":0.0},{"damage_healed":0.0,"max_hp_gain":0.0,"max_hp_loss":0.0,"gold_gain":0.0,"event_name":"MindBloom","player_choice":"Fight","floor":44.0,"gold_loss":0.0,"damage_taken":0.0}],"is_beta":false,"boss_relics":[{"not_picked":["Nuclear Battery","Fusion Hammer"],"picked":"Astrolabe"},{"not_picked":["Snecko Eye","Lizard Tail"],"picked":"Pandora\u0027s Box"}],"items_purged_floors":[53],"is_endless":false,"potions_floor_spawned":[1,11,13,16,19,33,35,44,46],"killed_by":"The Heart","ascension_level":2}