{"gold_per_floor":[111,32,207,207,157,157,177,217,217,217,236,275,296,296,296,425,425,440,440,440,208,228,228,244,244,244,244,257,257,278,309,309,309],"floor_reached":33,"playtime":1018,"items_purged":["Writhe"],"score":273,"play_id":"b42e814e-1259-4731-8df6-3161902317af","local_time":"20190420110322","is_ascension_mode":false,"campfire_choices":[{"data":"Dualcast","floor":6,"key":"SMITH"},{"data":"Zap","floor":10,"key":"SMITH"},{"data":"Redo","floor":15,"key":"SMITH"},{"data":"Defragment","floor":23,"key":"SMITH"},{"data":"Multi-Cast","floor":25,"key":"SMITH"},{"data":"Amplify","floor":27,"key":"SMITH"},{"data":"FTL","floor":29,"key":"SMITH"},{"data":"Coolheaded","floor":32,"key":"SMITH"}],"neow_cost":"NONE","seed_source_timestamp":303663544011874,"circlet_count":0,"master_deck":["Strike_B","Defend_B","Defend_B","Defend_B","Defend_B","Zap+1","Dualcast+1","Machine Learning","Cold Snap","Storm","Cold Snap","Amplify+1","Defragment+1","Redo+1","Multi-Cast+1","FTL+1","Conserve Battery","Heatsinks","Buffer","Sunder","Hyperbeam","Storm","Chaos+1","Storm+1","Coolheaded+1"],"relics":["Cracked Core","Golden Idol","Smiling Mask","Incense Burner","WingedGreaves","Orrery","Bronze Scales","Orichalcum","Centennial Puzzle"],"potions_floor_usage":[12,16,31,33,33],"damage_taken":[{"damage":0,"enemies":"Small Slimes","floor":1,"turns":3},{"damage":4,"enemies":"Jaw Worm","floor":7,"turns":3},{"damage":2,"enemies":"Gremlin Nob","floor":8,"turns":5},{"damage":7,"enemies":"2 Louse","floor":11,"turns":3},{"damage":12,"enemies":"3 Sentries","floor":12,"turns":6},{"damage":11,"enemies":"Exordium Thugs","floor":13,"turns":5},{"damage":22,"enemies":"Hexaghost","floor":16,"turns":8},{"damage":10,"enemies":"Chosen","floor":18,"turns":3},{"damage":6,"enemies":"Shell Parasite","floor":22,"turns":3},{"damage":12,"enemies":"Centurion and Healer","floor":24,"turns":9},{"damage":1,"enemies":"Snecko","floor":28,"turns":4},{"damage":31,"enemies":"Shelled Parasite and Fungi","floor":30,"turns":4},{"damage":10,"enemies":"Book of Stabbing","floor":31,"turns":4},{"damage":20,"enemies":"Collector","floor":33,"turns":2}],"seed_played":"-7907779302266784419","potions_obtained":[{"floor":8,"key":"Regen Potion"},{"floor":12,"key":"GamblersBrew"},{"floor":13,"key":"LiquidBronze"},{"floor":16,"key":"FocusPotion"},{"floor":18,"key":"GamblersBrew"}],"is_trial":false,"path_per_floor":["M","$","?","?","?","R","M","E","T","R","M","E","M","?","R","B",null,"M","?","?","$","M","R","M","R","T","R","M","R","M","E","R","B"],"character_chosen":"DEFECT","items_purchased":["Storm","Storm","Orichalcum"],"campfire_rested":0,"item_purchase_floors":[2,21,21],"current_hp_per_floor":[75,75,75,57,57,57,53,51,51,51,44,47,36,36,36,14,75,65,65,65,65,59,59,47,47,47,47,46,46,15,5,5,0],"gold":309,"neow_bonus":"ONE_RANDOM_RARE_CARD","is_prod":false,"is_daily":false,"chose_seed":false,"campfire_upgraded":8,"win_rate":0,"timestamp":1555725802,"path_taken":["M","$","?","?","?","R","?","E","T","R","M","E","M","?","R","BOSS","M","?","?","?","M","R","?","R","T","R","M","R","M","E","R","BOSS"],"build_version":"2019-01-23","purchased_purges":1,"victory":false,"max_hp_per_floor":[75,75,75,75,75,75,75,75,75,75,75,75,75,75,75,75,75,75,75,75,75,75,75,75,75,75,75,75,75,75,75,75,75],"card_choices":[{"not_picked":["Stack","Hologram"],"picked":"Cold Snap","floor":1},{"not_picked":["Conserve Battery","Coolheaded"],"picked":"Cold Snap","floor":7},{"not_picked":["Gash","Reinforced Body"],"picked":"Amplify","floor":8},{"not_picked":["Leap","Stack"],"picked":"Defragment","floor":11},{"not_picked":["Gash","Rip and Tear","Double Energy"],"picked":"SKIP","floor":12},{"not_picked":["Stack","Rebound"],"picked":"Redo","floor":13},{"not_picked":["Meteor Strike","Biased Cognition"],"picked":"Multi-Cast","floor":16},{"not_picked":["Rip and Tear","Leap"],"picked":"FTL","floor":17},{"not_picked":["Compile Driver","Sweeping Beam"],"picked":"Conserve Battery","floor":17},{"not_picked":["Streamline","Turbo"],"picked":"Heatsinks","floor":17},{"not_picked":["Beam Cell+1","Barrage"],"picked":"Buffer","floor":18},{"not_picked":["Cold Snap+1","Scrape"],"picked":"Chaos+1","floor":22},{"not_picked":["Stack+1","Steam Power"],"picked":"Storm+1","floor":24},{"not_picked":["Fusion","Redo+1","Stack"],"picked":"SKIP","floor":28},{"not_picked":["Go for the Eyes","Conserve Battery","Compile Driver"],"picked":"SKIP","floor":30},{"not_picked":["Barrage","Redo"],"picked":"Coolheaded","floor":31}],"player_experience":309386,"relics_obtained":[{"floor":8,"key":"Smiling Mask"},{"floor":9,"key":"Incense Burner"},{"floor":12,"key":"WingedGreaves"},{"floor":31,"key":"Centennial Puzzle"}],"event_choices":[{"damage_healed":0,"gold_gain":175,"player_choice":"AGREE","damage_taken":0,"max_hp_gain":0,"max_hp_loss":0,"event_name":"Liars Game","floor":3,"gold_loss":0,"cards_obtained":["Doubt"]},{"damage_healed":0,"gold_gain":0,"player_choice":"Take Damage","damage_taken":18,"relics_obtained":["Golden Idol"],"max_hp_gain":0,"max_hp_loss":0,"event_name":"Golden Idol","floor":4,"gold_loss":0},{"cards_removed":["Doubt"],"damage_healed":0,"gold_gain":0,"player_choice":"Card Removal","damage_taken":0,"max_hp_gain":0,"max_hp_loss":0,"event_name":"The Cleric","floor":5,"gold_loss":50},{"cards_removed":["Strike_B"],"damage_healed":0,"gold_gain":0,"player_choice":"Purged","damage_taken":0,"max_hp_gain":0,"max_hp_loss":0,"event_name":"Purifier","floor":14,"gold_loss":0},{"damage_healed":0,"gold_gain":0,"player_choice":"Opened","damage_taken":0,"relics_obtained":["Bronze Scales"],"max_hp_gain":0,"max_hp_loss":0,"event_name":"The Mausoleum","floor":19,"gold_loss":0,"cards_obtained":["Writhe"]},{"damage_healed":0,"gold_gain":0,"cards_transformed":["Strike_B","Strike_B"],"player_choice":"Became Test Subject","damage_taken":0,"max_hp_gain":0,"max_hp_loss":0,"event_name":"Drug Dealer","floor":20,"gold_loss":0,"cards_obtained":["Sunder","Hyperbeam"]}],"is_beta":false,"boss_relics":[{"not_picked":["Inserter","Snecko Eye"],"picked":"Orrery"}],"items_purged_floors":[21],"is_endless":false,"potions_floor_spawned":[8,12,13,16,18,22],"killed_by":"Collector","ascension_level":0}