{"gold_per_floor":[111,124,139,150,150,150,169,196,196,229,229,241,272,282,282,383,383,403,403,423,423,17,17,52,67,67,96,96,113,143,6,6,101,101,111,7,7,7,7,1006,1006,1006,1076,1095,1113,1113,26,44,44,44,44,44,44,71,71],"floor_reached":55,"playtime":7170,"items_purged":["Strike_R","Defend_R","Normality"],"score":842,"play_id":"ef6c548d-210b-4cdb-9342-3a0f544cd881","local_time":"20190106023828","is_ascension_mode":true,"campfire_choices":[{"data":"Shockwave","floor":6,"key":"SMITH"},{"floor":11,"key":"REST"},{"data":"Rampage","floor":15,"key":"SMITH"},{"floor":23,"key":"REST"},{"floor":28,"key":"REST"},{"floor":32,"key":"REST"},{"floor":41,"key":"RECALL"},{"floor":46,"key":"REST"},{"floor":49,"key":"REST"},{"floor":52,"key":"REST"}],"neow_cost":"NONE","seed_source_timestamp":285551578755544,"circlet_count":0,"master_deck":["Strike_R","Strike_R","Defend_R","Defend_R","Bash","Iron Wave","Shockwave+1","True Grit","Metallicize","Rampage+1","Inflame","Battle Trance","Flex","Ghostly Armor","Rampage","Demon Form+1","Shrug It Off","Pommel Strike","Uppercut","Heavy Blade+1","Twin Strike+1","Cleave+1","Battle Trance+1","Dropkick","Reaper","Pain","Regret","Clumsy","Uppercut+1","Pummel","Shrug It Off","Dramatic Entrance","Good Instincts","Normality","Cleave+1","Flame Barrier","Shockwave","Ghostly Armor","Thinking Ahead","Purity","Immolate","Pummel+1"],"relics":["Burning Blood","Ancient Tea Set","Matryoshka","Gremlin Horn","Bottled Flame","Fusion Hammer","Bottled Tornado","Ornamental Fan","Juzu Bracelet","Du-Vu Doll","Whetstone","Calling Bell","Oddly Smooth Stone","Meat on the Bone","WingedGreaves","Pantograph","Question Card","Dream Catcher","Toolbox","Paper Frog"],"potions_floor_usage":[8,10,24,25,25,30,33,44,45,45,48,50,55],"damage_taken":[{"damage":26,"enemies":"Small Slimes","floor":1,"turns":7},{"damage":4,"enemies":"2 Louse","floor":2,"turns":2},{"damage":2,"enemies":"Cultist","floor":3,"turns":4},{"damage":12,"enemies":"Exordium Wildlife","floor":4,"turns":5},{"damage":8,"enemies":"2 Fungi Beasts","floor":7,"turns":4},{"damage":11,"enemies":"Lagavulin","floor":8,"turns":7},{"damage":8,"enemies":"Gremlin Nob","floor":10,"turns":5},{"damage":0,"enemies":"3 Louse","floor":12,"turns":3},{"damage":25,"enemies":"3 Sentries","floor":13,"turns":7},{"damage":8,"enemies":"Lots of Slimes","floor":14,"turns":3},{"damage":24,"enemies":"Slime Boss","floor":16,"turns":8},{"damage":19,"enemies":"Shell Parasite","floor":18,"turns":5},{"damage":5,"enemies":"3 Byrds","floor":20,"turns":6},{"damage":7,"enemies":"Book of Stabbing","floor":24,"turns":5},{"damage":18,"enemies":"Centurion and Healer","floor":25,"turns":5},{"damage":31,"enemies":"Gremlin Leader","floor":27,"turns":7},{"damage":23,"enemies":"Shelled Parasite and Fungi","floor":29,"turns":5},{"damage":31,"enemies":"Slavers","floor":30,"turns":5},{"damage":14,"enemies":"Collector","floor":33,"turns":6},{"damage":10,"enemies":"3 Shapes","floor":35,"turns":3},{"damage":3,"enemies":"Orb Walker","floor":44,"turns":3},{"damage":35,"enemies":"Transient","floor":45,"turns":5},{"damage":64,"enemies":"Writhing Mass","floor":48,"turns":5},{"damage":76,"enemies":"Awakened One","floor":50,"turns":8},{"damage":81,"enemies":"Shield and Spear","floor":54,"turns":6},{"damage":70,"enemies":"The Heart","floor":55,"turns":3}],"seed_played":"3993395905539640025","potions_obtained":[{"floor":2,"key":"Poison Potion"},{"floor":8,"key":"SkillPotion"},{"floor":10,"key":"BloodPotion"},{"floor":12,"key":"BloodPotion"},{"floor":16,"key":"GamblersBrew"},{"floor":18,"key":"Energy Potion"},{"floor":21,"key":"Fruit Juice"},{"floor":21,"key":"Regen Potion"},{"floor":25,"key":"FearPotion"},{"floor":27,"key":"Swift Potion"},{"floor":29,"key":"Ancient Potion"},{"floor":33,"key":"Block Potion"},{"floor":35,"key":"Weak Potion"},{"floor":48,"key":"Strength Potion"},{"floor":54,"key":"SkillPotion"}],"is_trial":false,"path_per_floor":["M","M","M","M","?","R","M","E","T","E","R","M","E","M","R","B",null,"M","?","M","?","$","R","E","M","T","E","R","M","E","$","R","B",null,"M","$","?","$","?","?","R","?","T","M","M","R","$","M","R","B",null,"R","$","E","B"],"character_chosen":"IRONCLAD","items_purchased":["Uppercut","Bottled Tornado","Dropkick","Pummel","Shrug It Off","Shockwave","Ghostly Armor","Thinking Ahead","Purity","Immolate","Dream Catcher","Toolbox","Swift Potion"],"campfire_rested":7,"item_purchase_floors":[22,22,31,36,36,47,47,47,47,47,47,47,47],"current_hp_per_floor":[60,62,66,60,53,53,51,46,46,44,68,74,55,53,53,35,80,67,52,53,53,53,78,82,84,84,59,86,69,44,44,71,63,90,90,90,80,80,80,80,80,80,80,83,54,81,81,35,62,29,90,90,90,27,0],"gold":71,"neow_bonus":"REMOVE_CARD","is_prod":false,"is_daily":false,"chose_seed":false,"campfire_upgraded":2,"win_rate":0,"timestamp":1546735108,"path_taken":["M","M","M","M","?","R","M","E","T","E","R","M","E","M","R","BOSS","M","?","M","?","$","R","E","M","T","E","R","M","E","$","R","BOSS","M","$","?","$","?","?","R","?","T","M","M","R","$","M","R","BOSS","R","$","E","BOSS"],"build_version":"2019-01-03v4","purchased_purges":3,"victory":false,"max_hp_per_floor":[80,80,80,80,80,80,80,80,80,80,80,80,80,80,80,80,80,80,85,85,85,85,85,90,90,90,90,90,90,90,90,90,90,90,90,90,90,90,90,90,90,90,90,90,90,90,90,90,90,90,90,90,90,90,90],"card_choices":[{"not_picked":["Dropkick","Body Slam"],"picked":"Iron Wave","floor":1},{"not_picked":["Clothesline","Perfected Strike"],"picked":"Shockwave","floor":2},{"not_picked":["Body Slam","Anger"],"picked":"True Grit","floor":3},{"not_picked":["Armaments","Headbutt"],"picked":"Metallicize","floor":4},{"not_picked":["Evolve","Clash"],"picked":"Rampage","floor":7},{"not_picked":["Searing Blow","Cleave"],"picked":"Inflame","floor":8},{"not_picked":["Rupture","Fire Breathing"],"picked":"Battle Trance","floor":10},{"not_picked":["Combust","Intimidate"],"picked":"Flex","floor":12},{"not_picked":["Thunderclap","Fiend Fire"],"picked":"Ghostly Armor","floor":13},{"not_picked":["Feel No Pain","Corruption"],"picked":"Rampage","floor":14},{"not_picked":["Fiend Fire","Limit Break"],"picked":"Demon Form","floor":16},{"not_picked":["Clash","Armaments"],"picked":"Shrug It Off","floor":18},{"not_picked":["Perfected Strike","Warcry"],"picked":"Pommel Strike","floor":20},{"not_picked":["Fiend Fire","Dual Wield"],"picked":"Heavy Blade","floor":24},{"not_picked":["Metallicize","Body Slam","Flex"],"picked":"SKIP","floor":25},{"not_picked":["Shrug It Off","Feel No Pain"],"picked":"Twin Strike","floor":27},{"not_picked":["Sever Soul+1","Combust"],"picked":"Cleave+1","floor":29},{"not_picked":["Dropkick","Hemokinesis"],"picked":"Battle Trance+1","floor":30},{"not_picked":["Brutality","Offering"],"picked":"Reaper","floor":33},{"not_picked":["Body Slam+1","Fire Breathing+1"],"picked":"Uppercut+1","floor":35},{"not_picked":["PanicButton","Swift Strike"],"picked":"Dramatic Entrance","floor":37},{"not_picked":["Mind Blast","Flash of Steel"],"picked":"Good Instincts","floor":37},{"not_picked":["Twin Strike+1","Iron Wave+1","Flex"],"picked":"Cleave+1","floor":44},{"not_picked":["Carnage+1","Feel No Pain","Cleave+1"],"picked":"Flame Barrier","floor":45},{"not_picked":["Dropkick","Cleave+1","Body Slam","True Grit+1"],"picked":"SKIP","floor":48},{"not_picked":["Thunderclap","Twin Strike","Offering"],"picked":"Pummel+1","floor":49},{"not_picked":["Fire Breathing","Clothesline+1","Offering","Flex"],"picked":"SKIP","floor":54}],"player_experience":85758,"relics_obtained":[{"floor":8,"key":"Ancient Tea Set"},{"floor":9,"key":"Matryoshka"},{"floor":10,"key":"Gremlin Horn"},{"floor":13,"key":"Bottled Flame"},{"floor":24,"key":"Ornamental Fan"},{"floor":26,"key":"Juzu Bracelet"},{"floor":27,"key":"Du-Vu Doll"},{"floor":30,"key":"Whetstone"},{"floor":34,"key":"Oddly Smooth Stone"},{"floor":34,"key":"Meat on the Bone"},{"floor":34,"key":"WingedGreaves"},{"floor":43,"key":"Pantograph"},{"floor":43,"key":"Question Card"},{"floor":54,"key":"Paper Frog"}],"event_choices":[{"cards_removed":["Defend_R"],"damage_healed":0,"gold_gain":0,"player_choice":"Card Removal","damage_taken":7,"max_hp_gain":0,"max_hp_loss":0,"event_name":"Golden Wing","floor":5,"gold_loss":0},{"damage_healed":0,"gold_gain":0,"player_choice":"Shed Blood","damage_taken":20,"max_hp_gain":5,"max_hp_loss":0,"event_name":"Forgotten Altar","floor":19,"gold_loss":0},{"damage_healed":0,"gold_gain":0,"player_choice":"Got Potions","damage_taken":0,"max_hp_gain":0,"max_hp_loss":0,"event_name":"Lab","floor":21,"gold_loss":0},{"damage_healed":0,"gold_gain":0,"player_choice":"Memory 3","damage_taken":10,"max_hp_gain":0,"max_hp_loss":0,"event_name":"SensoryStone","floor":37,"gold_loss":0},{"cards_removed":["Strike_R"],"damage_healed":0,"gold_gain":0,"player_choice":"Removed Attack","damage_taken":0,"max_hp_gain":0,"max_hp_loss":0,"event_name":"Falling","floor":39,"gold_loss":0},{"damage_healed":0,"gold_gain":999,"player_choice":"Gold","damage_taken":0,"max_hp_gain":0,"max_hp_loss":0,"event_name":"MindBloom","floor":40,"gold_loss":0,"cards_obtained":["Normality","Normality"]},{"damage_healed":0,"gold_gain":0,"player_choice":"Upgraded","damage_taken":0,"max_hp_gain":0,"max_hp_loss":0,"event_name":"Upgrade Shrine","floor":42,"gold_loss":0,"cards_upgraded":["Demon Form"]}],"is_beta":false,"boss_relics":[{"not_picked":["Black Blood","Coffee Dripper"],"picked":"Fusion Hammer"},{"not_picked":["Black Star","Runic Cube"],"picked":"Calling Bell"}],"items_purged_floors":[22,31,47],"is_endless":false,"potions_floor_spawned":[2,8,10,12,16,18,25,27,29,33,35,48,54],"killed_by":"The Heart","ascension_level":2}