{"gold_per_floor":[12,12,42,55,20,20,35,61,84,102,102,102],"floor_reached":12,"playtime":454,"items_purged":[],"score":148,"play_id":"740872c7-353b-46ce-8dde-56a198e21a10","local_time":"20190305093052","is_ascension_mode":true,"campfire_choices":[{"data":"Pommel Strike","floor":6,"key":"SMITH"},{"data":"Armaments","floor":11,"key":"SMITH"}],"neow_cost":"NO_GOLD","seed_source_timestamp":241429989375452,"circlet_count":0,"master_deck":["AscendersBane","Strike_R","Strike_R","Strike_R","Strike_R","Strike_R","Defend_R","Defend_R","Defend_R","Defend_R","Bash+1","Demon Form","Shrug It Off","Pommel Strike+1","Inflame","Armaments+1"],"relics":["Burning Blood","Tiny Chest","Blue Candle","Centennial Puzzle"],"potions_floor_usage":[8],"damage_taken":[{"damage":9,"enemies":"2 Louse","floor":1,"turns":5},{"damage":4,"enemies":"Small Slimes","floor":4,"turns":5},{"damage":9,"enemies":"Jaw Worm","floor":7,"turns":4},{"damage":57,"enemies":"3 Sentries","floor":8,"turns":12},{"damage":8,"enemies":"2 Fungi Beasts","floor":10,"turns":3},{"damage":27,"enemies":"Large Slime","floor":12,"turns":5}],"seed_played":"-5207879979739907416","potions_obtained":[{"floor":4,"key":"Poison Potion"},{"floor":10,"key":"Regen Potion"}],"is_trial":false,"path_per_floor":["M","?","?","M","?","R","M","E","T","M","R","M"],"character_chosen":"IRONCLAD","items_purchased":[],"campfire_rested":0,"item_purchase_floors":[],"current_hp_per_floor":[65,65,60,62,75,75,72,21,21,19,19,0],"gold":102,"neow_bonus":"THREE_RARE_CARDS","is_prod":false,"is_daily":false,"chose_seed":false,"campfire_upgraded":2,"win_rate":0,"timestamp":1551796252,"path_taken":["M","?","?","?","?","R","M","E","T","M","R","M"],"build_version":"2019-01-23","purchased_purges":0,"victory":false,"max_hp_per_floor":[75,75,75,75,75,75,75,75,75,75,75,75],"card_choices":[{"not_picked":["Double Tap","Brutality"],"picked":"Demon Form","floor":0},{"not_picked":["Searing Blow","Dual Wield"],"picked":"Shrug It Off","floor":1},{"not_picked":["Combust","Headbutt"],"picked":"Pommel Strike","floor":4},{"not_picked":["Wild Strike","Fire Breathing"],"picked":"Inflame","floor":7},{"not_picked":["Body Slam","Feel No Pain","Sword Boomerang"],"picked":"SKIP","floor":8},{"not_picked":["Corruption","Havoc"],"picked":"Armaments","floor":10}],"player_experience":452760,"relics_obtained":[{"floor":8,"key":"Blue Candle"},{"floor":9,"key":"Centennial Puzzle"}],"event_choices":[{"damage_healed":0,"gold_gain":0,"player_choice":"Grow","damage_taken":0,"max_hp_gain":0,"max_hp_loss":0,"event_name":"Living Wall","floor":2,"gold_loss":0,"cards_upgraded":["Bash"]},{"damage_healed":0,"gold_gain":0,"player_choice":"Success","damage_taken":5,"relics_obtained":["Tiny Chest"],"max_hp_gain":0,"max_hp_loss":0,"event_name":"Scrap Ooze","floor":3,"gold_loss":0},{"damage_healed":18,"gold_gain":0,"player_choice":"Healed","damage_taken":0,"max_hp_gain":0,"max_hp_loss":0,"event_name":"The Cleric","floor":5,"gold_loss":35}],"is_beta":false,"boss_relics":[],"items_purged_floors":[],"is_endless":false,"potions_floor_spawned":[4,10],"killed_by":"Large Slime","ascension_level":18}