{"gold_per_floor":[117,137,149,163,179,179,213,134,134,134,163,163,176,188,188,287,287,301,314,239,339,351,686,701,701,701,727,302,326,345,345,345,448,448,462,462,71,84,103,103,119,134,202,202,202,214,163,197,197,197],"floor_reached":51,"playtime":2712,"items_purged":["Strike_B"],"score":818,"play_id":"2dc82346-44a8-49b9-9655-7c3ab2bba85f","local_time":"20181127064310","is_ascension_mode":true,"campfire_choices":[{"data":"Ball Lightning","floor":6,"key":"SMITH"},{"floor":10,"key":"REST"},{"data":"Go for the Eyes","floor":12,"key":"SMITH"},{"data":"Zap","floor":15,"key":"SMITH"},{"floor":25,"key":"REST"},{"floor":32,"key":"REST"},{"floor":40,"key":"REST"},{"floor":45,"key":"RECALL"},{"floor":49,"key":"REST"}],"neow_cost":"NONE","seed_source_timestamp":373007120197120,"circlet_count":0,"master_deck":["Strike_B","Defend_B","Defend_B","Defend_B","Defend_B","Zap+1","Dualcast","Rebound","Chill","Rebound","Ball Lightning+1","Auto Shields","Gash","Static Discharge+1","Go for the Eyes+1","Compile Driver","Cold Snap","Cold Snap","Biased Cognition+1","Barrage+1","Conserve Battery","BootSequence","Gash+1","Defragment+1","Steam+1","Buffer+1","White Noise","Defragment+1","Coolheaded+1","Force Field+1"],"relics":["Cracked Core","NeowsBlessing","Frozen Egg 2","Singing Bowl","Centennial Puzzle","Fusion Hammer","Old Coin","StoneCalendar","Mercury Hourglass","OrangePellets","Happy Flower","Potion Belt","Philosopher\u0027s Stone","Boot","Bronze Scales","Bottled Lightning","Turnip","Oddly Smooth Stone"],"potions_floor_usage":[16,33,50,50,50],"damage_taken":[{"damage":0,"enemies":"Cultist","floor":1,"turns":1},{"damage":0,"enemies":"Small Slimes","floor":2,"turns":1},{"damage":0,"enemies":"2 Louse","floor":3,"turns":1},{"damage":12,"enemies":"Blue Slaver","floor":4,"turns":3},{"damage":22,"enemies":"Gremlin Gang","floor":5,"turns":3},{"damage":15,"enemies":"3 Sentries","floor":7,"turns":6},{"damage":11,"enemies":"Gremlin Nob","floor":11,"turns":3},{"damage":0,"enemies":"3 Louse","floor":13,"turns":3},{"damage":0,"enemies":"Blue Slaver","floor":14,"turns":2},{"damage":10,"enemies":"Hexaghost","floor":16,"turns":8},{"damage":2,"enemies":"3 Byrds","floor":18,"turns":4},{"damage":0,"enemies":"Spheric Guardian","floor":19,"turns":3},{"damage":10,"enemies":"Centurion and Healer","floor":22,"turns":7},{"damage":27,"enemies":"Gremlin Leader","floor":23,"turns":6},{"damage":18,"enemies":"3 Cultists","floor":24,"turns":4},{"damage":21,"enemies":"Slavers","floor":27,"turns":6},{"damage":10,"enemies":"Shelled Parasite and Fungi","floor":30,"turns":3},{"damage":8,"enemies":"Automaton","floor":33,"turns":8},{"damage":0,"enemies":"Orb Walker","floor":35,"turns":3},{"damage":0,"enemies":"3 Shapes","floor":38,"turns":4},{"damage":23,"enemies":"3 Darklings","floor":39,"turns":4},{"damage":0,"enemies":"Jaw Worm Horde","floor":41,"turns":4},{"damage":0,"enemies":"Sphere and 2 Shapes","floor":42,"turns":4},{"damage":0,"enemies":"4 Shapes","floor":46,"turns":4},{"damage":23,"enemies":"Nemesis","floor":48,"turns":7},{"damage":0,"enemies":"Donu and Deca","floor":50,"turns":9}],"seed_played":"-2998113337895128374","potions_obtained":[{"floor":1,"key":"Block Potion"},{"floor":2,"key":"Weak Potion"},{"floor":3,"key":"SmokeBomb"},{"floor":13,"key":"FearPotion"},{"floor":16,"key":"Dexterity Potion"},{"floor":19,"key":"LiquidBronze"},{"floor":23,"key":"AttackPotion"},{"floor":30,"key":"Poison Potion"},{"floor":38,"key":"PowerPotion"},{"floor":41,"key":"PowerPotion"}],"is_trial":false,"path_per_floor":["M","M","M","M","M","R","E","$","T","R","E","R","M","M","R","B",null,"M","M","?","?","M","E","M","R","T","E","$","T","M","?","R","B",null,"M","?","$","M","M","R","M","M","T","?","R","M","?","E","R","B",null],"character_chosen":"DEFECT","items_purchased":["Static Discharge+1","Go for the Eyes","OrangePellets","Happy Flower","Defragment+1","Boot","Bronze Scales"],"campfire_rested":5,"item_purchase_floors":[8,8,28,28,37,37,37],"current_hp_per_floor":[75,75,75,63,41,41,26,26,26,48,37,37,37,37,37,27,75,73,73,73,73,65,38,20,43,43,22,22,22,12,12,35,27,77,79,79,79,79,58,81,83,83,83,83,83,85,85,64,87,87],"gold":197,"neow_bonus":"THREE_ENEMY_KILL","is_prod":false,"is_daily":false,"chose_seed":false,"campfire_upgraded":3,"win_rate":0,"timestamp":1543318990,"path_taken":["M","M","?","M","M","R","E","$","T","R","E","R","M","M","R","BOSS","M","M","?","?","M","E","?","R","T","E","$","?","M","?","R","BOSS","M","?","$","M","?","R","M","M","T","?","R","M","?","E","R","BOSS"],"build_version":"2018-11-15","purchased_purges":1,"victory":true,"max_hp_per_floor":[75,75,75,75,75,75,75,75,75,75,75,75,75,75,75,75,75,75,75,75,75,77,77,77,77,77,77,77,77,77,77,77,77,77,79,79,79,79,81,81,83,83,83,83,83,85,85,87,87,87],"card_choices":[{"not_picked":["Glacier","Stack"],"picked":"Rebound","floor":1},{"not_picked":["Conserve Battery","Turbo"],"picked":"Chill","floor":2},{"not_picked":["Chill","Scrape"],"picked":"Rebound","floor":3},{"not_picked":["Compile Driver","White Noise"],"picked":"Ball Lightning","floor":4},{"not_picked":["Turbo","Aggregate"],"picked":"Auto Shields","floor":5},{"not_picked":["Stack","Steam"],"picked":"Gash","floor":7},{"not_picked":["Genetic Algorithm","Barrage"],"picked":"Compile Driver","floor":11},{"not_picked":["Amplify","Rebound"],"picked":"Cold Snap","floor":13},{"not_picked":["Beam Cell","Aggregate"],"picked":"Cold Snap","floor":14},{"not_picked":["Multi-Cast","Fission"],"picked":"Biased Cognition+1","floor":16},{"not_picked":["Streamline","Go for the Eyes"],"picked":"Barrage+1","floor":18},{"not_picked":["Sweeping Beam+1","Ball Lightning"],"picked":"Conserve Battery","floor":19},{"not_picked":["Cold Snap","Consume","FTL+1"],"picked":"Singing Bowl","floor":22},{"not_picked":["Undo","Recycle"],"picked":"BootSequence","floor":23},{"not_picked":["Streamline","Redo"],"picked":"Gash+1","floor":24},{"not_picked":["Self Repair+1","Melter"],"picked":"Defragment+1","floor":27},{"not_picked":["Fusion","Chill+1"],"picked":"Steam+1","floor":30},{"not_picked":["Multi-Cast","Fission"],"picked":"Buffer+1","floor":33},{"not_picked":["Steam","Streamline","Leap"],"picked":"Singing Bowl","floor":35},{"not_picked":["Double Energy+1","Beam Cell"],"picked":"Coolheaded+1","floor":38},{"not_picked":["Streamline+1","Sweeping Beam","Stack+1"],"picked":"Singing Bowl","floor":39},{"not_picked":["Core Surge","Cold Snap","Beam Cell"],"picked":"Singing Bowl","floor":41},{"not_picked":["Compile Driver","Fusion"],"picked":"Force Field+1","floor":42},{"not_picked":["Self Repair+1","Leap+1","Stack+1"],"picked":"Singing Bowl","floor":46},{"not_picked":["Aggregate","BootSequence+1","Barrage"],"picked":"Singing Bowl","floor":48}],"player_experience":230571,"relics_obtained":[{"floor":7,"key":"Frozen Egg 2"},{"floor":9,"key":"Singing Bowl"},{"floor":11,"key":"Centennial Puzzle"},{"floor":23,"key":"Old Coin"},{"floor":26,"key":"StoneCalendar"},{"floor":27,"key":"Mercury Hourglass"},{"floor":29,"key":"Potion Belt"},{"floor":43,"key":"Bottled Lightning"},{"floor":48,"key":"Oddly Smooth Stone"}],"event_choices":[{"cards_removed":["Strike_B"],"damage_healed":0,"gold_gain":0,"player_choice":"Gave Gold","damage_taken":0,"max_hp_gain":0,"max_hp_loss":0,"event_name":"Beggar","floor":20,"gold_loss":75},{"damage_healed":0,"gold_gain":100,"player_choice":"Pray","damage_taken":0,"max_hp_gain":0,"max_hp_loss":0,"event_name":"Golden Shrine","floor":21,"gold_loss":0},{"damage_healed":0,"gold_gain":0,"player_choice":"Ignored","damage_taken":0,"max_hp_gain":0,"max_hp_loss":0,"event_name":"Vampires","floor":31,"gold_loss":0},{"damage_healed":0,"gold_gain":0,"cards_transformed":["Strike_B"],"player_choice":"Transformed","damage_taken":0,"max_hp_gain":0,"max_hp_loss":0,"event_name":"Transmorgrifier","floor":36,"gold_loss":0,"cards_obtained":["White Noise"]},{"damage_healed":0,"gold_gain":0,"player_choice":"Ignored","damage_taken":0,"max_hp_gain":0,"max_hp_loss":0,"event_name":"Mysterious Sphere","floor":44,"gold_loss":0},{"damage_healed":0,"gold_gain":0,"player_choice":"Paid Gold","damage_taken":0,"relics_obtained":["Turnip"],"max_hp_gain":0,"max_hp_loss":0,"event_name":"WeMeetAgain","floor":47,"gold_loss":51}],"is_beta":false,"boss_relics":[{"not_picked":["Runic Pyramid","Calling Bell"],"picked":"Fusion Hammer"},{"not_picked":["Empty Cage","Lizard Tail"],"picked":"Philosopher\u0027s Stone"}],"items_purged_floors":[28],"is_endless":false,"potions_floor_spawned":[1,2,3,13,16,19,22,23,30,38,41,46],"ascension_level":1}