{"gold_per_floor":[18,18,29,129,146,146,172,188,214,214,224,253,266,283,283,384,384,396,396,396,414,431,431,450,450,473,489,75,102,117,149,149,250,250,264,43,63,78,0,35,35,54,102,121,149,149,161,161,161,161],"floor_reached":51,"playtime":3561,"items_purged":[],"score":799,"play_id":"9cff118c-c09f-435a-9209-6377e90bb17d","local_time":"20181205133315","is_ascension_mode":true,"campfire_choices":[{"data":"Neutralize","floor":6,"key":"SMITH"},{"data":"Crippling Poison","floor":10,"key":"SMITH"},{"data":"Deadly Poison","floor":15,"key":"SMITH"},{"data":"After Image","floor":23,"key":"SMITH"},{"data":"Backflip","floor":25,"key":"SMITH"},{"data":"Malaise","floor":32,"key":"SMITH"},{"floor":46,"key":"REST"},{"data":"Footwork","floor":49,"key":"SMITH"}],"neow_cost":"NO_GOLD","seed_source_timestamp":15278412548600,"circlet_count":0,"master_deck":["Defend_G","Defend_G","Defend_G","Defend_G","Defend_G","Strike_G+1","Strike_G+1","Survivor","Neutralize+1","Tactician","Heel Hook","Backflip+1","Flying Knee","Quick Slash","Tools of the Trade","Crippling Poison+1","Deadly Poison+1","Riddle With Holes","Backstab","Poisoned Stab","After Image+1","Bane","Deadly Poison","Noxious Fumes+1","Cloak And Dagger","Deflect","Malaise+1","Envenom","Well Laid Plans+1","Night Terror","Dash","Backstab+1","Leg Sweep+1","Caltrops+1","Footwork+1","Blade Dance+1","PiercingWail"],"relics":["Ring of the Serpent","Whetstone","Regal Pillow","Vajra","Boot","Lee\u0027s Waffle","Bag of Marbles","PreservedInsect","Lantern","Snecko Eye","Red Mask","Bronze Scales","Smiling Mask","Dream Catcher"],"potions_floor_usage":[45,50,50],"damage_taken":[{"damage":0,"enemies":"2 Louse","floor":1,"turns":4},{"damage":0,"enemies":"Jaw Worm","floor":3,"turns":4},{"damage":0,"enemies":"Cultist","floor":5,"turns":3},{"damage":24,"enemies":"Gremlin Nob","floor":7,"turns":5},{"damage":0,"enemies":"Exordium Wildlife","floor":8,"turns":3},{"damage":4,"enemies":"Blue Slaver","floor":11,"turns":4},{"damage":17,"enemies":"3 Sentries","floor":12,"turns":8},{"damage":1,"enemies":"Exordium Thugs","floor":13,"turns":5},{"damage":5,"enemies":"Lots of Slimes","floor":14,"turns":3},{"damage":3,"enemies":"Hexaghost","floor":16,"turns":7},{"damage":2,"enemies":"Spheric Guardian","floor":18,"turns":3},{"damage":4,"enemies":"Shell Parasite","floor":21,"turns":4},{"damage":7,"enemies":"Snecko","floor":22,"turns":4},{"damage":14,"enemies":"Sentry and Sphere","floor":24,"turns":6},{"damage":16,"enemies":"Snake Plant","floor":27,"turns":3},{"damage":16,"enemies":"Book of Stabbing","floor":29,"turns":6},{"damage":12,"enemies":"Chosen and Byrds","floor":30,"turns":5},{"damage":2,"enemies":"Gremlin Leader","floor":31,"turns":5},{"damage":21,"enemies":"Automaton","floor":33,"turns":10},{"damage":0,"enemies":"3 Darklings","floor":35,"turns":6},{"damage":12,"enemies":"Orb Walker","floor":37,"turns":4},{"damage":11,"enemies":"Maw","floor":38,"turns":6},{"damage":6,"enemies":"Nemesis","floor":40,"turns":5},{"damage":11,"enemies":"Jaw Worm Horde","floor":42,"turns":3},{"damage":6,"enemies":"4 Shapes","floor":44,"turns":6},{"damage":7,"enemies":"Giant Head","floor":45,"turns":7},{"damage":6,"enemies":"Sphere and 2 Shapes","floor":47,"turns":5},{"damage":53,"enemies":"Awakened One","floor":50,"turns":17}],"seed_played":"3337412957166406114","potions_obtained":[{"floor":7,"key":"SteroidPotion"},{"floor":8,"key":"AttackPotion"},{"floor":11,"key":"Explosive Potion"},{"floor":14,"key":"Energy Potion"},{"floor":24,"key":"GhostInAJar"}],"is_trial":false,"path_per_floor":["M","?","M","?","M","R","E","M","T","R","M","E","M","M","R","B",null,"M","?","?","M","M","R","M","R","T","M","$","E","M","E","R","B",null,"M","$","M","M","?","E","?","M","T","M","E","R","M","?","R","B",null],"character_chosen":"THE_SILENT","items_purchased":["Lee\u0027s Waffle","Cloak And Dagger","Deflect","Bag of Marbles","Night Terror","Dash"],"campfire_rested":1,"item_purchase_floors":[28,28,28,28,36,36],"current_hp_per_floor":[70,70,70,70,70,70,46,46,46,46,42,25,24,19,19,16,70,68,68,68,64,57,57,43,43,43,27,77,61,49,47,47,26,77,77,77,65,54,54,48,48,37,37,31,24,60,54,54,54,1],"gold":161,"neow_bonus":"TRANSFORM_TWO_CARDS","is_prod":false,"is_daily":false,"chose_seed":false,"campfire_upgraded":7,"win_rate":0,"timestamp":1544034795,"path_taken":["M","?","M","?","M","R","E","M","T","R","M","E","?","M","R","BOSS","M","?","?","M","?","R","?","R","T","M","$","E","M","E","R","BOSS","M","$","M","M","?","E","?","M","T","M","E","R","M","?","R","BOSS"],"build_version":"2018-11-15","purchased_purges":0,"victory":true,"max_hp_per_floor":[70,70,70,70,70,70,70,70,70,70,70,70,70,70,70,70,70,70,70,70,70,70,70,70,70,70,70,77,77,77,77,77,77,77,77,77,77,77,77,77,73,73,73,73,73,73,73,73,73,73],"card_choices":[{"not_picked":["Outmaneuver","Underhanded Strike"],"picked":"Backflip","floor":1},{"not_picked":["Concentrate","Quick Slash"],"picked":"Flying Knee","floor":3},{"not_picked":["Dodge and Roll","Flechettes"],"picked":"Quick Slash","floor":5},{"not_picked":["Dagger Throw","Concentrate"],"picked":"Tools of the Trade","floor":7},{"not_picked":["Flying Knee","PiercingWail"],"picked":"Crippling Poison","floor":8},{"not_picked":["Backflip","Cloak And Dagger"],"picked":"Deadly Poison","floor":11},{"not_picked":["Prepared","Tactician"],"picked":"Riddle With Holes","floor":12},{"not_picked":["Concentrate","Accuracy"],"picked":"Backstab","floor":13},{"not_picked":["Backflip","Outmaneuver"],"picked":"Poisoned Stab","floor":14},{"not_picked":["Grand Finale","Storm of Steel"],"picked":"After Image","floor":16},{"not_picked":["Dodge and Roll+1","Blade Dance"],"picked":"Bane","floor":18},{"not_picked":["Prepared+1","Bane+1","Dagger Throw+1"],"picked":"SKIP","floor":21},{"not_picked":["Underhanded Strike+1","Unload"],"picked":"Deadly Poison","floor":22},{"not_picked":["Backflip","Prepared"],"picked":"Noxious Fumes+1","floor":24},{"not_picked":["Choke","Outmaneuver+1","Concentrate"],"picked":"SKIP","floor":27},{"not_picked":["Dagger Spray","Heel Hook+1","Sucker Punch+1"],"picked":"SKIP","floor":29},{"not_picked":["Tactician","Riddle With Holes"],"picked":"Malaise","floor":30},{"not_picked":["Calculated Gamble","Quick Slash+1","Choke"],"picked":"SKIP","floor":31},{"not_picked":["Doppelganger","Tools of the Trade"],"picked":"Envenom","floor":33},{"not_picked":["Poisoned Stab","Quick Slash"],"picked":"Well Laid Plans+1","floor":35},{"not_picked":["Deflect","Choke+1","Skewer"],"picked":"SKIP","floor":37},{"not_picked":["Tactician+1","Outmaneuver+1"],"picked":"Backstab+1","floor":38},{"not_picked":["Bane+1","Sucker Punch+1"],"picked":"Leg Sweep+1","floor":40},{"not_picked":["Calculated Gamble+1","Cloak And Dagger+1"],"picked":"Caltrops+1","floor":42},{"not_picked":["Storm of Steel","PiercingWail+1"],"picked":"Footwork","floor":44},{"not_picked":["Deflect","Masterful Stab","Bane+1"],"picked":"SKIP","floor":45},{"not_picked":["Tools of the Trade","Flying Knee"],"picked":"Blade Dance+1","floor":46},{"not_picked":["Heel Hook+1","Endless Agony+1"],"picked":"PiercingWail","floor":47}],"player_experience":279960,"relics_obtained":[{"floor":7,"key":"Whetstone"},{"floor":9,"key":"Regal Pillow"},{"floor":12,"key":"Vajra"},{"floor":26,"key":"Boot"},{"floor":29,"key":"PreservedInsect"},{"floor":31,"key":"Lantern"},{"floor":40,"key":"Bronze Scales"},{"floor":43,"key":"Smiling Mask"},{"floor":45,"key":"Dream Catcher"}],"event_choices":[{"damage_healed":0,"gold_gain":0,"player_choice":"Leave","damage_taken":0,"max_hp_gain":0,"max_hp_loss":0,"event_name":"The Cleric","floor":2,"gold_loss":0},{"damage_healed":0,"gold_gain":100,"player_choice":"Pray","damage_taken":0,"max_hp_gain":0,"max_hp_loss":0,"event_name":"Golden Shrine","floor":4,"gold_loss":0},{"damage_healed":0,"gold_gain":0,"player_choice":"Ignored","damage_taken":0,"max_hp_gain":0,"max_hp_loss":0,"event_name":"Ghosts","floor":19,"gold_loss":0},{"cards_removed":["Strike_G"],"damage_healed":0,"gold_gain":0,"player_choice":"Purged","damage_taken":0,"max_hp_gain":0,"max_hp_loss":0,"event_name":"Purifier","floor":20,"gold_loss":0},{"damage_healed":0,"gold_gain":0,"player_choice":"Paid","damage_taken":0,"relics_obtained":["Red Mask"],"max_hp_gain":0,"max_hp_loss":0,"event_name":"Tomb of Lord Red Mask","floor":39,"gold_loss":78},{"damage_healed":0,"gold_gain":0,"player_choice":"Max HP","damage_taken":0,"max_hp_gain":0,"max_hp_loss":4,"event_name":"Winding Halls","floor":41,"gold_loss":0},{"damage_healed":0,"gold_gain":0,"player_choice":"Ignored","damage_taken":0,"max_hp_gain":0,"max_hp_loss":0,"event_name":"Mysterious Sphere","floor":48,"gold_loss":0}],"is_beta":false,"boss_relics":[{"not_picked":["Calling Bell","Lizard Tail"],"picked":"Ring of the Serpent"},{"not_picked":["Eternal Feather","Velvet Choker"],"picked":"Snecko Eye"}],"items_purged_floors":[],"is_endless":false,"potions_floor_spawned":[7,8,11,14,16,22,24,29,30,33,35,40,44],"ascension_level":1}