{"gold_per_floor":[118,133,133,133,133,133,145,177,177,177,192,206,206,217,217,312,312,329,345,19,37,37,37,69,69,69,101,0,13,13,29,29,125,125,135,181,201,101,101,101,134,134,134,134,152,152,172,10,10,10],"floor_reached":51,"playtime":7370,"items_purged":["Strike_G","Defend_G"],"score":867,"play_id":"04d42cf1-d5fc-44c2-8cca-0cb220bdd48a","local_time":"20190204013622","is_ascension_mode":true,"campfire_choices":[{"floor":6,"key":"REST"},{"data":"Noxious Fumes","floor":10,"key":"SMITH"},{"data":"Neutralize","floor":13,"key":"SMITH"},{"floor":15,"key":"REST"},{"floor":23,"key":"REST"},{"floor":25,"key":"REST"},{"floor":32,"key":"REST"},{"data":"Defend_G","floor":40,"key":"PURGE"},{"data":"1","floor":46,"key":"LIFT"},{"data":"2","floor":49,"key":"LIFT"}],"neow_cost":"NONE","seed_source_timestamp":2007534915195220,"circlet_count":0,"master_deck":["Defend_G","Defend_G","Defend_G","Strike_G","Strike_G","Strike_G","Survivor","Neutralize+1","PiercingWail","Noxious Fumes+1","Well Laid Plans","Expertise","PiercingWail","Distraction+1","Skewer","Apotheosis+1","Choke+1","Dagger Throw","Quick Slash+1","Dodge and Roll+1","PiercingWail+1","Trip","Noxious Fumes"],"relics":["Busted Crown","Gremlin Horn","Anchor","Velvet Choker","Bag of Marbles","Ancient Tea Set","Peace Pipe","Girya","White Beast Statue","Incense Burner","PreservedInsect","Meat on the Bone"],"potions_floor_usage":[8,12,14,21,31,31,33,33,42,42,50,50,50],"damage_taken":[{"damage":0,"enemies":"Small Slimes","floor":1,"turns":3},{"damage":1,"enemies":"2 Louse","floor":2,"turns":3},{"damage":0,"enemies":"Jaw Worm","floor":7,"turns":5},{"damage":12,"enemies":"3 Sentries","floor":8,"turns":8},{"damage":4,"enemies":"Large Slime","floor":11,"turns":6},{"damage":0,"enemies":"Exordium Wildlife","floor":12,"turns":7},{"damage":0,"enemies":"Looter","floor":14,"turns":4},{"damage":27,"enemies":"Slime Boss","floor":16,"turns":14},{"damage":3,"enemies":"Shell Parasite","floor":18,"turns":11},{"damage":15,"enemies":"Spheric Guardian","floor":19,"turns":8},{"damage":3,"enemies":"Snake Plant","floor":21,"turns":3},{"damage":2,"enemies":"Book of Stabbing","floor":24,"turns":7},{"damage":15,"enemies":"Gremlin Leader","floor":27,"turns":7},{"damage":15,"enemies":"Cultist and Chosen","floor":29,"turns":5},{"damage":9,"enemies":"Centurion and Healer","floor":31,"turns":4},{"damage":29,"enemies":"Champ","floor":33,"turns":10},{"damage":0,"enemies":"3 Shapes","floor":35,"turns":8},{"damage":17,"enemies":"2 Orb Walkers","floor":36,"turns":6},{"damage":11,"enemies":"Orb Walker","floor":37,"turns":3},{"damage":5,"enemies":"Reptomancer","floor":41,"turns":9},{"damage":3,"enemies":"Transient","floor":42,"turns":3},{"damage":4,"enemies":"Sphere and 2 Shapes","floor":45,"turns":7},{"damage":1,"enemies":"4 Shapes","floor":47,"turns":5},{"damage":24,"enemies":"Time Eater","floor":50,"turns":13}],"seed_played":"-1472662391984812360","potions_obtained":[{"floor":2,"key":"Swift Potion"},{"floor":7,"key":"Explosive Potion"},{"floor":8,"key":"GhostInAJar"},{"floor":11,"key":"PowerPotion"},{"floor":24,"key":"SteroidPotion"},{"floor":27,"key":"PowerPotion"},{"floor":29,"key":"Regen Potion"},{"floor":31,"key":"Energy Potion"},{"floor":35,"key":"Ancient Potion"},{"floor":36,"key":"SmokeBomb"},{"floor":37,"key":"Regen Potion"},{"floor":45,"key":"Block Potion"},{"floor":47,"key":"Strength Potion"}],"is_trial":false,"path_per_floor":["M","M","?","?","?","R","M","E","T","R","M","M","R","M","R","B",null,"M","M","$","M","?","R","E","R","T","E","?","M","$","M","R","B",null,"M","?","M","$","?","R","E","M","T","?","M","R","M","$","R","B",null],"character_chosen":"THE_SILENT","items_purchased":["Skewer","Apotheosis","Trip","Noxious Fumes"],"campfire_rested":5,"item_purchase_floors":[20,20,48,48],"current_hp_per_floor":[63,62,55,48,48,69,69,57,57,57,53,53,53,53,70,43,63,60,45,45,42,42,63,61,70,70,55,55,40,40,43,64,35,61,61,44,33,33,70,70,65,70,70,70,66,66,65,65,65,41],"gold":10,"neow_bonus":"BOSS_RELIC","is_prod":false,"is_daily":false,"chose_seed":false,"campfire_upgraded":2,"win_rate":0,"timestamp":1549236982,"path_taken":["M","M","?","?","?","R","M","E","T","R","M","M","R","M","R","BOSS","M","M","$","M","?","R","E","R","T","E","?","M","?","M","R","BOSS","M","?","M","$","?","R","E","?","T","?","M","R","M","$","R","BOSS"],"build_version":"2019-01-23","purchased_purges":2,"victory":true,"max_hp_per_floor":[70,70,70,70,70,70,70,70,70,70,70,70,70,70,70,70,70,70,70,70,70,70,70,70,70,70,70,70,70,70,70,70,70,70,70,70,70,70,70,70,70,70,70,70,70,70,70,70,70,70],"card_choices":[{"not_picked":[],"picked":"PiercingWail","floor":1},{"not_picked":[],"picked":"Noxious Fumes","floor":2},{"not_picked":[],"picked":"Well Laid Plans","floor":7},{"not_picked":["Heel Hook"],"picked":"SKIP","floor":8},{"not_picked":[],"picked":"Expertise","floor":11},{"not_picked":["Finisher"],"picked":"SKIP","floor":12},{"not_picked":["Finisher"],"picked":"SKIP","floor":12},{"not_picked":[],"picked":"PiercingWail","floor":14},{"not_picked":["Sucker Punch"],"picked":"SKIP","floor":18},{"not_picked":[],"picked":"Distraction+1","floor":19},{"not_picked":[],"picked":"Choke+1","floor":21},{"not_picked":["Flechettes"],"picked":"SKIP","floor":24},{"not_picked":[],"picked":"Dagger Throw","floor":27},{"not_picked":[],"picked":"Quick Slash+1","floor":29},{"not_picked":["Cloak And Dagger"],"picked":"SKIP","floor":31},{"not_picked":[],"picked":"Dodge and Roll+1","floor":35},{"not_picked":[],"picked":"Distraction+1","floor":36},{"not_picked":[],"picked":"PiercingWail+1","floor":37},{"not_picked":["Acrobatics+1"],"picked":"SKIP","floor":41},{"not_picked":["Accuracy+1"],"picked":"SKIP","floor":45},{"not_picked":["Eviscerate+1"],"picked":"SKIP","floor":47}],"player_experience":496800,"relics_obtained":[{"floor":8,"key":"Gremlin Horn"},{"floor":9,"key":"Anchor"},{"floor":24,"key":"Ancient Tea Set"},{"floor":26,"key":"Peace Pipe"},{"floor":27,"key":"Girya"},{"floor":36,"key":"Incense Burner"},{"floor":41,"key":"PreservedInsect"},{"floor":43,"key":"Meat on the Bone"}],"event_choices":[{"damage_healed":0,"gold_gain":0,"player_choice":"Fled","damage_taken":7,"max_hp_gain":0,"max_hp_loss":0,"event_name":"Scrap Ooze","floor":3,"gold_loss":0},{"cards_removed":["Strike_G"],"damage_healed":0,"gold_gain":0,"player_choice":"Card Removal","damage_taken":7,"max_hp_gain":0,"max_hp_loss":0,"event_name":"Golden Wing","floor":4,"gold_loss":0},{"damage_healed":0,"gold_gain":0,"player_choice":"Ignored","damage_taken":0,"max_hp_gain":0,"max_hp_loss":0,"event_name":"Golden Idol","floor":5,"gold_loss":0},{"damage_healed":0,"gold_gain":0,"player_choice":"Opened","damage_taken":0,"relics_obtained":["Bag of Marbles"],"max_hp_gain":0,"max_hp_loss":0,"event_name":"The Mausoleum","floor":22,"gold_loss":0},{"damage_healed":0,"gold_gain":0,"player_choice":"Paid Fearfully","damage_taken":0,"max_hp_gain":0,"max_hp_loss":0,"event_name":"Masked Bandits","floor":28,"gold_loss":101},{"damage_healed":0,"gold_gain":0,"player_choice":"Fight","damage_taken":0,"max_hp_gain":0,"max_hp_loss":0,"event_name":"Mysterious Sphere","floor":36,"gold_loss":0},{"cards_removed":["Distraction"],"damage_healed":37,"gold_gain":0,"player_choice":"Offered Uncommon","damage_taken":0,"max_hp_gain":0,"max_hp_loss":0,"event_name":"Bonfire Elementals","floor":39,"gold_loss":0},{"damage_healed":0,"gold_gain":0,"player_choice":"Upgraded","damage_taken":0,"max_hp_gain":0,"max_hp_loss":0,"event_name":"Upgrade Shrine","floor":44,"gold_loss":0,"cards_upgraded":["Apotheosis"]}],"is_beta":false,"boss_relics":[{"not_picked":["Lizard Tail","Calling Bell"],"picked":"Velvet Choker"},{"not_picked":["Runic Dome","Philosopher\u0027s Stone"],"picked":"White Beast Statue"}],"items_purged_floors":[20,38],"is_endless":false,"potions_floor_spawned":[2,7,8,11,24,27,29,31,35,36,37,41,42,45,47],"ascension_level":6}