{"gold_per_floor":[110,121,139,139,139,139,166,166,220,290,14,29,46,61,61,140,140,150,150,150,150,162,162,189,23,101,101,115,127,127,138,138,138],"floor_reached":33,"playtime":5579,"items_purged":["Regret"],"score":467,"play_id":"a1e25ec9-4ff4-4556-b322-7e4ea7c959d0","local_time":"20190206131623","is_ascension_mode":true,"campfire_choices":[{"data":"Infernal Blade","floor":6.0,"key":"SMITH"},{"floor":8.0,"key":"REST"},{"data":"Armaments","floor":15.0,"key":"SMITH"},{"floor":23,"key":"REST"},{"data":"Flame Barrier","floor":27,"key":"SMITH"},{"floor":30,"key":"REST"},{"floor":32,"key":"REST"}],"neow_cost":"NONE","seed_source_timestamp":2224052033992848,"circlet_count":0,"master_deck":["AscendersBane","Strike_R","Strike_R","Strike_R","Strike_R","Defend_R","Defend_R","Defend_R","Defend_R","Bash","Ghostly Armor","Inflame+1","Infernal Blade+1","Intimidate","Injury","Flex","Armaments+1","Shrug It Off","Power Through","Immolate","Ghostly Armor","Sword Boomerang","Flame Barrier+1","Cleave"],"special_seed":0,"relics":["Cursed Key","Regal Pillow","Bottled Tornado","PreservedInsect","Busted Crown","Bag of Marbles","Omamori","Matryoshka"],"potions_floor_usage":[16,18,19,19,33],"damage_taken":[{"damage":1.0,"enemies":"Cultist","floor":1.0,"turns":3.0},{"damage":3.0,"enemies":"Small Slimes","floor":2.0,"turns":4.0},{"damage":0.0,"enemies":"Jaw Worm","floor":3.0,"turns":3.0},{"damage":25.0,"enemies":"Gremlin Nob","floor":7.0,"turns":4.0},{"damage":3.0,"enemies":"Blue Slaver","floor":12.0,"turns":3.0},{"damage":0.0,"enemies":"Exordium Wildlife","floor":13.0,"turns":4.0},{"damage":0.0,"enemies":"2 Fungi Beasts","floor":14.0,"turns":4.0},{"damage":37,"enemies":"Hexaghost","floor":16,"turns":12},{"damage":7,"enemies":"2 Thieves","floor":18,"turns":4},{"damage":9,"enemies":"Colosseum Slavers","floor":19,"turns":4},{"damage":2,"enemies":"Shell Parasite","floor":22,"turns":7},{"damage":19,"enemies":"Slavers","floor":24,"turns":7},{"damage":3,"enemies":"Centurion and Healer","floor":28,"turns":4},{"damage":24,"enemies":"Snake Plant","floor":29,"turns":2},{"damage":5,"enemies":"Shelled Parasite and Fungi","floor":31,"turns":4},{"damage":117,"enemies":"Automaton","floor":33,"turns":12}],"seed_played":"-2465249235725440353","potions_obtained":[{"floor":3.0,"key":"Explosive Potion"},{"floor":7.0,"key":"FearPotion"},{"floor":13.0,"key":"Strength Potion"},{"floor":16,"key":"BloodPotion"},{"floor":18,"key":"Weak Potion"},{"floor":28,"key":"BloodPotion"}],"is_trial":false,"path_per_floor":["M","M","M","?","?","R","E","R","T","T","$","M","M","M","R","B",null,"M","?","?","?","M","R","E","$","T","R","M","M","R","M","R","B"],"character_chosen":"IRONCLAD","items_purchased":["PreservedInsect","Flex","Omamori","Cleave"],"campfire_rested":4,"item_purchase_floors":[11,11,25,25],"current_hp_per_floor":[67,64,64,64,69,69,44,80,80,80,80,77,77,77,77,40,70,71,62,62,62,60,80,61,61,61,61,58,34,73,68,80,0],"gold":138,"neow_bonus":"BOSS_RELIC","is_prod":false,"is_daily":false,"chose_seed":false,"campfire_upgraded":3,"win_rate":0,"timestamp":1549451783,"path_taken":["M","M","?","?","?","R","E","R","T","?","$","?","M","M","R","BOSS","M","?","?","?","M","R","E","$","T","R","M","M","R","M","R","BOSS"],"build_version":"2019-01-23","purchased_purges":1,"victory":false,"max_hp_per_floor":[75,75,75,75,80,80,80,80,80,80,80,80,80,80,80,80,80,80,80,80,80,80,80,80,80,80,80,80,80,80,80,80,80],"card_choices":[{"not_picked":["Thunderclap","Shrug It Off"],"picked":"Ghostly Armor","floor":1.0},{"not_picked":["Infernal Blade","Burning Pact"],"picked":"Inflame","floor":2.0},{"not_picked":["Havoc","Warcry"],"picked":"Infernal Blade","floor":3.0},{"not_picked":["Carnage","Dropkick"],"picked":"Intimidate","floor":7.0},{"not_picked":["Pommel Strike","Sentinel"],"picked":"Armaments","floor":12.0},{"not_picked":["Perfected Strike","Intimidate"],"picked":"Shrug It Off","floor":13.0},{"not_picked":["Flex","Iron Wave"],"picked":"Power Through","floor":14.0},{"not_picked":["Exhume","Juggernaut"],"picked":"Immolate","floor":16},{"not_picked":[],"picked":"Ghostly Armor","floor":18},{"not_picked":[],"picked":"Sword Boomerang","floor":22},{"not_picked":[],"picked":"Flame Barrier","floor":24},{"not_picked":["Anger"],"picked":"SKIP","floor":28},{"not_picked":["Twin Strike"],"picked":"SKIP","floor":29},{"not_picked":["Infernal Blade"],"picked":"SKIP","floor":31}],"player_experience":538746,"relics_obtained":[{"floor":7.0,"key":"Regal Pillow"},{"floor":10.0,"key":"Bottled Tornado"},{"floor":24,"key":"Bag of Marbles"},{"floor":26,"key":"Matryoshka"}],"event_choices":[{"cards_removed":["Strike_R"],"damage_healed":0.0,"max_hp_gain":0.0,"max_hp_loss":0.0,"gold_gain":0.0,"event_name":"Living Wall","player_choice":"Forget","floor":4.0,"gold_loss":0.0,"damage_taken":0.0},{"damage_healed":0.0,"max_hp_gain":5.0,"max_hp_loss":0.0,"gold_gain":0.0,"event_name":"Big Fish","player_choice":"Donut","floor":5.0,"gold_loss":0.0,"damage_taken":0.0},{"damage_healed":0,"gold_gain":0,"player_choice":"Fight","damage_taken":0,"max_hp_gain":0,"max_hp_loss":0,"event_name":"Colosseum","floor":19,"gold_loss":0},{"damage_healed":0,"gold_gain":0,"player_choice":"Fled From Nobs","damage_taken":0,"max_hp_gain":0,"max_hp_loss":0,"event_name":"Colosseum","floor":19,"gold_loss":0},{"damage_healed":0,"gold_gain":0,"player_choice":"Ignored","damage_taken":0,"max_hp_gain":0,"max_hp_loss":0,"event_name":"Ghosts","floor":20,"gold_loss":0},{"damage_healed":0,"gold_gain":0,"player_choice":"Forge","damage_taken":0,"max_hp_gain":0,"max_hp_loss":0,"event_name":"Accursed Blacksmith","floor":21,"gold_loss":0,"cards_upgraded":["Inflame"]}],"is_beta":false,"boss_relics":[{"not_picked":["Empty Cage","Snecko Eye"],"picked":"Busted Crown"}],"items_purged_floors":[11],"is_endless":false,"potions_floor_spawned":[3,7,13,16,18,19,28],"killed_by":"Automaton","ascension_level":15}