{"gold_per_floor":[117,132,142,157,35,68,68,86,113,125,142,142,167,187,187,291,291,309,408,33,45,45,45,73,95,131,143,155,199,228,268,280,393,405,435,495,507,534,565,577,589,611,623,652,679,321,321,336,336,336,336,336,39,373,373],"floor_reached":56,"playtime":3142,"items_purged":["Strike_R"],"score":1353,"play_id":"600935f7-431b-4ac3-8359-df9f8d218bf7","local_time":"20181126123118","is_ascension_mode":true,"campfire_choices":[{"data":"Inflame","floor":7,"key":"SMITH"},{"data":"Bash","floor":12,"key":"SMITH"},{"data":"Pommel Strike","floor":15,"key":"SMITH"},{"data":"Corruption","floor":23,"key":"SMITH"},{"data":"Warcry","floor":27,"key":"SMITH"},{"data":"Shockwave","floor":32,"key":"SMITH"},{"data":"Fiend Fire","floor":40,"key":"SMITH"},{"floor":49,"key":"RECALL"},{"data":"Whirlwind","floor":52,"key":"SMITH"}],"neow_cost":"NONE","seed_source_timestamp":306650868211768,"circlet_count":0,"master_deck":["Strike_R","Strike_R","Strike_R","Defend_R","Defend_R","Defend_R","Defend_R","Cleave","Inflame+1","Cleave","Twin Strike","Intimidate","Pommel Strike","Shrug It Off","Iron Wave","Body Slam","Shockwave+1","Pommel Strike+1","Fiend Fire+1","Clothesline","Corruption+1","Disarm","Warcry+1","Burning Pact","Pummel+1","Fiend Fire","Whirlwind+1","Entrench+1","Havoc","Armaments+1","Shrug It Off","Feel No Pain+1"],"relics":["Burning Blood","Darkstone Periapt","Art of War","Smiling Mask","Velvet Choker","Charon\u0027s Ashes","Enchiridion","MawBank","Red Skull","Bottled Lightning","Dead Branch","Snecko Eye","Champion Belt","Turnip","Ginger","Old Coin"],"potions_floor_usage":[6,13,13,13,16,16,16,25,25,33,55,55],"damage_taken":[{"damage":9,"enemies":"Jaw Worm","floor":1,"turns":4},{"damage":2,"enemies":"2 Louse","floor":2,"turns":2},{"damage":1,"enemies":"Cultist","floor":3,"turns":3},{"damage":17,"enemies":"Exordium Thugs","floor":4,"turns":5},{"damage":32,"enemies":"Gremlin Nob","floor":6,"turns":4},{"damage":11,"enemies":"Blue Slaver","floor":8,"turns":3},{"damage":9,"enemies":"2 Fungi Beasts","floor":10,"turns":2},{"damage":18,"enemies":"Large Slime","floor":11,"turns":5},{"damage":5,"enemies":"Lagavulin","floor":13,"turns":7},{"damage":5,"enemies":"Lots of Slimes","floor":14,"turns":2},{"damage":20,"enemies":"The Guardian","floor":16,"turns":12},{"damage":24,"enemies":"3 Byrds","floor":18,"turns":5},{"damage":2,"enemies":"Spheric Guardian","floor":21,"turns":3},{"damage":20,"enemies":"Gremlin Leader","floor":24,"turns":4},{"damage":17,"enemies":"3 Cultists","floor":25,"turns":4},{"damage":0,"enemies":"Book of Stabbing","floor":29,"turns":4},{"damage":1,"enemies":"Snecko","floor":30,"turns":4},{"damage":9,"enemies":"Gremlin Leader","floor":31,"turns":4},{"damage":74,"enemies":"Champ","floor":33,"turns":8},{"damage":0,"enemies":"3 Darklings","floor":35,"turns":2},{"damage":3,"enemies":"2 Orb Walkers","floor":36,"turns":3},{"damage":0,"enemies":"Orb Walker","floor":38,"turns":2},{"damage":12,"enemies":"3 Darklings","floor":39,"turns":2},{"damage":0,"enemies":"Maw","floor":42,"turns":4},{"damage":2,"enemies":"Jaw Worm Horde","floor":44,"turns":2},{"damage":7,"enemies":"Spire Growth","floor":45,"turns":2},{"damage":0,"enemies":"Maw","floor":48,"turns":3},{"damage":70,"enemies":"Time Eater","floor":50,"turns":9},{"damage":0,"enemies":"Shield and Spear","floor":54,"turns":2},{"damage":27,"enemies":"The Heart","floor":55,"turns":6}],"seed_played":"-663503654367555714","potions_obtained":[{"floor":0,"key":"EntropicBrew"},{"floor":0,"key":"FearPotion"},{"floor":0,"key":"Weak Potion"},{"floor":4,"key":"SteroidPotion"},{"floor":6,"key":"Dexterity Potion"},{"floor":14,"key":"SteroidPotion"},{"floor":16,"key":"Ancient Potion"},{"floor":21,"key":"BloodPotion"},{"floor":24,"key":"BloodPotion"},{"floor":31,"key":"BloodPotion"},{"floor":35,"key":"Energy Potion"},{"floor":39,"key":"PowerPotion"},{"floor":48,"key":"Fruit Juice"}],"is_trial":false,"path_per_floor":["M","M","M","M","$","E","R","M","T","M","M","R","E","M","R","B",null,"M","?","$","M","?","R","E","M","T","R","?","E","M","E","R","B",null,"M","?","?","M","M","R","$","M","T","M","M","$","?","M","R","B",null,"R","$","E","B",null],"character_chosen":"IRONCLAD","items_purchased":["Intimidate","Pommel Strike","Charon\u0027s Ashes","Corruption","Turnip","Shrug It Off","Ginger"],"campfire_rested":0,"item_purchase_floors":[5,5,20,20,46,46,53],"current_hp_per_floor":[77,80,80,69,69,43,43,38,38,35,23,23,24,25,25,11,80,62,62,62,66,50,50,36,41,41,41,67,73,78,75,75,15,80,80,80,80,80,74,74,74,80,80,80,79,79,79,80,80,16,80,80,80,80,64],"gold":373,"neow_bonus":"THREE_SMALL_POTIONS","is_prod":false,"is_daily":false,"chose_seed":false,"campfire_upgraded":8,"win_rate":0,"timestamp":1543253478,"path_taken":["M","M","M","M","$","E","R","M","T","M","M","R","E","M","R","BOSS","M","?","$","M","?","R","E","M","T","R","?","E","M","E","R","BOSS","M","?","?","?","M","R","?","M","T","M","M","$","?","M","R","BOSS","R","$","E","BOSS"],"build_version":"2018-11-15","purchased_purges":1,"victory":true,"max_hp_per_floor":[80,80,80,80,80,80,80,80,80,80,80,80,80,80,80,80,80,80,80,80,80,80,80,80,80,80,80,80,80,80,80,80,80,80,80,80,80,80,80,80,80,80,80,80,80,80,80,80,80,80,80,80,80,80,85],"card_choices":[{"not_picked":["Shrug It Off","Armaments"],"picked":"Cleave","floor":1},{"not_picked":["Searing Blow","Thunderclap"],"picked":"Inflame","floor":2},{"not_picked":["True Grit","Dark Embrace"],"picked":"Cleave","floor":3},{"not_picked":["Heavy Blade","Flex"],"picked":"Twin Strike","floor":4},{"not_picked":["Havoc","Carnage"],"picked":"Shrug It Off","floor":6},{"not_picked":["Bloodletting","Perfected Strike","Metallicize"],"picked":"SKIP","floor":8},{"not_picked":["Wild Strike","Intimidate"],"picked":"Iron Wave","floor":10},{"not_picked":["Cleave","Body Slam","Feel No Pain"],"picked":"SKIP","floor":11},{"not_picked":["Cleave","Feel No Pain"],"picked":"Body Slam","floor":11},{"not_picked":["Havoc","Dark Embrace"],"picked":"Shockwave","floor":13},{"not_picked":["Entrench","Cleave"],"picked":"Pommel Strike","floor":14},{"not_picked":["Berserk","Double Tap"],"picked":"Fiend Fire","floor":16},{"not_picked":["Bloodletting","Reckless Charge"],"picked":"Clothesline","floor":18},{"not_picked":["Combust","Rupture","Flex"],"picked":"SKIP","floor":21},{"not_picked":["Metallicize+1","Armaments"],"picked":"Disarm","floor":24},{"not_picked":["Searing Blow+1","Seeing Red"],"picked":"Warcry","floor":25},{"not_picked":["Carnage+1","Wild Strike"],"picked":"Burning Pact","floor":29},{"not_picked":["Shockwave","Carnage+1","Sever Soul"],"picked":"SKIP","floor":30},{"not_picked":["Juggernaut","Headbutt"],"picked":"Pummel+1","floor":31},{"not_picked":["Juggernaut","Reaper"],"picked":"Fiend Fire","floor":33},{"not_picked":["Bloodletting","Pommel Strike+1"],"picked":"Whirlwind","floor":35},{"not_picked":["Sword Boomerang+1","Wild Strike+1"],"picked":"Entrench+1","floor":36},{"not_picked":["Seeing Red+1","Pommel Strike","Sever Soul+1"],"picked":"SKIP","floor":38},{"not_picked":["Iron Wave","Warcry+1"],"picked":"Havoc","floor":39},{"not_picked":["Cleave+1","Clothesline","Combust"],"picked":"SKIP","floor":42},{"not_picked":["Flex+1","Heavy Blade+1"],"picked":"Armaments+1","floor":44},{"not_picked":["Inflame","Anger+1","Carnage"],"picked":"SKIP","floor":45},{"not_picked":["Seeing Red+1","Evolve+1","Perfected Strike+1"],"picked":"SKIP","floor":48},{"not_picked":["Havoc","Headbutt+1"],"picked":"Feel No Pain+1","floor":54}],"player_experience":221428,"relics_obtained":[{"floor":6,"key":"Darkstone Periapt"},{"floor":9,"key":"Art of War"},{"floor":13,"key":"Smiling Mask"},{"floor":22,"key":"Enchiridion"},{"floor":24,"key":"MawBank"},{"floor":26,"key":"Red Skull"},{"floor":29,"key":"Bottled Lightning"},{"floor":31,"key":"Dead Branch"},{"floor":36,"key":"Champion Belt"},{"floor":54,"key":"Old Coin"}],"event_choices":[{"damage_healed":0,"gold_gain":99,"player_choice":"Stole From Cult","damage_taken":0,"max_hp_gain":0,"max_hp_loss":0,"event_name":"Nest","floor":19,"gold_loss":0},{"damage_healed":0,"gold_gain":0,"player_choice":"Obtained Book","damage_taken":16,"max_hp_gain":0,"max_hp_loss":0,"event_name":"Cursed Tome","floor":22,"gold_loss":0},{"damage_healed":26,"gold_gain":0,"player_choice":"Heal","damage_taken":0,"max_hp_gain":0,"max_hp_loss":0,"event_name":"The Library","floor":28,"gold_loss":0},{"damage_healed":0,"gold_gain":0,"player_choice":"Fight","damage_taken":0,"max_hp_gain":0,"max_hp_loss":0,"event_name":"Mysterious Sphere","floor":36,"gold_loss":0},{"cards_removed":["Strike_R"],"damage_healed":0,"gold_gain":0,"player_choice":"Purged","damage_taken":0,"max_hp_gain":0,"max_hp_loss":0,"event_name":"Purifier","floor":37,"gold_loss":0},{"cards_removed":["Bash"],"damage_healed":0,"gold_gain":0,"player_choice":"Removed Attack","damage_taken":0,"max_hp_gain":0,"max_hp_loss":0,"event_name":"Falling","floor":47,"gold_loss":0}],"is_beta":false,"boss_relics":[{"not_picked":["Philosopher\u0027s Stone","Astrolabe"],"picked":"Velvet Choker"},{"not_picked":["Runic Pyramid","Pandora\u0027s Box"],"picked":"Snecko Eye"}],"items_purged_floors":[46],"is_endless":false,"potions_floor_spawned":[4,6,8,14,16,21,24,31,35,39,45,48],"ascension_level":1}