{"gold_per_floor":[118,293,369,44,56,88,88,113,113,144,37,50,69,69,69,174,174,184,200,200,100,120,120,147,147,147,147,147,178,197,210,210,210],"floor_reached":33,"playtime":1262,"items_purged":["Doubt","Writhe"],"score":465,"play_id":"217ab5f3-6a1f-42a0-af53-1f0129c55db9","local_time":"20181128034604","is_ascension_mode":true,"campfire_choices":[{"data":"Bash","floor":7,"key":"SMITH"},{"data":"Whirlwind","floor":15,"key":"SMITH"},{"floor":23,"key":"REST"},{"data":"Barricade","floor":25,"key":"SMITH"},{"floor":28,"key":"REST"},{"floor":32,"key":"REST"}],"neow_cost":"NONE","seed_source_timestamp":450243292873671,"circlet_count":0,"master_deck":["Strike_R+1","Strike_R+1","Defend_R","Defend_R","Defend_R","Defend_R","Bash+1","Thunderclap","Whirlwind+1","Sword Boomerang","Pommel Strike","Barricade+1","Shrug It Off","Pommel Strike+1","Carnage+1","Shockwave","Feed+1","Entrench+1","Brutality+1","Fire Breathing+1","True Grit","Disarm+1","Twin Strike+1","J.A.X.","Headbutt+1","Disarm","Power Through+1"],"relics":["Burning Blood","NeowsBlessing","Bottled Lightning","Paper Frog","Whetstone","Blue Candle","Molten Egg 2","Pantograph","Astrolabe","Dodecahedron","Orichalcum","Shuriken","Sundial"],"potions_floor_usage":[10,19,22,30,31],"damage_taken":[{"damage":0,"enemies":"2 Louse","floor":1,"turns":1},{"damage":0,"enemies":"Jaw Worm","floor":5,"turns":1},{"damage":0,"enemies":"3 Sentries","floor":6,"turns":1},{"damage":35,"enemies":"Lagavulin","floor":8,"turns":6},{"damage":34,"enemies":"3 Sentries","floor":10,"turns":6},{"damage":0,"enemies":"Small Slimes","floor":12,"turns":2},{"damage":15,"enemies":"Gremlin Gang","floor":13,"turns":3},{"damage":0,"enemies":"Slime Boss","floor":16,"turns":4},{"damage":38,"enemies":"Shell Parasite","floor":18,"turns":4},{"damage":17,"enemies":"Spheric Guardian","floor":19,"turns":4},{"damage":32,"enemies":"Snake Plant","floor":22,"turns":5},{"damage":19,"enemies":"Gremlin Leader","floor":29,"turns":7},{"damage":15,"enemies":"Snecko","floor":30,"turns":3},{"damage":30,"enemies":"Shelled Parasite and Fungi","floor":31,"turns":6},{"damage":77,"enemies":"Champ","floor":33,"turns":15}],"seed_played":"6215037840695608733","potions_obtained":[{"floor":6,"key":"SkillPotion"},{"floor":10,"key":"Block Potion"},{"floor":13,"key":"GamblersBrew"},{"floor":18,"key":"Swift Potion"},{"floor":29,"key":"SteroidPotion"}],"is_trial":false,"path_per_floor":["M","?","T","$","M","E","R","E","T","E","$","M","M","?","R","B",null,"M","M","?","$","M","R","T","R","T","?","R","E","M","M","R","B"],"character_chosen":"IRONCLAD","items_purchased":["Paper Frog","Shrug It Off","Pommel Strike+1"],"campfire_rested":3,"item_purchase_floors":[4,11,11],"current_hp_per_floor":[78,78,78,78,80,80,80,51,51,23,23,29,20,20,20,51,73,45,34,34,34,8,33,33,33,33,33,58,45,36,12,37,0],"gold":210,"neow_bonus":"THREE_ENEMY_KILL","is_prod":false,"is_daily":false,"chose_seed":false,"campfire_upgraded":3,"win_rate":0,"timestamp":1543394764,"path_taken":["M","?","?","$","M","E","R","E","T","E","?","M","M","?","R","BOSS","M","M","?","$","M","R","?","R","T","?","R","E","M","M","R","BOSS"],"build_version":"2018-11-15","purchased_purges":2,"victory":false,"max_hp_per_floor":[80,80,80,80,80,80,80,80,80,80,80,80,80,80,80,80,80,84,84,84,84,84,84,84,84,84,84,84,84,84,84,84,84],"card_choices":[{"not_picked":["Perfected Strike","Intimidate"],"picked":"Thunderclap","floor":1},{"not_picked":["Flex","Sword Boomerang"],"picked":"Whirlwind","floor":5},{"not_picked":["True Grit","Evolve"],"picked":"Sword Boomerang","floor":6},{"not_picked":["Ghostly Armor","Hemokinesis"],"picked":"Pommel Strike","floor":8},{"not_picked":["Sword Boomerang+1","Blood for Blood+1"],"picked":"Barricade","floor":10},{"not_picked":["Whirlwind+1","Armaments"],"picked":"Carnage+1","floor":12},{"not_picked":["Anger+1","Clash+1"],"picked":"Shockwave","floor":13},{"not_picked":["Brutality","Reaper+1"],"picked":"Feed+1","floor":16},{"not_picked":["Hemokinesis+1","Intimidate"],"picked":"True Grit","floor":18},{"not_picked":["Twin Strike+1","Anger+1"],"picked":"Disarm+1","floor":19},{"not_picked":["Warcry","Shockwave+1"],"picked":"Twin Strike+1","floor":22},{"not_picked":["Exhume","Blood for Blood+1"],"picked":"Headbutt+1","floor":29},{"not_picked":["Burning Pact","Seeing Red"],"picked":"Disarm","floor":30},{"not_picked":["Headbutt+1","Pommel Strike+1"],"picked":"Power Through+1","floor":31}],"player_experience":237963,"relics_obtained":[{"floor":3,"key":"Bottled Lightning"},{"floor":6,"key":"Whetstone"},{"floor":8,"key":"Blue Candle"},{"floor":9,"key":"Molten Egg 2"},{"floor":10,"key":"Pantograph"},{"floor":24,"key":"Orichalcum"},{"floor":26,"key":"Shuriken"},{"floor":29,"key":"Sundial"}],"event_choices":[{"damage_healed":0,"gold_gain":175,"player_choice":"AGREE","damage_taken":0,"max_hp_gain":0,"max_hp_loss":0,"event_name":"Liars Game","floor":2,"gold_loss":0,"cards_obtained":["Doubt"]},{"damage_healed":0,"gold_gain":0,"player_choice":"Ignored","damage_taken":0,"max_hp_gain":0,"max_hp_loss":0,"event_name":"Shining Light","floor":14,"gold_loss":0},{"damage_healed":0,"gold_gain":0,"player_choice":"Opened","damage_taken":0,"relics_obtained":["Dodecahedron"],"max_hp_gain":0,"max_hp_loss":0,"event_name":"The Mausoleum","floor":20,"gold_loss":0,"cards_obtained":["Writhe"]},{"damage_healed":0,"gold_gain":0,"player_choice":"Obtain J.A.X.","damage_taken":0,"max_hp_gain":0,"max_hp_loss":0,"event_name":"Drug Dealer","floor":27,"gold_loss":0,"cards_obtained":["J.A.X."]}],"is_beta":false,"boss_relics":[{"not_picked":["Runic Cube","Tiny House"],"picked":"Astrolabe"}],"items_purged_floors":[4,21],"is_endless":false,"potions_floor_spawned":[6,10,13,18,29],"killed_by":"Champ","ascension_level":6}