{"gold_per_floor":[16,34,53,73,20,20,50,50,73,73,84,103,137,156,156,233,233,243,243,133,150,162,162,189,189,215,215,229,229],"floor_reached":29,"playtime":883,"items_purged":[],"score":554,"play_id":"fdfecfa0-e956-4eea-b4a7-fdb1ae393b5d","local_time":"20190514173707","is_ascension_mode":true,"campfire_choices":[{"data":"Immolate","floor":6,"key":"SMITH"},{"data":"Bash","floor":8,"key":"SMITH"},{"data":"Inflame","floor":15,"key":"SMITH"},{"floor":23,"key":"REST"},{"floor":25,"key":"REST"}],"neow_cost":"NO_GOLD","seed_source_timestamp":706858720564689,"circlet_count":0,"master_deck":["AscendersBane","Strike_R","Strike_R","Strike_R+1","Strike_R","Strike_R","Defend_R","Defend_R","Defend_R","Defend_R","Bash+1","Immolate+1","Rampage","Anger","Inflame+1","Flame Barrier","Juggernaut","Shrug It Off","Corruption","Feel No Pain"],"relics":["Burning Blood","Orichalcum","Ancient Tea Set","Pen Nib","Fusion Hammer","Letter Opener","Strawberry"],"potions_floor_usage":[1,16,27,29,29],"damage_taken":[{"damage":6,"enemies":"2 Louse","floor":1,"turns":2},{"damage":9,"enemies":"Jaw Worm","floor":2,"turns":3},{"damage":8,"enemies":"Small Slimes","floor":3,"turns":3},{"damage":16,"enemies":"Exordium Thugs","floor":4,"turns":4},{"damage":10,"enemies":"3 Sentries","floor":7,"turns":4},{"damage":2,"enemies":"Blue Slaver","floor":11,"turns":2},{"damage":10,"enemies":"Exordium Wildlife","floor":12,"turns":3},{"damage":24,"enemies":"Lagavulin","floor":13,"turns":4},{"damage":2,"enemies":"Red Slaver","floor":14,"turns":2},{"damage":21,"enemies":"Slime Boss","floor":16,"turns":5},{"damage":23,"enemies":"Shell Parasite","floor":18,"turns":6},{"damage":36,"enemies":"3 Byrds","floor":21,"turns":4},{"damage":6,"enemies":"3 Cultists","floor":22,"turns":4},{"damage":29,"enemies":"Slavers","floor":24,"turns":2},{"damage":37,"enemies":"Book of Stabbing","floor":27,"turns":4},{"damage":12,"enemies":"Snake Plant","floor":28,"turns":2},{"damage":15,"enemies":"Slavers","floor":29,"turns":2}],"seed_played":"-5876519871590902005","potions_obtained":[{"floor":1,"key":"Fruit Juice"},{"floor":2,"key":"Explosive Potion"},{"floor":12,"key":"FearPotion"},{"floor":16,"key":"SmokeBomb"},{"floor":28,"key":"Weak Potion"}],"is_trial":false,"path_per_floor":["M","M","M","M","$","R","E","R","T","?","M","M","E","M","R","B",null,"M","?","?","M","M","R","E","R","T","E","M","E"],"character_chosen":"IRONCLAD","items_purchased":["Anger"],"campfire_rested":2,"item_purchase_floors":[5],"current_hp_per_floor":[73,70,68,58,58,58,54,54,54,43,47,43,25,29,29,14,64,47,47,47,17,17,41,18,42,49,18,12,0],"gold":229,"neow_bonus":"THREE_RARE_CARDS","is_prod":false,"is_daily":false,"chose_seed":false,"campfire_upgraded":3,"win_rate":0,"timestamp":1557869827,"path_taken":["M","M","M","M","$","R","E","R","T","?","M","M","E","M","R","BOSS","M","?","?","M","M","R","E","R","T","E","?","E"],"build_version":"2019-01-23","purchased_purges":0,"victory":false,"max_hp_per_floor":[80,80,80,80,80,80,80,80,80,80,80,80,80,80,80,80,80,80,80,80,80,80,80,80,80,87,87,87,87],"card_choices":[{"not_picked":["Berserk","Double Tap"],"picked":"Immolate","floor":0},{"not_picked":["Headbutt","Infernal Blade"],"picked":"Rampage","floor":1},{"not_picked":["Dropkick","Body Slam","Havoc"],"picked":"SKIP","floor":2},{"not_picked":["Body Slam","Twin Strike","Clothesline"],"picked":"SKIP","floor":3},{"not_picked":["Rampage","Reckless Charge","Warcry"],"picked":"SKIP","floor":4},{"not_picked":["Second Wind","Seeing Red","Dark Embrace"],"picked":"SKIP","floor":7},{"not_picked":["Anger","Ghostly Armor","Flex"],"picked":"SKIP","floor":11},{"not_picked":["Headbutt","Thunderclap"],"picked":"Inflame","floor":12},{"not_picked":["Whirlwind","Thunderclap"],"picked":"Flame Barrier","floor":13},{"not_picked":["Rampage","Blood for Blood","Havoc"],"picked":"SKIP","floor":14},{"not_picked":["Fiend Fire","Exhume"],"picked":"Juggernaut","floor":16},{"not_picked":["Infernal Blade","Whirlwind+1"],"picked":"Shrug It Off","floor":18},{"not_picked":["Carnage","Anger","Second Wind"],"picked":"SKIP","floor":21},{"not_picked":["Infernal Blade+1","Iron Wave","Twin Strike"],"picked":"SKIP","floor":22},{"not_picked":["Rupture","Flame Barrier"],"picked":"Corruption","floor":24},{"not_picked":["Warcry","Thunderclap"],"picked":"Feel No Pain","floor":28}],"player_experience":625801,"relics_obtained":[{"floor":7,"key":"Orichalcum"},{"floor":9,"key":"Ancient Tea Set"},{"floor":13,"key":"Pen Nib"},{"floor":24,"key":"Letter Opener"},{"floor":26,"key":"Strawberry"}],"event_choices":[{"damage_healed":0,"gold_gain":0,"player_choice":"Fled","damage_taken":11,"max_hp_gain":0,"max_hp_loss":0,"event_name":"Scrap Ooze","floor":10,"gold_loss":0},{"damage_healed":0,"gold_gain":0,"player_choice":"Smashed Altar","damage_taken":0,"max_hp_gain":0,"max_hp_loss":0,"event_name":"Forgotten Altar","floor":19,"gold_loss":0,"cards_obtained":["Decay"]},{"cards_removed":["Decay"],"damage_healed":0,"gold_gain":0,"player_choice":"Upgrade and Remove","damage_taken":0,"max_hp_gain":0,"max_hp_loss":0,"event_name":"Designer","floor":20,"gold_loss":110,"cards_upgraded":["Strike_R"]}],"is_beta":false,"boss_relics":[{"not_picked":["Empty Cage","Pandora\u0027s Box"],"picked":"Fusion Hammer"}],"items_purged_floors":[],"is_endless":false,"potions_floor_spawned":[1,2,12,13,14,16,21,24,27,28],"killed_by":"Slavers","ascension_level":20}