{"gold_per_floor":[116,116,86,107,107,145,166,201,201,224,240,266,191,91,91,210,210,225,225,85,110,124,124,223,239,262,262,283,296,50,50,50,171,171,192,192,192,207,226,267,267,310,362,362,362,377,78,101,101,101],"floor_reached":51,"playtime":3180,"items_purged":["Strike_R","Strike_R","Berserk+1","Pommel Strike"],"score":842,"play_id":"73a64263-ced8-4b4b-a25a-801e788b01cf","local_time":"20190321151902","is_ascension_mode":false,"campfire_choices":[{"data":"Bash","floor":15,"key":"SMITH"},{"data":"Body Slam","floor":23,"key":"SMITH"},{"data":"Corruption","floor":27,"key":"SMITH"},{"data":"Spot Weakness","floor":32,"key":"SMITH"},{"data":"Dark Embrace","floor":41,"key":"SMITH"},{"data":"Disarm","floor":44,"key":"SMITH"},{"data":"Flame Barrier","floor":49,"key":"SMITH"}],"neow_cost":"NONE","seed_source_timestamp":258392404322133,"circlet_count":0,"master_deck":["Defend_R","Defend_R","Defend_R","Defend_R","Bash+1","Anger","Uppercut+1","Shrug It Off","Offering","Corruption+1","Impervious","Feel No Pain+1","Shockwave+1","Heavy Blade+1","Feel No Pain+1","Spot Weakness+1","Flame Barrier+1","Disarm","Body Slam+1","Flame Barrier+1","Shrug It Off","Disarm+1","Dark Embrace+1","Dark Shackles","Finesse","Impervious","Shockwave+1","Shrug It Off"],"relics":["Burning Blood","NeowsBlessing","Golden Idol","Whetstone","Pocketwatch","Dodecahedron","Odd Mushroom","Astrolabe","Orichalcum","Mark of Pain","Self Forming Clay","StoneCalendar","Oddly Smooth Stone","Anchor"],"potions_floor_usage":[33],"damage_taken":[{"damage":0,"enemies":"Cultist","floor":1,"turns":1},{"damage":0,"enemies":"2 Louse","floor":4,"turns":1},{"damage":0,"enemies":"Lagavulin","floor":6,"turns":1},{"damage":0,"enemies":"Small Slimes","floor":7,"turns":2},{"damage":4,"enemies":"Gremlin Nob","floor":8,"turns":3},{"damage":12,"enemies":"Exordium Wildlife","floor":10,"turns":4},{"damage":6,"enemies":"Large Slime","floor":11,"turns":2},{"damage":10,"enemies":"The Mushroom Lair","floor":12,"turns":3},{"damage":18,"enemies":"The Guardian","floor":16,"turns":12},{"damage":6,"enemies":"Spheric Guardian","floor":18,"turns":3},{"damage":6,"enemies":"Chosen","floor":21,"turns":5},{"damage":7,"enemies":"Snake Plant","floor":22,"turns":6},{"damage":6,"enemies":"3 Cultists","floor":25,"turns":4},{"damage":6,"enemies":"Chosen and Byrds","floor":28,"turns":5},{"damage":7,"enemies":"Shelled Parasite and Fungi","floor":29,"turns":2},{"damage":21,"enemies":"Champ","floor":33,"turns":12},{"damage":6,"enemies":"3 Shapes","floor":35,"turns":4},{"damage":2,"enemies":"3 Darklings","floor":38,"turns":4},{"damage":6,"enemies":"Writhing Mass","floor":39,"turns":4},{"damage":19,"enemies":"Reptomancer","floor":40,"turns":5},{"damage":6,"enemies":"Nemesis","floor":42,"turns":3},{"damage":0,"enemies":"4 Shapes","floor":46,"turns":6},{"damage":6,"enemies":"Jaw Worm Horde","floor":48,"turns":4},{"damage":6,"enemies":"Donu and Deca","floor":50,"turns":5}],"seed_played":"2765575237442104380","potions_obtained":[{"floor":3,"key":"Dexterity Potion"},{"floor":3,"key":"BloodPotion"},{"floor":7,"key":"LiquidBronze"},{"floor":16,"key":"PowerPotion"},{"floor":33,"key":"Poison Potion"}],"is_trial":false,"path_per_floor":["M","?","?","M","?","E","M","E","T","M","M","?","$","$","R","B",null,"M","?","$","M","M","R","?","M","T","R","M","M","$","?","R","B",null,"M","?","?","M","M","E","R","E","T","R","?","M","$","M","R","B",null],"character_chosen":"IRONCLAD","items_purchased":["Spot Weakness","Flame Barrier","Shrug It Off","Disarm","Anchor"],"campfire_rested":0,"item_purchase_floors":[20,20,30,30,47],"current_hp_per_floor":[80,74,74,74,74,74,74,74,74,68,68,64,64,64,64,52,74,74,74,74,74,73,73,73,73,73,73,73,72,72,72,72,57,74,74,74,69,73,73,60,60,60,60,60,60,66,66,66,66,66],"gold":101,"neow_bonus":"THREE_ENEMY_KILL","is_prod":false,"is_daily":false,"chose_seed":false,"campfire_upgraded":7,"win_rate":0,"timestamp":1553195942,"path_taken":["M","?","?","?","?","E","M","E","T","M","M","?","?","$","R","BOSS","M","?","?","?","M","R","?","M","T","R","M","M","$","?","R","BOSS","M","?","?","M","M","E","R","E","T","R","?","?","$","M","R","BOSS"],"build_version":"2019-01-23","purchased_purges":4,"victory":true,"max_hp_per_floor":[80,74,74,74,74,74,74,74,74,74,74,74,74,74,74,74,74,74,74,74,74,74,74,74,74,74,74,74,74,74,74,74,74,74,74,74,74,74,74,74,74,74,74,74,74,74,74,74,74,74],"card_choices":[{"not_picked":["Pummel","Cleave"],"picked":"Anger","floor":1},{"not_picked":["Pommel Strike","Sentinel"],"picked":"Uppercut","floor":4},{"not_picked":["Wild Strike","Intimidate"],"picked":"Shrug It Off","floor":6},{"not_picked":["Evolve","Sever Soul"],"picked":"Pommel Strike","floor":7},{"not_picked":["Hemokinesis","Entrench"],"picked":"Offering","floor":8},{"not_picked":["Heavy Blade","Pummel","Clothesline"],"picked":"SKIP","floor":10},{"not_picked":["Iron Wave","Anger","Warcry"],"picked":"SKIP","floor":11},{"not_picked":["Iron Wave","Headbutt"],"picked":"Corruption","floor":12},{"not_picked":["Offering","Double Tap"],"picked":"Impervious","floor":16},{"not_picked":["Clothesline","Bloodletting"],"picked":"Heavy Blade+1","floor":18},{"not_picked":["Havoc","Iron Wave"],"picked":"Disarm","floor":21},{"not_picked":["Havoc","Flame Barrier"],"picked":"Body Slam","floor":22},{"not_picked":["Clothesline","Twin Strike","Evolve+1"],"picked":"SKIP","floor":25},{"not_picked":["Clash","Seeing Red","Thunderclap"],"picked":"SKIP","floor":28},{"not_picked":["Combust","Impervious"],"picked":"Flame Barrier+1","floor":29},{"not_picked":["Limit Break","Reaper"],"picked":"Dark Embrace","floor":33},{"not_picked":["Headbutt+1","Flex","Twin Strike"],"picked":"SKIP","floor":35},{"not_picked":["Forethought","Finesse"],"picked":"Dark Shackles","floor":37},{"not_picked":["Dramatic Entrance","Jack Of All Trades"],"picked":"Finesse","floor":37},{"not_picked":["Anger+1","Havoc","Heavy Blade+1"],"picked":"SKIP","floor":38},{"not_picked":["Sword Boomerang","Second Wind"],"picked":"Impervious","floor":39},{"not_picked":["Headbutt","Clothesline"],"picked":"Shockwave+1","floor":40},{"not_picked":["Uppercut+1","Evolve+1","Anger"],"picked":"SKIP","floor":42},{"not_picked":["Dual Wield+1","Carnage+1"],"picked":"Shrug It Off","floor":46},{"not_picked":["Twin Strike","Pommel Strike","Metallicize"],"picked":"SKIP","floor":48}],"player_experience":504950,"relics_obtained":[{"floor":6,"key":"Whetstone"},{"floor":8,"key":"Pocketwatch"},{"floor":9,"key":"Dodecahedron"},{"floor":12,"key":"Odd Mushroom"},{"floor":26,"key":"Orichalcum"},{"floor":40,"key":"Self Forming Clay"},{"floor":42,"key":"StoneCalendar"},{"floor":43,"key":"Oddly Smooth Stone"}],"event_choices":[{"damage_healed":0,"gold_gain":0,"player_choice":"Lose Max HP","damage_taken":0,"relics_obtained":["Golden Idol"],"max_hp_gain":0,"max_hp_loss":6,"event_name":"Golden Idol","floor":2,"gold_loss":0},{"damage_healed":0,"gold_gain":0,"player_choice":"Bought 2 Potions","damage_taken":0,"max_hp_gain":0,"max_hp_loss":0,"event_name":"The Woman in Blue","floor":3,"gold_loss":0},{"damage_healed":0,"gold_gain":0,"player_choice":"Grow","damage_taken":0,"max_hp_gain":0,"max_hp_loss":0,"event_name":"Living Wall","floor":5,"gold_loss":0,"cards_upgraded":["Uppercut"]},{"damage_healed":0,"gold_gain":0,"player_choice":"Fought Mushrooms","damage_taken":0,"max_hp_gain":0,"max_hp_loss":0,"event_name":"Mushrooms","floor":12,"gold_loss":0},{"damage_healed":0,"gold_gain":0,"player_choice":"Copied","damage_taken":0,"max_hp_gain":0,"max_hp_loss":0,"event_name":"Duplicator","floor":19,"gold_loss":0,"cards_obtained":["Feel No Pain"]},{"damage_healed":0,"gold_gain":99,"player_choice":"Stole From Cult","damage_taken":0,"max_hp_gain":0,"max_hp_loss":0,"event_name":"Nest","floor":24,"gold_loss":0},{"damage_healed":0,"gold_gain":0,"player_choice":"Ignored","damage_taken":0,"max_hp_gain":0,"max_hp_loss":0,"event_name":"Tomb of Lord Red Mask","floor":36,"gold_loss":0},{"damage_healed":0,"gold_gain":0,"player_choice":"Memory 2","damage_taken":5,"max_hp_gain":0,"max_hp_loss":0,"event_name":"SensoryStone","floor":37,"gold_loss":0},{"damage_healed":0,"gold_gain":0,"player_choice":"Ignored","damage_taken":0,"max_hp_gain":0,"max_hp_loss":0,"event_name":"NoteForYourself","floor":45,"gold_loss":0}],"is_beta":false,"boss_relics":[{"not_picked":["Busted Crown","Calling Bell"],"picked":"Astrolabe"},{"not_picked":["Runic Dome","Tiny House"],"picked":"Mark of Pain"}],"items_purged_floors":[13,14,30,47],"is_endless":false,"potions_floor_spawned":[7,8,10,12,16,18,22,33,39,40,42],"ascension_level":0}