{"gold_per_floor":[109,109,109,129,129,165,183,183,210,245,15,15,38,63,75,211,223,254,266,278,200,55,91,91,125,125,125,150,188,207,242,242,365,365,390,390,390,405,480,518,531,531,531,2,46,46,46,61,61,61],"floor_reached":51,"playtime":2577,"items_purged":["Strike_B+1"],"score":1209,"play_id":"9942600e-05ae-4c1b-a277-d7be7f3c8ba2","local_time":"20190320225639","is_ascension_mode":true,"campfire_choices":[{"data":"Zap","floor":8,"key":"SMITH"},{"data":"Defragment","floor":15,"key":"SMITH"},{"data":"Biased Cognition","floor":24,"key":"SMITH"},{"data":"Coolheaded","floor":27,"key":"SMITH"},{"floor":32,"key":"REST"},{"data":"Genetic Algorithm","floor":42,"key":"SMITH"},{"data":"Barrage","floor":46,"key":"SMITH"},{"data":"Amplify","floor":49,"key":"SMITH"}],"neow_cost":"NONE","seed_source_timestamp":200051022242417,"circlet_count":0,"master_deck":["Strike_B+1","Defend_B","Defend_B","Defend_B","Zap+1","Dualcast+1","Compile Driver","Genetic Algorithm+1","Coolheaded+1","Buffer+1","Defragment+1","Cold Snap","Biased Cognition+1","Coolheaded+1","Barrage+1","White Noise","Echo Form","Reinforced Body+1","Barrage+1","Shame","Amplify+1"],"relics":["Cracked Core","Regal Pillow","Golden Idol","Lantern","Whetstone","Letter Opener","Orichalcum","MawBank","Velvet Choker","War Paint","Happy Flower","Smiling Mask","Pen Nib","Incense Burner","Bag of Marbles","Ornamental Fan","Cursed Key","Dream Catcher","Mummified Hand","Torii","Lee\u0027s Waffle","Bronze Scales"],"potions_floor_usage":[16,23,40,50],"damage_taken":[{"damage":2,"enemies":"Jaw Worm","floor":1,"turns":3},{"damage":0,"enemies":"2 Louse","floor":4,"turns":2},{"damage":35,"enemies":"Lagavulin","floor":6,"turns":7},{"damage":0,"enemies":"Cultist","floor":7,"turns":4},{"damage":17,"enemies":"3 Sentries","floor":10,"turns":6},{"damage":0,"enemies":"Exordium Thugs","floor":13,"turns":4},{"damage":0,"enemies":"Hexaghost","floor":16,"turns":9},{"damage":11,"enemies":"2 Thieves","floor":18,"turns":4},{"damage":0,"enemies":"Gremlin Leader","floor":23,"turns":7},{"damage":0,"enemies":"Book of Stabbing","floor":25,"turns":5},{"damage":0,"enemies":"Spheric Guardian","floor":28,"turns":3},{"damage":8,"enemies":"Slavers","floor":29,"turns":7},{"damage":0,"enemies":"Chosen and Byrds","floor":30,"turns":6},{"damage":0,"enemies":"Gremlin Leader","floor":31,"turns":5},{"damage":18,"enemies":"Collector","floor":33,"turns":12},{"damage":0,"enemies":"Orb Walker","floor":35,"turns":4},{"damage":0,"enemies":"3 Darklings","floor":38,"turns":5},{"damage":22,"enemies":"Reptomancer","floor":40,"turns":6},{"damage":0,"enemies":"Spire Growth","floor":41,"turns":7},{"damage":0,"enemies":"Nemesis","floor":45,"turns":7},{"damage":10,"enemies":"4 Shapes","floor":48,"turns":6},{"damage":18,"enemies":"Time Eater","floor":50,"turns":12}],"seed_played":"-8207370959386815538","potions_obtained":[{"floor":1,"key":"SpeedPotion"},{"floor":6,"key":"Block Potion"},{"floor":7,"key":"AttackPotion"},{"floor":23,"key":"SkillPotion"},{"floor":28,"key":"Weak Potion"},{"floor":41,"key":"Fire Potion"},{"floor":45,"key":"Strength Potion"}],"is_trial":false,"path_per_floor":["M","?","?","M","?","E","M","R","T","E","$","?","M","T","R","B",null,"M","?","?","?","$","E","R","E","T","R","M","E","M","E","R","B",null,"M","?","?","M","?","E","M","R","T","$","E","R","$","M","R","B",null],"character_chosen":"DEFECT","items_purchased":["Defragment","Cold Snap","Orichalcum","Happy Flower","Torii","Lee\u0027s Waffle"],"campfire_rested":1,"item_purchase_floors":[11,11,11,22,44,44],"current_hp_per_floor":[73,73,69,69,69,34,34,34,34,17,17,10,10,10,10,10,54,43,43,43,43,43,43,43,43,43,43,43,35,35,35,69,51,65,65,65,65,65,59,37,37,37,37,73,73,73,73,63,63,45],"gold":61,"neow_bonus":"RANDOM_COMMON_RELIC","is_prod":false,"is_daily":false,"chose_seed":false,"campfire_upgraded":7,"win_rate":0,"timestamp":1553136999,"path_taken":["M","?","?","M","?","E","?","R","T","E","$","?","M","?","R","BOSS","M","?","?","?","$","E","R","E","T","R","M","E","?","E","R","BOSS","M","?","?","?","?","E","?","R","T","$","E","R","?","M","R","BOSS"],"build_version":"2019-01-23","purchased_purges":1,"victory":true,"max_hp_per_floor":[75,75,69,69,69,69,69,69,69,69,69,69,69,69,69,69,69,69,69,69,69,69,69,69,69,69,69,69,69,69,69,69,69,69,69,66,66,66,66,66,66,66,66,73,73,73,73,73,73,73],"card_choices":[{"not_picked":["Beam Cell","Steam Power"],"picked":"Compile Driver","floor":1},{"not_picked":["Turbo","Chill"],"picked":"Genetic Algorithm","floor":4},{"not_picked":["Stack","Gash"],"picked":"Coolheaded","floor":6},{"not_picked":["Steam","Blizzard","Coolheaded"],"picked":"SKIP","floor":7},{"not_picked":["Steam Power","Compile Driver"],"picked":"Buffer","floor":10},{"not_picked":["Scrape","Tempest","Hello World"],"picked":"SKIP","floor":13},{"not_picked":["Machine Learning","Hyperbeam"],"picked":"Biased Cognition","floor":16},{"not_picked":["Steam+1","Beam Cell+1","Leap"],"picked":"SKIP","floor":18},{"not_picked":["Barrage","BootSequence+1","Hello World+1"],"picked":"SKIP","floor":23},{"not_picked":["Fusion+1","Beam Cell"],"picked":"Coolheaded","floor":25},{"not_picked":["Blizzard","Coolheaded"],"picked":"Barrage","floor":28},{"not_picked":["Hello World","Stack","Melter"],"picked":"SKIP","floor":29},{"not_picked":["Scrape","Barrage"],"picked":"White Noise","floor":30},{"not_picked":["Steam+1","Turbo+1","Gash"],"picked":"SKIP","floor":31},{"not_picked":["Creative AI","Biased Cognition"],"picked":"Echo Form","floor":33},{"not_picked":["Go for the Eyes","Chaos","Coolheaded"],"picked":"SKIP","floor":35},{"not_picked":["Lockon","Stack"],"picked":"Reinforced Body+1","floor":38},{"not_picked":["Go for the Eyes+1","Cold Snap"],"picked":"Barrage+1","floor":40},{"not_picked":["Barrage+1","Gash+1","Cold Snap"],"picked":"SKIP","floor":41},{"not_picked":["Reinforced Body+1","Redo+1","Go for the Eyes"],"picked":"SKIP","floor":45},{"not_picked":["Compile Driver+1","Stack"],"picked":"Amplify","floor":48}],"player_experience":502373,"relics_obtained":[{"floor":6,"key":"Lantern"},{"floor":9,"key":"Whetstone"},{"floor":10,"key":"Letter Opener"},{"floor":14,"key":"MawBank"},{"floor":23,"key":"Smiling Mask"},{"floor":25,"key":"Pen Nib"},{"floor":26,"key":"Incense Burner"},{"floor":29,"key":"Bag of Marbles"},{"floor":31,"key":"Ornamental Fan"},{"floor":40,"key":"Dream Catcher"},{"floor":43,"key":"Mummified Hand"},{"floor":45,"key":"Bronze Scales"}],"event_choices":[{"damage_healed":0,"gold_gain":0,"player_choice":"Ignored","damage_taken":0,"max_hp_gain":0,"max_hp_loss":0,"event_name":"Liars Game","floor":2,"gold_loss":0},{"damage_healed":0,"gold_gain":0,"player_choice":"Lose Max HP","damage_taken":0,"relics_obtained":["Golden Idol"],"max_hp_gain":0,"max_hp_loss":6,"event_name":"Golden Idol","floor":3,"gold_loss":0},{"cards_removed":["Defend_B"],"damage_healed":0,"gold_gain":0,"player_choice":"Card Removal","damage_taken":0,"max_hp_gain":0,"max_hp_loss":0,"event_name":"Wheel of Change","floor":5,"gold_loss":0},{"cards_removed":["Strike_B"],"damage_healed":0,"gold_gain":0,"player_choice":"Card Removal","damage_taken":7,"max_hp_gain":0,"max_hp_loss":0,"event_name":"Golden Wing","floor":12,"gold_loss":0},{"damage_healed":0,"gold_gain":0,"player_choice":"Opened","damage_taken":0,"relics_obtained":["War Paint"],"max_hp_gain":0,"max_hp_loss":0,"event_name":"The Mausoleum","floor":19,"gold_loss":0},{"damage_healed":0,"gold_gain":0,"player_choice":"Ignored","damage_taken":0,"max_hp_gain":0,"max_hp_loss":0,"event_name":"Vampires","floor":20,"gold_loss":0},{"cards_removed":["Strike_B"],"damage_healed":0,"gold_gain":0,"player_choice":"Upgrade and Remove","damage_taken":0,"max_hp_gain":0,"max_hp_loss":0,"event_name":"Designer","floor":21,"gold_loss":90,"cards_upgraded":["Buffer"]},{"damage_healed":0,"gold_gain":0,"player_choice":"Max HP","damage_taken":0,"max_hp_gain":0,"max_hp_loss":3,"event_name":"Winding Halls","floor":36,"gold_loss":0},{"damage_healed":0,"gold_gain":0,"player_choice":"Ignored","damage_taken":0,"max_hp_gain":0,"max_hp_loss":0,"event_name":"SecretPortal","floor":37,"gold_loss":0},{"damage_healed":0,"gold_gain":75,"player_choice":"Touch","damage_taken":6,"max_hp_gain":0,"max_hp_loss":0,"event_name":"FaceTrader","floor":39,"gold_loss":0}],"is_beta":false,"boss_relics":[{"not_picked":["Black Star","Runic Dome"],"picked":"Velvet Choker"},{"not_picked":["Runic Pyramid","Pandora\u0027s Box"],"picked":"Cursed Key"}],"items_purged_floors":[44],"is_endless":false,"potions_floor_spawned":[1,6,7,10,23,28,38,41,45],"ascension_level":5}