{"gold_per_floor":[116,116,129,54,64,64,74,106,106,106,126,26,0,18,18,90,90,105,0,0,0,15,15,48,48,121,139,139,139,139,154,154,154],"floor_reached":33,"playtime":1994,"items_purged":["Dark Embrace","Defend_R"],"score":476,"play_id":"4eba9028-77b7-4f5d-9e77-435dba7ce1b5","local_time":"20190130232300","is_ascension_mode":true,"campfire_choices":[{"floor":6,"key":"REST"},{"floor":15,"key":"REST"},{"floor":23,"key":"REST"},{"floor":25,"key":"REST"},{"data":"Rage","floor":29,"key":"SMITH"},{"data":"Flame Barrier","floor":32,"key":"SMITH"}],"neow_cost":"NONE","seed_source_timestamp":1659376265648389,"circlet_count":0,"master_deck":["AscendersBane","Defend_R","Bash","Headbutt","Flame Barrier+1","Cleave","Rage+1","Ghostly Armor","Reaper","Body Slam+1","Intimidate","Power Through","Bite","Bite","Bite","Bite","Bite","Limit Break","Havoc","Flame Barrier+1"],"relics":["Burning Blood","Strawberry","Charon\u0027s Ashes","Self Forming Clay","Busted Crown","Pen Nib","Meat on the Bone"],"potions_floor_usage":[11,11,16,18,24,33],"damage_taken":[{"damage":32,"enemies":"Jaw Worm","floor":1,"turns":8},{"damage":9,"enemies":"Cultist","floor":3,"turns":5},{"damage":0,"enemies":"Small Slimes","floor":5,"turns":4},{"damage":29,"enemies":"Gremlin Gang","floor":7,"turns":6},{"damage":31,"enemies":"Gremlin Nob","floor":8,"turns":5},{"damage":18,"enemies":"Large Slime","floor":11,"turns":8},{"damage":1,"enemies":"Looter","floor":14,"turns":3},{"damage":40,"enemies":"The Guardian","floor":16,"turns":16},{"damage":7,"enemies":"3 Byrds","floor":18,"turns":5},{"damage":19,"enemies":"Spheric Guardian","floor":22,"turns":6},{"damage":54,"enemies":"Slavers","floor":24,"turns":6},{"damage":10,"enemies":"Snecko","floor":27,"turns":5},{"damage":24,"enemies":"Snake Plant","floor":31,"turns":5},{"damage":96,"enemies":"Collector","floor":33,"turns":11}],"seed_played":"-6742201524268934217","potions_obtained":[{"floor":1,"key":"GamblersBrew"},{"floor":7,"key":"SpeedPotion"},{"floor":8,"key":"EssenceOfSteel"},{"floor":11,"key":"Poison Potion"},{"floor":16,"key":"PowerPotion"},{"floor":22,"key":"SkillPotion"},{"floor":27,"key":"Regen Potion"},{"floor":31,"key":"Swift Potion"}],"is_trial":false,"path_per_floor":["M","?","M","$","M","R","M","E","T","?","M","$","?","M","R","B",null,"M","?","$","?","M","R","E","R","T","M","?","R","?","M","R","B"],"character_chosen":"IRONCLAD","items_purchased":[],"campfire_rested":4,"item_purchase_floors":[],"current_hp_per_floor":[42,49,46,46,52,76,53,28,28,28,16,16,16,21,45,11,64,71,71,71,71,62,82,34,58,58,54,54,54,54,46,46,0],"gold":154,"neow_bonus":"TRANSFORM_CARD","is_prod":false,"is_daily":false,"chose_seed":false,"campfire_upgraded":2,"win_rate":0,"timestamp":1548883380,"path_taken":["M","?","?","$","M","R","M","E","T","?","M","$","?","M","R","BOSS","M","?","$","?","M","R","E","R","T","?","?","R","?","M","R","BOSS"],"build_version":"2019-01-23","purchased_purges":2,"victory":false,"max_hp_per_floor":[75,82,82,82,82,82,82,82,82,82,82,82,82,82,82,82,82,82,82,82,82,82,82,82,82,82,82,57,57,57,57,57,57],"card_choices":[{"not_picked":["Clothesline","Thunderclap"],"picked":"Headbutt","floor":1},{"not_picked":["Thunderclap","True Grit"],"picked":"Flame Barrier","floor":3},{"not_picked":["Infernal Blade","Wild Strike"],"picked":"Cleave","floor":5},{"not_picked":["Iron Wave","Heavy Blade"],"picked":"Rage","floor":7},{"not_picked":["Rupture","Exhume","Sentinel"],"picked":"SKIP","floor":8},{"not_picked":["Pommel Strike","Havoc","Headbutt"],"picked":"SKIP","floor":11},{"not_picked":["Cleave","Wild Strike"],"picked":"Ghostly Armor","floor":14},{"not_picked":["Feed","Double Tap"],"picked":"Reaper","floor":16},{"not_picked":[],"picked":"Body Slam+1","floor":18},{"not_picked":["True Grit"],"picked":"SKIP","floor":22},{"not_picked":["Fire Breathing"],"picked":"SKIP","floor":24},{"not_picked":[],"picked":"Power Through","floor":27},{"not_picked":[],"picked":"Flame Barrier","floor":31}],"player_experience":466567,"relics_obtained":[{"floor":8,"key":"Charon\u0027s Ashes"},{"floor":9,"key":"Self Forming Clay"},{"floor":24,"key":"Pen Nib"},{"floor":26,"key":"Meat on the Bone"}],"event_choices":[{"damage_healed":0,"gold_gain":0,"player_choice":"Gave Potion","damage_taken":0,"relics_obtained":["Strawberry"],"max_hp_gain":0,"max_hp_loss":0,"event_name":"WeMeetAgain","floor":2,"gold_loss":0},{"damage_healed":0,"gold_gain":0,"player_choice":"Grow","damage_taken":0,"max_hp_gain":0,"max_hp_loss":0,"event_name":"Living Wall","floor":10,"gold_loss":0,"cards_upgraded":["Flame Barrier"]},{"damage_healed":0,"gold_gain":0,"player_choice":"Left Gold","damage_taken":0,"max_hp_gain":0,"max_hp_loss":0,"event_name":"World of Goop","floor":13,"gold_loss":26},{"damage_healed":0,"gold_gain":0,"player_choice":"Paid Fearfully","damage_taken":0,"max_hp_gain":0,"max_hp_loss":0,"event_name":"Masked Bandits","floor":19,"gold_loss":105},{"damage_healed":0,"gold_gain":0,"cards_transformed":["Strike_R"],"player_choice":"Transformed","damage_taken":0,"max_hp_gain":0,"max_hp_loss":0,"event_name":"Transmorgrifier","floor":21,"gold_loss":0,"cards_obtained":["Intimidate"]},{"damage_healed":0,"gold_gain":0,"player_choice":"Became a vampire","damage_taken":0,"max_hp_gain":0,"max_hp_loss":25,"event_name":"Vampires","floor":28,"gold_loss":0,"cards_obtained":["Bite","Bite","Bite","Bite","Bite"]},{"damage_healed":0,"gold_gain":0,"cards_transformed":["Defend_R","Defend_R"],"player_choice":"Became Test Subject","damage_taken":0,"max_hp_gain":0,"max_hp_loss":0,"event_name":"Drug Dealer","floor":30,"gold_loss":0,"cards_obtained":["Limit Break","Havoc"]}],"is_beta":false,"boss_relics":[{"not_picked":["Mark of Pain","Black Blood"],"picked":"Busted Crown"}],"items_purged_floors":[4,12],"is_endless":false,"potions_floor_spawned":[1,7,8,11,16,22,27,31],"killed_by":"Collector","ascension_level":14}