{"gold_per_floor":[110,27,27,45,122,122,122,156,209,226,241,241,241,257,257,331,331,351,351,351,68,83,83,112,112,112,12,31,0,17,17,17,96,96,113,123,123,82,0,0,0,0,0,14,14],"floor_reached":45,"playtime":4026,"items_purged":["Defend_B","Streamline"],"score":958,"play_id":"e484c2a2-c086-4a8f-8851-a3d166c4f7eb","local_time":"20190429230401","is_ascension_mode":true,"campfire_choices":[{"floor":6.0,"key":"REST"},{"floor":13.0,"key":"REST"},{"data":"Creative AI","floor":15.0,"key":"SMITH"},{"data":"Mayhem","floor":23.0,"key":"SMITH"},{"floor":25.0,"key":"REST"},{"floor":32.0,"key":"REST"},{"floor":40,"key":"REST"}],"neow_cost":"PERCENT_DAMAGE","seed_source_timestamp":1644305851783419,"circlet_count":0,"master_deck":["AscendersBane","Defend_B","Defend_B","Defend_B","Auto Shields","Electrodynamics","Static Discharge","Tempest","Creative AI+1","Machine Learning","Glacier+1","Capacitor+1","Leap","Mayhem+1","Defragment+1","Reinforced Body+1","Doom and Gloom+1","Defragment","Doubt","Consume+1"],"special_seed":0,"relics":["Cracked Core","Meat on the Bone","Oddly Smooth Stone","Omamori","Astrolabe","Ornamental Fan","Pen Nib","Runic Pyramid","Red Mask","Toxic Egg 2"],"potions_floor_usage":[36],"damage_taken":[{"damage":2.0,"enemies":"Cultist","floor":1.0,"turns":4.0},{"damage":0.0,"enemies":"2 Louse","floor":4.0,"turns":2.0},{"damage":20.0,"enemies":"3 Sentries","floor":8.0,"turns":7.0},{"damage":2.0,"enemies":"Small Slimes","floor":10.0,"turns":3.0},{"damage":5.0,"enemies":"Looter","floor":11.0,"turns":3.0},{"damage":2.0,"enemies":"Blue Slaver","floor":14.0,"turns":3.0},{"damage":0.0,"enemies":"Slime Boss","floor":16.0,"turns":6.0},{"damage":2.0,"enemies":"Spheric Guardian","floor":18.0,"turns":9.0},{"damage":15.0,"enemies":"2 Thieves","floor":22.0,"turns":4.0},{"damage":9.0,"enemies":"Book of Stabbing","floor":24.0,"turns":7.0},{"damage":4.0,"enemies":"Snecko","floor":28.0,"turns":6.0},{"damage":32.0,"enemies":"3 Cultists","floor":30.0,"turns":5.0},{"damage":29.0,"enemies":"Automaton","floor":33.0,"turns":14.0},{"damage":32.0,"enemies":"3 Darklings","floor":35.0,"turns":18.0},{"damage":24,"enemies":"Orb Walker","floor":36,"turns":7},{"damage":37,"enemies":"Sphere and 2 Shapes","floor":44,"turns":8},{"damage":52,"enemies":"Spire Growth","floor":45,"turns":4}],"seed_played":"-3276424518496061990","potions_obtained":[{"floor":1.0,"key":"Swift Potion"},{"floor":10.0,"key":"PowerPotion"},{"floor":16.0,"key":"FearPotion"},{"floor":22.0,"key":"LiquidBronze"},{"floor":24.0,"key":"Block Potion"},{"floor":35.0,"key":"PowerPotion"},{"floor":36,"key":"FearPotion"}],"is_trial":false,"path_per_floor":["M","$","?","M","T","R","?","E","T","M","M","?","R","M","R","B",null,"M","?","?","$","M","R","E","R","T","$","M","?","M","?","R","B",null,"M","M","?","$","?","R","?","?","T","M","M"],"character_chosen":"DEFECT","items_purchased":["Auto Shields","Mayhem","Defragment"],"campfire_rested":5,"item_purchase_floors":[2,21,38],"current_hp_per_floor":[44,44,44,44,44,65,65,45,45,43,38,55,71,69,69,69,71,69,69,69,69,54,54,45,66,66,66,62,62,42,42,63,46,65,45,33,33,33,33,54,71,71,71,46,0],"gold":14,"neow_bonus":"REMOVE_TWO","is_prod":false,"is_daily":false,"chose_seed":false,"campfire_upgraded":2,"win_rate":0,"timestamp":1556568241,"path_taken":["M","$","?","?","?","R","?","E","T","M","M","?","R","M","R","BOSS","M","?","?","$","M","R","E","R","T","$","M","?","M","?","R","BOSS","M","M","?","$","?","R","?","?","T","?","M"],"build_version":"2019-01-23","purchased_purges":2,"victory":false,"max_hp_per_floor":[71,71,71,71,71,71,71,71,71,71,71,71,71,71,71,71,71,71,71,71,71,71,71,71,71,71,71,71,71,71,71,71,71,71,71,71,71,71,71,71,71,71,71,71,71],"card_choices":[{"not_picked":["Lockon","Redo","Stack"],"picked":"SKIP","floor":1.0},{"not_picked":["Hologram","Cold Snap"],"picked":"Streamline","floor":4.0},{"not_picked":["Beam Cell","Streamline"],"picked":"Static Discharge","floor":8.0},{"not_picked":["Coolheaded","Chill","Barrage"],"picked":"SKIP","floor":10.0},{"not_picked":["Barrage","Go for the Eyes"],"picked":"Tempest","floor":11.0},{"not_picked":["Gash","Stack"],"picked":"Creative AI","floor":14.0},{"not_picked":["Biased Cognition","Seek"],"picked":"Machine Learning","floor":16.0},{"not_picked":["Barrage+1","Doom and Gloom","Stack"],"picked":"SKIP","floor":18.0},{"not_picked":["Lockon","Steam"],"picked":"Defragment+1","floor":22.0},{"not_picked":["Hologram","Ball Lightning","Go for the Eyes"],"picked":"SKIP","floor":24.0},{"not_picked":["Aggregate","Stack","Streamline"],"picked":"SKIP","floor":28.0},{"not_picked":["Redo","Hello World"],"picked":"Reinforced Body","floor":30.0},{"not_picked":["Steam","Aggregate"],"picked":"Doom and Gloom+1","floor":35.0},{"not_picked":["Cold Snap","Turbo","Go for the Eyes"],"picked":"SKIP","floor":36},{"not_picked":["Loop","Rebound"],"picked":"Consume+1","floor":44}],"player_experience":860537,"relics_obtained":[{"floor":5.0,"key":"Meat on the Bone"},{"floor":8.0,"key":"Oddly Smooth Stone"},{"floor":9.0,"key":"Omamori"},{"floor":24.0,"key":"Ornamental Fan"},{"floor":26.0,"key":"Pen Nib"},{"floor":43,"key":"Toxic Egg 2"}],"event_choices":[{"damage_healed":0.0,"max_hp_gain":0.0,"max_hp_loss":0.0,"gold_gain":0.0,"cards_transformed":["Strike_B"],"event_name":"Transmorgrifier","player_choice":"Transformed","floor":3.0,"gold_loss":0.0,"damage_taken":0.0,"cards_obtained":["Electrodynamics"]},{"damage_healed":0.0,"max_hp_gain":0.0,"max_hp_loss":0.0,"gold_gain":0.0,"event_name":"Scrap Ooze","player_choice":"Fled","floor":7.0,"gold_loss":0.0,"damage_taken":0.0},{"damage_healed":17.0,"max_hp_gain":0.0,"max_hp_loss":0.0,"gold_gain":0.0,"event_name":"Mushrooms","player_choice":"Healed and dodged fight","floor":12.0,"gold_loss":0.0,"damage_taken":0.0,"cards_obtained":["Parasite"]},{"damage_healed":0.0,"max_hp_gain":0.0,"max_hp_loss":0.0,"gold_gain":0.0,"event_name":"The Library","player_choice":"Read","floor":19.0,"gold_loss":0.0,"damage_taken":0.0,"cards_obtained":["Leap"]},{"damage_healed":0.0,"max_hp_gain":0.0,"max_hp_loss":0.0,"gold_gain":0.0,"event_name":"Forgotten Altar","player_choice":"Smashed Altar","floor":20.0,"gold_loss":0.0,"damage_taken":0.0,"cards_obtained":["Decay"]},{"damage_healed":0.0,"max_hp_gain":0.0,"max_hp_loss":0.0,"gold_gain":0.0,"event_name":"Masked Bandits","player_choice":"Paid Fearfully","floor":29.0,"gold_loss":31.0,"damage_taken":0.0},{"cards_removed":["Seek"],"damage_healed":0,"gold_gain":0,"player_choice":"Removed Skill","damage_taken":0,"max_hp_gain":0,"max_hp_loss":0,"event_name":"Falling","floor":37,"gold_loss":0},{"damage_healed":0,"gold_gain":0,"player_choice":"Paid","damage_taken":0,"relics_obtained":["Red Mask"],"max_hp_gain":0,"max_hp_loss":0,"event_name":"Tomb of Lord Red Mask","floor":39,"gold_loss":82},{"damage_healed":17,"gold_gain":0,"player_choice":"Heal","damage_taken":0,"max_hp_gain":0,"max_hp_loss":0,"event_name":"MindBloom","floor":41,"gold_loss":0,"cards_obtained":["Doubt"]},{"damage_healed":0,"gold_gain":0,"player_choice":"Upgraded","damage_taken":0,"max_hp_gain":0,"max_hp_loss":0,"event_name":"Upgrade Shrine","floor":42,"gold_loss":0,"cards_upgraded":["Reinforced Body"]}],"is_beta":false,"boss_relics":[{"not_picked":["Fusion Hammer","Runic Dome"],"picked":"Astrolabe"},{"not_picked":["White Beast Statue","Calling Bell"],"picked":"Runic Pyramid"}],"items_purged_floors":[21,27],"is_endless":false,"potions_floor_spawned":[1,10,16,22,24,28,35,36],"killed_by":"Spire Growth","ascension_level":20}