{"gold_per_floor":[364,383,58,6,20,53,3,3,51,51,168,128,138,170,170,272,272,289,289,306,306,151,151,168,168,168,168,168,168,200,220,220,220,220,230,27,39,39,52,87,99,124,136,162,189,219,231,93,93,197,197,209,209,209,228,240,240],"floor_reached":57,"playtime":3311,"items_purged":["Strike_R"],"score":803,"play_id":"cd1c398e-ab2e-4dbd-aab5-d2dee22051f2","local_time":"20190104022807","is_ascension_mode":true,"campfire_choices":[{"data":"Bash","floor":8,"key":"SMITH"},{"data":"Uppercut","floor":10,"key":"SMITH"},{"data":"Armaments","floor":15,"key":"SMITH"},{"data":"Whirlwind","floor":23,"key":"SMITH"},{"data":"Inflame","floor":25,"key":"SMITH"},{"data":"Feed","floor":28,"key":"SMITH"},{"floor":32,"key":"REST"},{"data":"True Grit","floor":41,"key":"SMITH"},{"floor":47,"key":"REST"},{"data":"Clothesline","floor":47,"key":"SMITH"},{"data":"Flame Barrier","floor":49,"key":"SMITH"}],"neow_cost":"PERCENT_DAMAGE","seed_source_timestamp":8091702772591,"circlet_count":0,"master_deck":["Defend_R","Defend_R+1","Defend_R","Defend_R","Bash+1","Iron Wave","Clothesline+1","Disarm+1","Shrug It Off","Uppercut+1","Anger","Armaments+1","Feed+1","Flame Barrier+1","Whirlwind+1","Shrug It Off","Spot Weakness+1","Inflame+1","Offering","Exhume","Sword Boomerang+1","True Grit+1","Reaper","Shrug It Off+1","Offering","Demon Form+1","Heavy Blade+1","Metallicize"],"relics":["Burning Blood","Meat on the Bone","Potion Belt","War Paint","Pear","Orrery","Enchiridion","Pantograph","infinitespire:ShieldingShard","Velvet Choker","Happy Flower","MawBank","infinitespire:Magic Flask","Molten Egg 2","Empty Cage"],"potions_floor_usage":[14,31,33,40],"damage_taken":[{"damage":1,"enemies":"Cultist","floor":1,"turns":3},{"damage":2,"enemies":"Small Slimes","floor":2,"turns":3},{"damage":0,"enemies":"2 Louse","floor":5,"turns":2},{"damage":40,"enemies":"Gremlin Nob","floor":6,"turns":5},{"damage":40,"enemies":"Gremlin Gang","floor":11,"turns":5},{"damage":2,"enemies":"Red Slaver","floor":13,"turns":3},{"damage":18,"enemies":"3 Sentries","floor":14,"turns":8},{"damage":2,"enemies":"Hexaghost","floor":16,"turns":12},{"damage":12,"enemies":"3 Byrds","floor":18,"turns":6},{"damage":14,"enemies":"Chosen","floor":20,"turns":7},{"damage":18,"enemies":"Snake Plant","floor":24,"turns":3},{"damage":44,"enemies":"infiniteSpire:Nightmare","floor":30,"turns":8},{"damage":32,"enemies":"Sentry and Sphere","floor":31,"turns":8},{"damage":32,"enemies":"Champ","floor":33,"turns":30},{"damage":0,"enemies":"Orb Walker","floor":35,"turns":3},{"damage":2,"enemies":"3 Darklings","floor":37,"turns":3},{"damage":11,"enemies":"Maw","floor":39,"turns":8},{"damage":45,"enemies":"infiniteSpire:Nightmare","floor":40,"turns":11},{"damage":15,"enemies":"Transient","floor":42,"turns":5},{"damage":12,"enemies":"Jaw Worm Horde","floor":44,"turns":2},{"damage":19,"enemies":"3 Darklings","floor":45,"turns":5},{"damage":36,"enemies":"4 Shapes","floor":46,"turns":10},{"damage":67,"enemies":"Awakened One","floor":50,"turns":15},{"damage":0,"enemies":"Jaw Worm","floor":52,"turns":2},{"damage":0,"enemies":"Cultist","floor":55,"turns":2},{"damage":0,"enemies":"2 Louse","floor":56,"turns":1},{"damage":116,"enemies":"infiniteSpire:Nightmare","floor":57,"turns":7}],"seed_played":"-7187048401044520541","potions_obtained":[{"floor":11,"key":"Ancient Potion"},{"floor":12,"key":"AttackPotion"},{"floor":12,"key":"FairyPotion"},{"floor":12,"key":"FearPotion"},{"floor":13,"key":"BloodPotion"},{"floor":14,"key":"Dexterity Potion"},{"floor":24,"key":"Fire Potion"},{"floor":30,"key":"infinitespire:BlackPotion"},{"floor":33,"key":"SneckoOil"},{"floor":35,"key":"Explosive Potion"},{"floor":40,"key":"Dexterity Potion"},{"floor":44,"key":"Strength Potion"}],"is_trial":false,"path_per_floor":["M","M","$","$","M","E","?","R","T","R","M","?","M","E","R","B",null,"M","?","M","?","$","R","M","R","T","$","R","?","NM","M","R","B",null,"M","$","M","$","M","NM","R","M","T","M","M","M","R","$","R","B",null,"M","?","?","M","M","NM"],"character_chosen":"IRONCLAD","items_purchased":["Disarm","Meat on the Bone","Shrug It Off","Offering","True Grit","Happy Flower","Offering"],"campfire_rested":2,"item_purchase_floors":[3,3,4,22,36,36,48],"current_hp_per_floor":[61,65,65,65,71,49,49,49,49,49,27,27,43,61,61,65,90,87,87,82,66,66,66,57,57,57,57,57,57,31,27,56,67,99,103,103,103,103,102,63,63,66,66,60,71,62,94,94,94,76,115,115,115,115,115,115,0],"gold":240,"neow_bonus":"TWO_FIFTY_GOLD","is_prod":false,"is_daily":false,"chose_seed":false,"campfire_upgraded":9,"win_rate":0,"timestamp":1546586887,"path_taken":["M","M","?","$","M","E","?","R","T","R","M","?","?","E","R","BOSS","M","?","M","?","?","R","M","R","T","$","R","?","NM","M","R","BOSS","M","$","M","$","M","NM","R","?","T","M","M","M","R","$","R","BOSS","M","?","?","M","?","NM"],"build_version":"2019-01-03v3","purchased_purges":1,"victory":false,"max_hp_per_floor":[80,80,80,80,80,80,80,80,80,80,80,80,80,90,90,90,90,93,93,96,96,96,96,99,99,99,99,99,99,99,99,99,99,99,103,103,103,103,107,107,107,107,107,107,107,107,107,107,107,115,115,115,115,115,115,115,115],"card_choices":[{"not_picked":["Headbutt","Heavy Blade"],"picked":"Iron Wave","floor":1},{"not_picked":["Battle Trance","Thunderclap"],"picked":"Clothesline","floor":2},{"not_picked":["Body Slam","Heavy Blade","Infernal Blade"],"picked":"SKIP","floor":5},{"not_picked":["Thunderclap","Clash"],"picked":"Uppercut","floor":6},{"not_picked":["Searing Blow","Havoc"],"picked":"Anger","floor":11},{"not_picked":["Anger","Sever Soul"],"picked":"Armaments","floor":13},{"not_picked":["Flex","Clash","Warcry"],"picked":"SKIP","floor":14},{"not_picked":["Limit Break","Dark Embrace"],"picked":"Feed","floor":16},{"not_picked":["Warcry","Cleave"],"picked":"Flame Barrier","floor":17},{"not_picked":["Warcry","Reckless Charge"],"picked":"Whirlwind","floor":17},{"not_picked":["Cleave","Havoc"],"picked":"Shrug It Off","floor":17},{"not_picked":["Searing Blow","Pummel"],"picked":"Spot Weakness+1","floor":18},{"not_picked":["Heavy Blade","Havoc+1","Whirlwind"],"picked":"SKIP","floor":20},{"not_picked":["Reckless Charge","Pummel","Feel No Pain+1"],"picked":"SKIP","floor":24},{"not_picked":["Evolve","Entrench","Spot Weakness+1"],"picked":"SKIP","floor":30},{"not_picked":["Havoc+1","Feel No Pain"],"picked":"Sword Boomerang+1","floor":31},{"not_picked":["Sword Boomerang","Wild Strike+1","Second Wind"],"picked":"SKIP","floor":35},{"not_picked":["Entrench","Clothesline+1","Sentinel"],"picked":"SKIP","floor":37},{"not_picked":["Perfected Strike","Corruption+1","Sword Boomerang"],"picked":"SKIP","floor":39},{"not_picked":["Clothesline+1","Rupture+1","Sever Soul+1"],"picked":"SKIP","floor":40},{"not_picked":["Perfected Strike","Anger","Warcry"],"picked":"SKIP","floor":42},{"not_picked":["Headbutt+1","Power Through+1"],"picked":"Reaper","floor":44},{"not_picked":["Twin Strike","Anger","Pommel Strike"],"picked":"SKIP","floor":45},{"not_picked":["Blood for Blood+1","Cleave"],"picked":"Shrug It Off+1","floor":46},{"not_picked":["Juggernaut","Exhume"],"picked":"Demon Form","floor":50},{"not_picked":["Infernal Blade","Pommel Strike+1"],"picked":"Heavy Blade+1","floor":52},{"not_picked":["Twin Strike+1","Hemokinesis+1"],"picked":"Metallicize","floor":55},{"not_picked":["Iron Wave+1","Anger+1","Headbutt+1"],"picked":"SKIP","floor":56}],"player_experience":358653,"relics_obtained":[{"floor":6,"key":"Potion Belt"},{"floor":9,"key":"War Paint"},{"floor":14,"key":"Pear"},{"floor":21,"key":"Enchiridion"},{"floor":26,"key":"Pantograph"},{"floor":30,"key":"infinitespire:ShieldingShard"},{"floor":40,"key":"MawBank"},{"floor":43,"key":"infinitespire:Magic Flask"}],"event_choices":[{"cards_removed":["Strike_R"],"damage_healed":0,"gold_gain":0,"player_choice":"Card Removal","damage_taken":0,"max_hp_gain":0,"max_hp_loss":0,"event_name":"The Cleric","floor":7,"gold_loss":50},{"damage_healed":0,"gold_gain":0,"player_choice":"Bought 3 Potions","damage_taken":0,"max_hp_gain":0,"max_hp_loss":0,"event_name":"The Woman in Blue","floor":12,"gold_loss":0},{"damage_healed":0,"gold_gain":0,"player_choice":"Read","damage_taken":0,"max_hp_gain":0,"max_hp_loss":0,"event_name":"The Library","floor":19,"gold_loss":0,"cards_obtained":["Inflame"]},{"damage_healed":0,"gold_gain":0,"player_choice":"Obtained Book","damage_taken":16,"max_hp_gain":0,"max_hp_loss":0,"event_name":"Cursed Tome","floor":21,"gold_loss":0},{"damage_healed":0,"gold_gain":0,"cards_transformed":["Strike_R"],"player_choice":"Transformed","damage_taken":0,"max_hp_gain":0,"max_hp_loss":0,"event_name":"Transmorgrifier","floor":29,"gold_loss":0,"cards_obtained":["Exhume"]},{"damage_healed":0,"gold_gain":0,"player_choice":"Grow","damage_taken":0,"max_hp_gain":0,"max_hp_loss":0,"event_name":"Living Wall","floor":53,"gold_loss":0,"cards_upgraded":["Demon Form"]}],"is_beta":false,"boss_relics":[{"not_picked":["Runic Dome","infinitespire:Burning Sword"],"picked":"Orrery"},{"not_picked":["Philosopher\u0027s Stone","Black Star"],"picked":"Velvet Choker"},{"not_picked":["Calling Bell","Mark of Pain"],"picked":"Empty Cage"}],"items_purged_floors":[22],"is_endless":true,"potions_floor_spawned":[11,13,14,20,24,30,33,35,40,44,46],"killed_by":"infiniteSpire:Nightmare","ascension_level":1}