{"gold_per_floor":[167,179,104,104,23,23,41,41,67,79,79,95,123,73,73,151,151,171,171,197,122,140,140,140,140],"floor_reached":25,"playtime":1501,"items_purged":["Strike_G"],"score":358,"play_id":"c02f6cb6-7770-4095-8407-75d26df06ef9","local_time":"20190519021152","is_ascension_mode":true,"campfire_choices":[{"data":"Neutralize","floor":6.0,"key":"SMITH"},{"data":"Leg Sweep","floor":8.0,"key":"SMITH"},{"data":"Accuracy","floor":11.0,"key":"SMITH"},{"data":"Blade Dance","floor":15.0,"key":"SMITH"},{"floor":23,"key":"REST"}],"neow_cost":"NONE","seed_source_timestamp":287599445123563,"circlet_count":0,"master_deck":["AscendersBane","Defend_G","Defend_G","Defend_G","Defend_G+1","Defend_G","Strike_G+1","Strike_G","Strike_G","Survivor","Neutralize+1","Dagger Throw+1","Finisher","Accuracy+1","Leg Sweep+1","Slice","Envenom","Footwork","Blade Dance+1","Adrenaline","Underhanded Strike"],"special_seed":0,"relics":["Tiny House","Whetstone","Centennial Puzzle","Runic Pyramid","Boot"],"potions_floor_usage":[],"damage_taken":[{"damage":0.0,"enemies":"2 Louse","floor":1.0,"turns":3.0},{"damage":0.0,"enemies":"Cultist","floor":2.0,"turns":4.0},{"damage":1.0,"enemies":"Jaw Worm","floor":7.0,"turns":4.0},{"damage":3.0,"enemies":"Blue Slaver","floor":10.0,"turns":5.0},{"damage":0.0,"enemies":"Large Slime","floor":12.0,"turns":6.0},{"damage":19.0,"enemies":"Gremlin Nob","floor":13.0,"turns":6.0},{"damage":25.0,"enemies":"Hexaghost","floor":16.0,"turns":12.0},{"damage":4.0,"enemies":"Spheric Guardian","floor":18.0,"turns":6.0},{"damage":18.0,"enemies":"Colosseum Slavers","floor":19.0,"turns":6.0},{"damage":2,"enemies":"2 Thieves","floor":22,"turns":4},{"damage":80,"enemies":"Snecko","floor":25,"turns":9}],"seed_played":"8716886747720005898","potions_obtained":[{"floor":0.0,"key":"Swift Potion"},{"floor":7.0,"key":"AttackPotion"},{"floor":10.0,"key":"PowerPotion"},{"floor":16.0,"key":"PowerPotion"},{"floor":18.0,"key":"EntropicBrew"}],"is_trial":false,"path_per_floor":["M","M","?","?","$","R","M","R","T","M","R","M","E","$","R","B",null,"M","?","T","$","M","R","?","M"],"character_chosen":"THE_SILENT","items_purchased":["Accuracy","Blade Dance"],"campfire_rested":1,"item_purchase_floors":[5,14],"current_hp_per_floor":[64,64,64,71,71,71,70,70,70,67,67,67,48,48,48,23,59,55,37,37,37,35,56,56,0],"gold":140,"neow_bonus":"BOSS_RELIC","is_prod":false,"is_daily":false,"chose_seed":false,"campfire_upgraded":4,"win_rate":0,"timestamp":1558221112,"path_taken":["M","M","?","?","$","R","M","R","T","M","R","M","E","$","R","BOSS","M","?","?","$","M","R","?","M"],"build_version":"2019-01-23","purchased_purges":1,"victory":false,"max_hp_per_floor":[71,71,71,71,71,71,71,71,71,71,71,71,71,71,71,71,71,71,71,71,71,71,71,71,71],"card_choices":[{"not_picked":["Acrobatics","Slice"],"picked":"Dagger Throw","floor":0.0},{"not_picked":["Setup","Bane","Dodge and Roll"],"picked":"SKIP","floor":1.0},{"not_picked":["Cloak And Dagger","Slice"],"picked":"Finisher","floor":2.0},{"not_picked":["Dagger Spray","Deadly Poison"],"picked":"Leg Sweep","floor":7.0},{"not_picked":["Finisher","Choke"],"picked":"Slice","floor":10.0},{"not_picked":["Underhanded Strike","Predator"],"picked":"Envenom","floor":12.0},{"not_picked":["Masterful Stab","Dodge and Roll"],"picked":"Footwork","floor":13.0},{"not_picked":["Phantasmal Killer","Night Terror"],"picked":"Adrenaline","floor":16.0},{"not_picked":["Deadly Poison","Outmaneuver"],"picked":"Underhanded Strike","floor":18.0},{"not_picked":["Dagger Spray","Tactician","Slice"],"picked":"SKIP","floor":22}],"player_experience":1023836,"relics_obtained":[{"floor":9.0,"key":"Whetstone"},{"floor":13.0,"key":"Centennial Puzzle"},{"floor":20.0,"key":"Boot"}],"event_choices":[{"cards_removed":["Strike_G"],"damage_healed":0.0,"max_hp_gain":0.0,"max_hp_loss":0.0,"gold_gain":0.0,"event_name":"The Cleric","player_choice":"Card Removal","floor":3.0,"gold_loss":75.0,"damage_taken":0.0},{"damage_healed":7.0,"max_hp_gain":0.0,"max_hp_loss":0.0,"gold_gain":0.0,"event_name":"Wheel of Change","player_choice":"Full Heal","floor":4.0,"gold_loss":0.0,"damage_taken":0.0},{"damage_healed":0.0,"max_hp_gain":0.0,"max_hp_loss":0.0,"gold_gain":0.0,"event_name":"Colosseum","player_choice":"Fight","floor":19.0,"gold_loss":0.0,"damage_taken":0.0},{"damage_healed":0.0,"max_hp_gain":0.0,"max_hp_loss":0.0,"gold_gain":0.0,"event_name":"Colosseum","player_choice":"Fled From Nobs","floor":19.0,"gold_loss":0.0,"damage_taken":0.0},{"damage_healed":0,"gold_gain":0,"player_choice":"Ignored","damage_taken":0,"max_hp_gain":0,"max_hp_loss":0,"event_name":"Vampires","floor":24,"gold_loss":0}],"is_beta":false,"boss_relics":[{"not_picked":["Cursed Key","Orrery"],"picked":"Runic Pyramid"}],"items_purged_floors":[21],"is_endless":false,"potions_floor_spawned":[7,10,16,18,19],"killed_by":"Snecko","ascension_level":16}