{"gold_per_floor":[110,121,121,134,134,173,194,234,289,289,303,344,344,344,344,467,467,487,501,501,178,78,109,121,113,125,137,172,109,121,169,181,193],"floor_reached":33,"playtime":1811,"items_purged":["Defend_R","Defend_R"],"score":369,"play_id":"cb807a7b-177d-47d5-a6c3-da22254fc913","local_time":"20190428000535","is_ascension_mode":true,"campfire_choices":[{"floor":10,"key":"REST"},{"floor":13,"key":"REST"},{"data":"Evolve","floor":15,"key":"SMITH"},{"floor":24,"key":"REST"},{"floor":27,"key":"REST"},{"floor":32,"key":"REST"}],"neow_cost":"NONE","seed_source_timestamp":1157397535032816,"circlet_count":0,"master_deck":["Strike_R","Strike_R","Strike_R","Strike_R","Defend_R","Defend_R+1","Bash","Evolve+1","Pummel","Demon Form+1","Shrug It Off+1","Wild Strike","Wild Strike","Brutality","Double Tap","Pommel Strike+1","Reckless Charge"],"relics":["Burning Blood","Golden Idol","Happy Flower","Mummified Hand","Blood Vial","War Paint","Philosopher\u0027s Stone","Pantograph","MawBank","Singing Bowl","Darkstone Periapt"],"potions_floor_usage":[6,6,16,16,28,28],"damage_taken":[{"damage":3,"enemies":"Jaw Worm","floor":1,"turns":4},{"damage":8,"enemies":"Small Slimes","floor":2,"turns":4},{"damage":5,"enemies":"2 Louse","floor":4,"turns":3},{"damage":22,"enemies":"3 Sentries","floor":6,"turns":8},{"damage":14,"enemies":"Exordium Thugs","floor":7,"turns":6},{"damage":41,"enemies":"Gremlin Nob","floor":8,"turns":5},{"damage":9,"enemies":"Blue Slaver","floor":11,"turns":3},{"damage":26,"enemies":"Lagavulin","floor":12,"turns":5},{"damage":2,"enemies":"Slime Boss","floor":16,"turns":5},{"damage":33,"enemies":"2 Thieves","floor":18,"turns":4},{"damage":17,"enemies":"Shell Parasite","floor":19,"turns":5},{"damage":14,"enemies":"Book of Stabbing","floor":23,"turns":4},{"damage":35,"enemies":"Sentry and Sphere","floor":28,"turns":4},{"damage":64,"enemies":"Slavers","floor":31,"turns":4},{"damage":94,"enemies":"Collector","floor":33,"turns":5}],"seed_played":"-609881721508429369","potions_obtained":[{"floor":1,"key":"Block Potion"},{"floor":4,"key":"Fire Potion"},{"floor":6,"key":"Poison Potion"},{"floor":8,"key":"PowerPotion"},{"floor":12,"key":"Poison Potion"},{"floor":19,"key":"GamblersBrew"},{"floor":25,"key":"Block Potion"}],"is_trial":false,"path_per_floor":["M","M","?","M","?","E","M","E","T","R","M","E","R","?","R","B",null,"M","M","?","$","$","E","R","?","T","R","M","?","?","E","R","B"],"character_chosen":"IRONCLAD","items_purchased":["Pantograph"],"campfire_rested":5,"item_purchase_floors":[21],"current_hp_per_floor":[88,86,81,81,86,70,62,27,27,52,51,33,58,58,58,64,86,59,50,34,34,34,28,53,53,53,78,51,51,86,30,56,0],"gold":193,"neow_bonus":"TEN_PERCENT_HP_BONUS","is_prod":false,"is_daily":false,"chose_seed":false,"campfire_upgraded":1,"win_rate":0,"timestamp":1556424335,"path_taken":["M","M","?","M","?","E","M","E","T","R","M","E","R","?","R","BOSS","M","M","?","?","$","E","R","?","T","R","?","?","?","E","R","BOSS"],"build_version":"2019-01-23","purchased_purges":2,"victory":false,"max_hp_per_floor":[88,88,81,81,86,86,86,86,86,86,86,86,86,86,86,86,86,86,86,86,86,86,86,86,86,86,86,86,86,86,88,88,88],"card_choices":[{"not_picked":["Iron Wave","Warcry"],"picked":"Evolve","floor":1},{"not_picked":["True Grit","Shockwave"],"picked":"Pummel","floor":2},{"not_picked":["Perfected Strike","Pommel Strike"],"picked":"Demon Form","floor":4},{"not_picked":["Flex","Perfected Strike"],"picked":"Shrug It Off","floor":6},{"not_picked":["Warcry","Hemokinesis"],"picked":"Wild Strike","floor":7},{"not_picked":["Twin Strike","Sword Boomerang"],"picked":"Wild Strike","floor":8},{"not_picked":["Headbutt","Clothesline","Anger"],"picked":"SKIP","floor":11},{"not_picked":["Pommel Strike","Heavy Blade"],"picked":"Brutality","floor":12},{"not_picked":["Dark Embrace","Berserk"],"picked":"Double Tap","floor":16},{"not_picked":["Perfected Strike","Dropkick+1"],"picked":"Pommel Strike+1","floor":18},{"not_picked":["Armaments","Clothesline","Rage"],"picked":"SKIP","floor":19},{"not_picked":["Body Slam","Thunderclap","Clash"],"picked":"SKIP","floor":23},{"not_picked":["Armaments","Headbutt"],"picked":"Reckless Charge","floor":28},{"not_picked":["Brutality","Burning Pact","Twin Strike"],"picked":"Singing Bowl","floor":31}],"player_experience":138443,"relics_obtained":[{"floor":6,"key":"Happy Flower"},{"floor":8,"key":"Mummified Hand"},{"floor":9,"key":"Blood Vial"},{"floor":12,"key":"War Paint"},{"floor":23,"key":"MawBank"},{"floor":26,"key":"Singing Bowl"},{"floor":31,"key":"Darkstone Periapt"}],"event_choices":[{"damage_healed":0,"gold_gain":0,"player_choice":"Lose Max HP","damage_taken":0,"relics_obtained":["Golden Idol"],"max_hp_gain":0,"max_hp_loss":7,"event_name":"Golden Idol","floor":3,"gold_loss":0},{"damage_healed":0,"gold_gain":0,"player_choice":"Donut","damage_taken":0,"max_hp_gain":5,"max_hp_loss":0,"event_name":"Big Fish","floor":5,"gold_loss":0},{"damage_healed":0,"gold_gain":0,"player_choice":"Forge","damage_taken":0,"max_hp_gain":0,"max_hp_loss":0,"event_name":"Accursed Blacksmith","floor":14,"gold_loss":0,"cards_upgraded":["Demon Form"]},{"damage_healed":0,"gold_gain":0,"player_choice":"CARD ","damage_taken":16,"max_hp_gain":0,"max_hp_loss":0,"event_name":"Knowing Skull","floor":20,"potions_obtained":[],"gold_loss":0,"cards_obtained":["Dark Shackles"]},{"damage_healed":0,"gold_gain":0,"player_choice":"Bought 1 Potion","damage_taken":0,"max_hp_gain":0,"max_hp_loss":0,"event_name":"The Woman in Blue","floor":25,"gold_loss":0},{"cards_removed":["Strike_R"],"damage_healed":0,"gold_gain":0,"player_choice":"Gave Gold","damage_taken":0,"max_hp_gain":0,"max_hp_loss":0,"event_name":"Beggar","floor":29,"gold_loss":75},{"cards_removed":["Dark Shackles"],"damage_healed":35,"gold_gain":0,"player_choice":"Offered Uncommon","damage_taken":0,"max_hp_gain":0,"max_hp_loss":0,"event_name":"Bonfire Elementals","floor":30,"gold_loss":0}],"is_beta":false,"boss_relics":[{"not_picked":["Ectoplasm","Fusion Hammer"],"picked":"Philosopher\u0027s Stone"}],"items_purged_floors":[21,22],"is_endless":false,"potions_floor_spawned":[1,4,6,8,12,19],"killed_by":"Collector","ascension_level":1}