{"gold_per_floor":[119,119,135,135,6,33,33,33,33,44,69,69,100,118,118,194,194,206,217,142,64,80,113,113,129,129,129,164,45,72,72,72,148,148,160,210,220,220,320,352,352,377,377,393,410,410,436,5,5,5],"floor_reached":51,"playtime":3371,"items_purged":["Strike_G"],"score":1706,"play_id":"d37bb5a1-1e84-4838-85b3-d050c71098e0","local_time":"20190412123303","is_ascension_mode":true,"campfire_choices":[{"data":"Sucker Punch","floor":8,"key":"SMITH"},{"floor":12,"key":"REST"},{"floor":15,"key":"REST"},{"floor":24,"key":"REST"},{"floor":27,"key":"REST"},{"floor":32,"key":"RECALL"},{"floor":41,"key":"REST"},{"floor":46,"key":"REST"},{"floor":49,"key":"REST"}],"neow_cost":"NONE","seed_source_timestamp":153248870311822,"circlet_count":0,"master_deck":["AscendersBane","Defend_G+1","Defend_G+1","Defend_G+1","Defend_G+1","Defend_G+1","Strike_G+1","Strike_G+1","Survivor+1","Neutralize","Sucker Punch+1","Poisoned Stab","Well Laid Plans","Poisoned Stab","Malaise","Backflip+1","Footwork","Backflip","Dodge and Roll","Corpse Explosion","Backstab","Footwork","Deflect+1","Cloak And Dagger+1","Well Laid Plans","Bouncing Flask+1","Malaise+1","Catalyst+1","Footwork+1","Noxious Fumes","Acrobatics+1","Burst+1"],"relics":["Ring of the Snake","NeowsBlessing","Anchor","Mummified Hand","Oddly Smooth Stone","Darkstone Periapt","Ice Cream","Fusion Hammer","Molten Egg 2","Pen Nib","Toxic Egg 2","Bottled Tornado","Black Star","Pocketwatch","Bird Faced Urn","Pear","Blood Vial","PreservedInsect","Paper Crane","War Paint","Bronze Scales","Pantograph","Dodecahedron"],"potions_floor_usage":[13,28,47],"damage_taken":[{"damage":0,"enemies":"2 Louse","floor":1,"turns":1},{"damage":0,"enemies":"Cultist","floor":3,"turns":1},{"damage":0,"enemies":"Gremlin Nob","floor":6,"turns":1},{"damage":9,"enemies":"Small Slimes","floor":10,"turns":4},{"damage":3,"enemies":"Lagavulin","floor":11,"turns":9},{"damage":24,"enemies":"3 Sentries","floor":13,"turns":13},{"damage":10,"enemies":"Exordium Thugs","floor":14,"turns":5},{"damage":19,"enemies":"The Guardian","floor":16,"turns":14},{"damage":8,"enemies":"Chosen","floor":18,"turns":8},{"damage":0,"enemies":"Spheric Guardian","floor":19,"turns":7},{"damage":5,"enemies":"Snake Plant","floor":22,"turns":5},{"damage":0,"enemies":"Book of Stabbing","floor":23,"turns":9},{"damage":0,"enemies":"Shelled Parasite and Fungi","floor":25,"turns":7},{"damage":0,"enemies":"Slavers","floor":28,"turns":4},{"damage":0,"enemies":"Book of Stabbing","floor":30,"turns":10},{"damage":30,"enemies":"Collector","floor":33,"turns":13},{"damage":0,"enemies":"3 Darklings","floor":35,"turns":5},{"damage":17,"enemies":"2 Orb Walkers","floor":36,"turns":4},{"damage":0,"enemies":"Orb Walker","floor":37,"turns":4},{"damage":0,"enemies":"Mind Bloom Boss Battle","floor":39,"turns":11},{"damage":8,"enemies":"Nemesis","floor":40,"turns":9},{"damage":8,"enemies":"Giant Head","floor":42,"turns":8},{"damage":0,"enemies":"Writhing Mass","floor":44,"turns":5},{"damage":0,"enemies":"3 Darklings","floor":45,"turns":4},{"damage":5,"enemies":"Reptomancer","floor":47,"turns":7},{"damage":0,"enemies":"Time Eater","floor":50,"turns":8}],"seed_played":"4509562592153574185","potions_obtained":[{"floor":1,"key":"Swift Potion"},{"floor":10,"key":"Energy Potion"},{"floor":14,"key":"Ancient Potion"},{"floor":16,"key":"Swift Potion"},{"floor":28,"key":"Fire Potion"}],"is_trial":false,"path_per_floor":["M","?","M","?","$","E","$","R","T","M","E","R","E","M","R","B",null,"M","M","?","$","M","E","R","M","T","R","E","$","E","?","R","B",null,"M","?","M","?","?","E","R","E","T","M","M","R","E","$","R","B",null],"character_chosen":"THE_SILENT","items_purchased":["Well Laid Plans","Poisoned Stab","Footwork","Well Laid Plans","Burst+1","Dodecahedron"],"campfire_rested":7,"item_purchase_floors":[5,5,21,29,48,48],"current_hp_per_floor":[59,59,59,33,33,33,33,33,33,24,21,40,16,6,25,6,51,43,43,43,43,38,38,57,57,57,66,66,66,66,66,66,36,59,59,42,42,42,42,54,73,65,65,73,73,73,72,72,73,73],"gold":5,"neow_bonus":"THREE_ENEMY_KILL","is_prod":false,"is_daily":false,"chose_seed":false,"campfire_upgraded":1,"win_rate":0,"timestamp":1555086783,"path_taken":["M","?","?","?","$","E","$","R","T","M","E","R","E","M","R","BOSS","M","M","?","$","M","E","R","M","T","R","E","?","E","?","R","BOSS","M","?","M","?","?","E","R","E","T","M","?","R","E","$","R","BOSS"],"build_version":"2019-01-23","purchased_purges":1,"victory":true,"max_hp_per_floor":[66,66,66,66,66,66,66,66,66,66,66,66,66,66,66,66,66,66,66,66,66,66,66,66,66,66,66,66,66,66,66,66,66,66,66,66,66,63,63,73,73,73,73,73,73,73,73,73,73,73],"card_choices":[{"not_picked":["Heel Hook","Slice"],"picked":"Sucker Punch","floor":1},{"not_picked":["Acrobatics","Dodge and Roll"],"picked":"Poisoned Stab","floor":3},{"not_picked":["Caltrops","Sucker Punch"],"picked":"Malaise","floor":6},{"not_picked":["Skewer","Dagger Throw"],"picked":"Backflip","floor":10},{"not_picked":["Prepared","Cloak And Dagger"],"picked":"Footwork","floor":11},{"not_picked":["PiercingWail","Flechettes"],"picked":"Backflip","floor":13},{"not_picked":["Accuracy","Cloak And Dagger"],"picked":"Dodge and Roll","floor":14},{"not_picked":["Grand Finale","Night Terror"],"picked":"Corpse Explosion","floor":16},{"not_picked":["Quick Slash","Poisoned Stab","Dodge and Roll"],"picked":"SKIP","floor":18},{"not_picked":["Sucker Punch+1","Setup"],"picked":"Backstab","floor":19},{"not_picked":["Dagger Spray","Flying Knee"],"picked":"Deflect+1","floor":22},{"not_picked":["Poisoned Stab","Leg Sweep","Slice"],"picked":"SKIP","floor":23},{"not_picked":["Blade Dance","Outmaneuver","Dagger Throw+1"],"picked":"SKIP","floor":25},{"not_picked":["Dagger Throw+1","Blade Dance"],"picked":"Cloak And Dagger","floor":28},{"not_picked":["Bouncing Flask+1","Terror+1","Venomology+1"],"picked":"SKIP","floor":30},{"not_picked":["Terror+1","Venomology+1"],"picked":"Bouncing Flask+1","floor":30},{"not_picked":["Phantasmal Killer+1","Grand Finale+1"],"picked":"Malaise+1","floor":33},{"not_picked":["Dagger Throw+1","Eviscerate+1"],"picked":"Catalyst+1","floor":35},{"not_picked":["Dagger Throw+1","PiercingWail+1"],"picked":"Footwork+1","floor":37},{"not_picked":["Riddle With Holes+1","Leg Sweep+1"],"picked":"Noxious Fumes","floor":40},{"not_picked":["Eviscerate+1","Bane+1","Backstab+1"],"picked":"SKIP","floor":42},{"not_picked":["Predator+1","Sucker Punch+1","Prepared+1"],"picked":"SKIP","floor":44},{"not_picked":["Outmaneuver+1","All Out Attack+1","Setup+1"],"picked":"SKIP","floor":45},{"not_picked":["Sucker Punch+1","Backflip+1"],"picked":"Acrobatics+1","floor":47}],"player_experience":561948,"relics_obtained":[{"floor":6,"key":"Mummified Hand"},{"floor":9,"key":"Oddly Smooth Stone"},{"floor":11,"key":"Darkstone Periapt"},{"floor":13,"key":"Ice Cream"},{"floor":23,"key":"Molten Egg 2"},{"floor":26,"key":"Pen Nib"},{"floor":28,"key":"Toxic Egg 2"},{"floor":30,"key":"Bottled Tornado"},{"floor":36,"key":"Pocketwatch"},{"floor":39,"key":"Bird Faced Urn"},{"floor":40,"key":"Pear"},{"floor":40,"key":"Blood Vial"},{"floor":42,"key":"PreservedInsect"},{"floor":42,"key":"Paper Crane"},{"floor":43,"key":"War Paint"},{"floor":47,"key":"Bronze Scales"},{"floor":47,"key":"Pantograph"}],"event_choices":[{"cards_removed":["Strike_G"],"damage_healed":0,"gold_gain":0,"player_choice":"Card Removal","damage_taken":0,"max_hp_gain":0,"max_hp_loss":0,"event_name":"Wheel of Change","floor":2,"gold_loss":0},{"damage_healed":0,"gold_gain":0,"player_choice":"Success","damage_taken":26,"relics_obtained":["Anchor"],"max_hp_gain":0,"max_hp_loss":0,"event_name":"Scrap Ooze","floor":4,"gold_loss":0},{"cards_removed":["Strike_G"],"damage_healed":0,"gold_gain":0,"player_choice":"Gave Gold","damage_taken":0,"max_hp_gain":0,"max_hp_loss":0,"event_name":"Beggar","floor":20,"gold_loss":75},{"damage_healed":0,"gold_gain":0,"player_choice":"Simplicity","damage_taken":0,"max_hp_gain":0,"max_hp_loss":0,"event_name":"Back to Basics","floor":31,"gold_loss":0,"cards_upgraded":["Defend_G","Defend_G","Defend_G","Defend_G","Defend_G","Strike_G","Strike_G"]},{"damage_healed":0,"gold_gain":0,"player_choice":"Fight","damage_taken":0,"max_hp_gain":0,"max_hp_loss":0,"event_name":"Mysterious Sphere","floor":36,"gold_loss":0},{"damage_healed":0,"gold_gain":0,"player_choice":"Max HP","damage_taken":0,"max_hp_gain":0,"max_hp_loss":3,"event_name":"Winding Halls","floor":38,"gold_loss":0},{"damage_healed":0,"gold_gain":0,"player_choice":"Fight","damage_taken":0,"max_hp_gain":0,"max_hp_loss":0,"event_name":"MindBloom","floor":39,"gold_loss":0}],"is_beta":false,"boss_relics":[{"not_picked":["White Beast Statue","Ectoplasm"],"picked":"Fusion Hammer"},{"not_picked":["Sozu","Busted Crown"],"picked":"Black Star"}],"items_purged_floors":[29],"is_endless":false,"potions_floor_spawned":[1,10,11,14,16,18,23,28,33,35,36,37,44],"ascension_level":16}