{"gold_per_floor":[113,13,13,59,109,109,141,141,164,193,203,128,147,147,147,221,221,241,178,196,196,89,89],"floor_reached":23,"playtime":1119,"items_purged":["Strike_B","Strike_B"],"score":490,"play_id":"f115d479-d90b-4e58-ba55-d4188c490afa","local_time":"20190428005120","is_ascension_mode":true,"campfire_choices":[{"data":"Defend_B","floor":6,"key":"SMITH"},{"data":"Zap","floor":8,"key":"SMITH"},{"data":"Redo","floor":15,"key":"SMITH"}],"neow_cost":"NONE","seed_source_timestamp":1481138224492980,"circlet_count":0,"master_deck":["AscendersBane","Strike_B","Defend_B+1","Defend_B+1","Defend_B","Defend_B","Zap+1","Dualcast","Ball Lightning","Gash+1","Chill","Redo+1","Gash","Core Surge","Gash","BootSequence","Skim","Leap","Leap"],"relics":["Cracked Core","NeowsBlessing","Smiling Mask","Happy Flower","Boot","Bag of Marbles","Orrery","Pen Nib"],"potions_floor_usage":[16,16],"damage_taken":[{"damage":0,"enemies":"2 Louse","floor":1,"turns":1},{"damage":0,"enemies":"3 Sentries","floor":7,"turns":1},{"damage":0,"enemies":"Gremlin Nob","floor":10,"turns":1},{"damage":0,"enemies":"Jaw Worm","floor":11,"turns":2},{"damage":0,"enemies":"Cultist","floor":13,"turns":2},{"damage":65,"enemies":"Hexaghost","floor":16,"turns":11},{"damage":14,"enemies":"Spheric Guardian","floor":18,"turns":4},{"damage":26,"enemies":"3 Byrds","floor":20,"turns":4},{"damage":46,"enemies":"Cultist and Chosen","floor":23,"turns":7}],"seed_played":"5941699490791687035","potions_obtained":[{"floor":7,"key":"AttackPotion"},{"floor":11,"key":"Block Potion"}],"is_trial":false,"path_per_floor":["M","$","?","T","?","R","E","R","T","E","M","?","M","?","R","B",null,"M","?","M","?","$","M"],"character_chosen":"DEFECT","items_purchased":["Gash","Leap"],"campfire_rested":0,"item_purchase_floors":[2,22],"current_hp_per_floor":[64,64,43,43,43,43,43,43,43,43,43,43,43,66,66,1,54,40,40,14,28,28,0],"gold":89,"neow_bonus":"THREE_ENEMY_KILL","is_prod":false,"is_daily":false,"chose_seed":false,"campfire_upgraded":3,"win_rate":0,"timestamp":1556401880,"path_taken":["M","$","?","?","?","R","E","R","T","E","?","?","M","?","R","BOSS","M","?","?","?","$","M"],"build_version":"2019-01-23","purchased_purges":2,"victory":false,"max_hp_per_floor":[71,71,71,71,71,71,71,71,71,71,71,71,71,71,71,71,71,71,71,71,71,71,71],"card_choices":[{"not_picked":["Doom and Gloom","Compile Driver"],"picked":"Ball Lightning","floor":1},{"not_picked":["Thunder Strike","Hello World"],"picked":"Chill","floor":7},{"not_picked":["Rip and Tear","Beam Cell","Consume"],"picked":"SKIP","floor":10},{"not_picked":["Beam Cell","Hologram"],"picked":"Redo","floor":11},{"not_picked":["Rebound","Chaos"],"picked":"Gash","floor":13},{"not_picked":["Biased Cognition","Meteor Strike"],"picked":"Core Surge","floor":16},{"not_picked":["Barrage","Stack"],"picked":"Gash","floor":17},{"not_picked":["Heatsinks","Streamline"],"picked":"BootSequence","floor":17},{"not_picked":["Heatsinks","Sweeping Beam"],"picked":"Skim","floor":17},{"not_picked":["Redo","Double Energy"],"picked":"Leap","floor":17},{"not_picked":["Compile Driver","Cold Snap","Redo"],"picked":"SKIP","floor":18},{"not_picked":["Chill","Double Energy","Stack"],"picked":"SKIP","floor":20}],"player_experience":852243,"relics_obtained":[{"floor":4,"key":"Smiling Mask"},{"floor":7,"key":"Happy Flower"},{"floor":9,"key":"Boot"},{"floor":10,"key":"Bag of Marbles"}],"event_choices":[{"damage_healed":0,"gold_gain":0,"player_choice":"Entered Light","damage_taken":21,"max_hp_gain":0,"max_hp_loss":0,"event_name":"Shining Light","floor":3,"gold_loss":0,"cards_upgraded":["Gash","Defend_B"]},{"damage_healed":0,"gold_gain":50,"player_choice":"Pray","damage_taken":0,"max_hp_gain":0,"max_hp_loss":0,"event_name":"Golden Shrine","floor":5,"gold_loss":0},{"cards_removed":["Strike_B"],"damage_healed":0,"gold_gain":0,"player_choice":"Card Removal","damage_taken":0,"max_hp_gain":0,"max_hp_loss":0,"event_name":"The Cleric","floor":12,"gold_loss":75},{"damage_healed":23,"gold_gain":0,"player_choice":"Banana","damage_taken":0,"max_hp_gain":0,"max_hp_loss":0,"event_name":"Big Fish","floor":14,"gold_loss":0},{"damage_healed":0,"gold_gain":0,"player_choice":"Paid Gold","damage_taken":0,"relics_obtained":["Pen Nib"],"max_hp_gain":0,"max_hp_loss":0,"event_name":"WeMeetAgain","floor":19,"gold_loss":63},{"damage_healed":14,"gold_gain":0,"player_choice":"Heal","damage_taken":0,"max_hp_gain":0,"max_hp_loss":0,"event_name":"The Library","floor":21,"gold_loss":0}],"is_beta":false,"boss_relics":[{"not_picked":["FrozenCore","Tiny House"],"picked":"Orrery"}],"items_purged_floors":[2,22],"is_endless":false,"potions_floor_spawned":[7,11],"killed_by":"Cultist and Chosen","ascension_level":20}