{"gold_per_floor":[110,125,24,24,24,56,56,109,190,207,269,289,303,319,319,423,423,442,17,32,44,59,59],"floor_reached":23,"playtime":3008,"items_purged":["Strike_G","Defend_G"],"score":205,"play_id":"3c238de3-0cc3-4020-bba1-30de07b55d04","local_time":"20180719203801","is_ascension_mode":false,"campfire_choices":[{"floor":7,"key":"REST"},{"floor":15,"key":"REST"}],"neow_cost":"","seed_source_timestamp":458795288947435,"circlet_count":0,"master_deck":["Defend_G","Defend_G","Defend_G","Defend_G","Strike_G","Strike_G","Strike_G","Strike_G","Survivor","Neutralize","Slice","Backstab","Prepared","Slice","Quick Slash","Deflect","Footwork","Dodge and Roll","Expertise","Adrenaline","Backflip+1","Noxious Fumes","Deflect","Adrenaline","Backstab+1"],"relics":["Ring of the Snake","Sundial","Calipers","Mercury Hourglass","Tiny Chest","Black Star","Sling"],"potions_floor_usage":[16,16,23],"damage_taken":[{"damage":3,"enemies":"Cultist","floor":1,"turns":7},{"damage":0,"enemies":"2 Louse","floor":2,"turns":3},{"damage":51,"enemies":"Gremlin Nob","floor":6,"turns":6},{"damage":2,"enemies":"Small Slimes","floor":10,"turns":2},{"damage":3,"enemies":"3 Sentries","floor":11,"turns":6},{"damage":0,"enemies":"2 Fungi Beasts","floor":12,"turns":2},{"damage":0,"enemies":"Exordium Thugs","floor":13,"turns":3},{"damage":0,"enemies":"Large Slime","floor":14,"turns":7},{"damage":6,"enemies":"Slime Boss","floor":16,"turns":14},{"damage":12,"enemies":"3 Byrds","floor":18,"turns":7},{"damage":2,"enemies":"Shell Parasite","floor":20,"turns":8},{"damage":4,"enemies":"Centurion and Healer","floor":21,"turns":9},{"damage":13,"enemies":"Snecko","floor":22,"turns":6},{"damage":47,"enemies":"Slavers","floor":23,"turns":3}],"seed_played":"4232117711305668695","potions_obtained":[{"floor":6,"key":"SteroidPotion"},{"floor":11,"key":"SpeedPotion"},{"floor":12,"key":"SteroidPotion"},{"floor":14,"key":"GhostInAJar"},{"floor":18,"key":"SteroidPotion"},{"floor":20,"key":"SteroidPotion"}],"is_trial":false,"path_per_floor":["M","M","$","?","?","E","R","?","T","M","E","M","M","M","R","B",null,"M","$","M","M","M"],"character_chosen":"THE_SILENT","items_purchased":["Prepared","Noxious Fumes","Deflect","Sling"],"campfire_rested":2,"item_purchase_floors":[3,19,19,19],"current_hp_per_floor":[67,67,67,60,60,9,30,30,30,28,25,25,25,25,46,40,70,58,58,56,52,39,0],"gold":59,"neow_bonus":"","is_prod":false,"is_daily":false,"chose_seed":false,"campfire_upgraded":0,"win_rate":0.0,"timestamp":1532047081,"path_taken":["M","M","?","?","?","E","R","?","T","M","E","?","?","M","R","BOSS","M","$","M","M","M","E"],"build_version":"2018-07-12","purchased_purges":2,"victory":false,"max_hp_per_floor":[70,70,70,70,70,70,70,70,70,70,70,70,70,70,70,70,70,70,70,70,70,70,70],"card_choices":[{"not_picked":["Backflip","Heel Hook"],"picked":"Slice","floor":1},{"not_picked":["Slice","Outmaneuver"],"picked":"Backstab","floor":2},{"not_picked":["Envenom","Dash"],"picked":"Slice","floor":6},{"not_picked":["Sucker Punch","Dagger Spray"],"picked":"Quick Slash","floor":10},{"not_picked":["Quick Slash","Riddle With Holes"],"picked":"Deflect","floor":11},{"not_picked":["Dodge and Roll","Quick Slash"],"picked":"Footwork","floor":12},{"not_picked":["Quick Slash","PiercingWail"],"picked":"Dodge and Roll","floor":13},{"not_picked":["Bullet Time","Bane"],"picked":"Expertise","floor":14},{"not_picked":["Doppelganger","Venomology"],"picked":"Adrenaline","floor":16},{"not_picked":["Underhanded Strike+1","PiercingWail+1"],"picked":"Backflip+1","floor":18},{"not_picked":["Poisoned Stab","Sucker Punch","Bane"],"picked":"SKIP","floor":20},{"not_picked":["Infinite Blades","Distraction"],"picked":"Adrenaline","floor":21},{"not_picked":["Slice+1","Well Laid Plans"],"picked":"Backstab+1","floor":22}],"player_experience":72454,"relics_obtained":[{"floor":6,"key":"Calipers"},{"floor":9,"key":"Mercury Hourglass"},{"floor":11,"key":"Tiny Chest"}],"event_choices":[{"event_name":"Scrap Ooze","player_choice":"success","floor":4,"damage_taken":7},{"event_name":"Liars Game","player_choice":"disagreed","floor":5,"damage_taken":0},{"event_name":"Golden Wing","player_choice":"Gained Gold","floor":8,"damage_taken":0}],"boss_relics":[{"not_picked":["Empty Cage","Philosopher\u0027s Stone"],"picked":"Black Star"}],"items_purged_floors":[3,19],"is_endless":false,"potions_floor_spawned":[6,11,12,13,14,18,20],"killed_by":"Slavers","ascension_level":0}