{"gold_per_floor":[212,212,162,62,75,109,120,139,139,139,172,191,208,233,233,331,331,343,358,203,222,241,241],"floor_reached":23,"playtime":1049,"items_purged":["Strike_R"],"score":215,"play_id":"2d2cb563-2e5e-4f90-92fe-dd41f19004d0","local_time":"20190423151528","is_ascension_mode":false,"campfire_choices":[{"data":"Body Slam","floor":10,"key":"SMITH"},{"data":"Armaments","floor":15,"key":"SMITH"}],"neow_cost":"NONE","seed_source_timestamp":170596426505953,"circlet_count":0,"master_deck":["Strike_R","Strike_R","Strike_R","Strike_R","Defend_R+1","Defend_R","Defend_R+1","Bash","Armaments+1","Evolve","Body Slam+1","Shrug It Off","Reaper","Pommel Strike","Reckless Charge","Impervious","Pommel Strike","Power Through","Fiend Fire","Pommel Strike","Sever Soul","Feel No Pain","Sentinel","Body Slam"],"relics":["Burning Blood","Anchor","Bottled Tornado","Shuriken","Bag of Preparation","Eternal Feather"],"potions_floor_usage":[8,8,16,16],"damage_taken":[{"damage":2,"enemies":"2 Louse","floor":1,"turns":4},{"damage":6,"enemies":"Jaw Worm","floor":5,"turns":3},{"damage":48,"enemies":"Gremlin Nob","floor":6,"turns":5},{"damage":6,"enemies":"Cultist","floor":7,"turns":5},{"damage":10,"enemies":"Looter","floor":8,"turns":4},{"damage":12,"enemies":"3 Sentries","floor":11,"turns":7},{"damage":3,"enemies":"Exordium Wildlife","floor":12,"turns":5},{"damage":2,"enemies":"2 Fungi Beasts","floor":13,"turns":3},{"damage":18,"enemies":"Lagavulin","floor":14,"turns":6},{"damage":39,"enemies":"The Guardian","floor":16,"turns":10},{"damage":5,"enemies":"Shell Parasite","floor":18,"turns":6},{"damage":2,"enemies":"2 Thieves","floor":19,"turns":4},{"damage":6,"enemies":"Sentry and Sphere","floor":21,"turns":5},{"damage":29,"enemies":"Chosen and Byrds","floor":22,"turns":5},{"damage":66,"enemies":"Gremlin Leader","floor":23,"turns":5}],"seed_played":"-3182671335148020639","potions_obtained":[{"floor":6,"key":"Dexterity Potion"},{"floor":7,"key":"FearPotion"},{"floor":13,"key":"Ancient Potion"},{"floor":14,"key":"Poison Potion"},{"floor":16,"key":"Weak Potion"},{"floor":19,"key":"Ancient Potion"},{"floor":22,"key":"SteroidPotion"}],"is_trial":false,"path_per_floor":["M","?","?","$","M","E","M","M","T","R","E","M","M","E","R","B",null,"M","M","$","M","M","E"],"character_chosen":"IRONCLAD","items_purchased":["Evolve","Body Slam","Feel No Pain"],"campfire_rested":0,"item_purchase_floors":[4,4,20],"current_hp_per_floor":[80,64,64,64,64,22,26,26,26,26,32,41,53,44,44,17,80,80,80,80,80,57,0],"gold":241,"neow_bonus":"HUNDRED_GOLD","is_prod":false,"is_daily":false,"chose_seed":false,"campfire_upgraded":2,"win_rate":0,"timestamp":1556000128,"path_taken":["M","?","?","?","?","E","M","M","T","R","E","M","M","E","R","BOSS","M","M","$","M","M","E"],"build_version":"2019-01-23","purchased_purges":1,"victory":false,"max_hp_per_floor":[80,80,80,80,80,80,80,80,80,80,80,80,80,80,80,80,80,80,80,80,80,80,80],"card_choices":[{"not_picked":["Thunderclap","True Grit"],"picked":"Armaments","floor":1},{"not_picked":["Thunderclap","Intimidate"],"picked":"Shrug It Off","floor":5},{"not_picked":["Uppercut","Second Wind"],"picked":"Reaper","floor":6},{"not_picked":["Combust","Feel No Pain"],"picked":"Pommel Strike","floor":7},{"not_picked":["True Grit","Dual Wield"],"picked":"Reckless Charge","floor":8},{"not_picked":["Seeing Red","Clash"],"picked":"Impervious","floor":11},{"not_picked":["Flex","Second Wind","Havoc"],"picked":"SKIP","floor":12},{"not_picked":["Anger","Perfected Strike"],"picked":"Pommel Strike","floor":13},{"not_picked":["Feed","Wild Strike"],"picked":"Power Through","floor":14},{"not_picked":["Limit Break","Berserk"],"picked":"Fiend Fire","floor":16},{"not_picked":["Heavy Blade","Clothesline+1"],"picked":"Pommel Strike","floor":18},{"not_picked":["Headbutt","Combust"],"picked":"Sever Soul","floor":19},{"not_picked":["Perfected Strike","Battle Trance"],"picked":"Sentinel","floor":21},{"not_picked":["Twin Strike+1","Rampage"],"picked":"Body Slam","floor":22}],"player_experience":350363,"relics_obtained":[{"floor":6,"key":"Anchor"},{"floor":9,"key":"Bottled Tornado"},{"floor":11,"key":"Shuriken"},{"floor":14,"key":"Bag of Preparation"}],"event_choices":[{"damage_healed":0,"gold_gain":0,"player_choice":"Entered Light","damage_taken":16,"max_hp_gain":0,"max_hp_loss":0,"event_name":"Shining Light","floor":2,"gold_loss":0,"cards_upgraded":["Defend_R","Defend_R"]},{"cards_removed":["Defend_R"],"damage_healed":0,"gold_gain":0,"player_choice":"Card Removal","damage_taken":0,"max_hp_gain":0,"max_hp_loss":0,"event_name":"The Cleric","floor":3,"gold_loss":50}],"is_beta":false,"boss_relics":[{"not_picked":["Lizard Tail","Philosopher\u0027s Stone"],"picked":"Eternal Feather"}],"items_purged_floors":[20],"is_endless":false,"potions_floor_spawned":[6,7,13,14,16,19,22],"killed_by":"Gremlin Leader","ascension_level":0}