{"gold_per_floor":[116,135,151,151,168,168,65,65,92,112,59,91,91,101,101,200,200,218,229,244,264,264,264,264,298,298,318,318,344,354,354,354,354],"floor_reached":33,"playtime":1401,"items_purged":[],"score":314,"play_id":"c83d909e-eb9f-4f00-a18d-e682a55839aa","local_time":"20190420141454","is_ascension_mode":false,"campfire_choices":[{"data":"Dualcast","floor":6,"key":"SMITH"},{"data":"Blizzard","floor":8,"key":"SMITH"},{"data":"Chaos","floor":15,"key":"SMITH"},{"data":"Recycle","floor":23,"key":"SMITH"},{"data":"Steam Power","floor":28,"key":"SMITH"},{"floor":32,"key":"REST"}],"neow_cost":"NONE","seed_source_timestamp":314769924484402,"circlet_count":0,"master_deck":["Strike_B","Defend_B+1","Defend_B","Defend_B","Defend_B","Zap+1","Dualcast+1","Chill","Sweeping Beam","Conserve Battery","Steam Power+1","Chaos+1","Blizzard+1","Chill","Conserve Battery","Cold Snap","Turbo","Rebound","All For One","Recycle+1","Electrodynamics","Scrape","Skim+1","Go for the Eyes+1","Turbo"],"relics":["Cracked Core","NeowsBlessing","War Paint","Bag of Marbles","Inserter","Molten Egg 2","The Courier","Unceasing Top"],"potions_floor_usage":[12,16,33,33],"damage_taken":[{"damage":0,"enemies":"Cultist","floor":1,"turns":1},{"damage":0,"enemies":"2 Louse","floor":2,"turns":1},{"damage":0,"enemies":"Small Slimes","floor":3,"turns":1},{"damage":2,"enemies":"Gremlin Gang","floor":5,"turns":4},{"damage":3,"enemies":"Exordium Thugs","floor":10,"turns":3},{"damage":0,"enemies":"Lagavulin","floor":12,"turns":8},{"damage":0,"enemies":"3 Louse","floor":14,"turns":1},{"damage":36,"enemies":"Hexaghost","floor":16,"turns":11},{"damage":8,"enemies":"2 Thieves","floor":18,"turns":4},{"damage":19,"enemies":"3 Byrds","floor":19,"turns":3},{"damage":0,"enemies":"Snecko","floor":20,"turns":6},{"damage":25,"enemies":"Cultist and Chosen","floor":21,"turns":8},{"damage":9,"enemies":"Gremlin Leader","floor":25,"turns":5},{"damage":0,"enemies":"3 Cultists","floor":27,"turns":2},{"damage":1,"enemies":"Book of Stabbing","floor":29,"turns":3},{"damage":10,"enemies":"Chosen and Byrds","floor":30,"turns":5},{"damage":35,"enemies":"Champ","floor":33,"turns":9}],"seed_played":"-5621855382138642235","potions_obtained":[{"floor":5,"key":"FearPotion"},{"floor":10,"key":"FocusPotion"},{"floor":12,"key":"Poison Potion"},{"floor":14,"key":"Ancient Potion"},{"floor":16,"key":"FearPotion"},{"floor":18,"key":"Explosive Potion"},{"floor":29,"key":"EntropicBrew"}],"is_trial":false,"path_per_floor":["M","M","M","?","M","R","$","R","T","M","$","E","?","M","R","B",null,"M","M","M","M","?","R","?","E","T","M","R","E","M","?","R","B"],"character_chosen":"DEFECT","items_purchased":["Blizzard","Chill","Cold Snap"],"campfire_rested":1,"item_purchase_floors":[7,7,11],"current_hp_per_floor":[75,75,75,75,73,73,73,73,73,70,70,70,70,70,70,34,75,67,48,48,23,23,23,23,14,14,14,14,13,3,3,25,0],"gold":354,"neow_bonus":"THREE_ENEMY_KILL","is_prod":false,"is_daily":false,"chose_seed":false,"campfire_upgraded":5,"win_rate":0,"timestamp":1555737294,"path_taken":["M","?","M","?","M","R","?","R","T","M","$","E","?","M","R","BOSS","M","M","M","?","?","R","?","E","T","M","R","E","M","?","R","BOSS"],"build_version":"2019-01-23","purchased_purges":0,"victory":false,"max_hp_per_floor":[75,75,75,75,75,75,75,75,75,75,75,75,75,75,75,75,75,75,75,75,75,75,75,75,75,75,75,75,75,75,75,75,75],"card_choices":[{"not_picked":["Turbo","Go for the Eyes"],"picked":"Chill","floor":1},{"not_picked":["Capacitor","Consume"],"picked":"Sweeping Beam","floor":2},{"not_picked":["Lockon","Loop"],"picked":"Conserve Battery","floor":3},{"not_picked":["Chill","Force Field"],"picked":"Chaos","floor":5},{"not_picked":["FTL","Heatsinks"],"picked":"Conserve Battery","floor":10},{"not_picked":["Heatsinks","Conserve Battery"],"picked":"Turbo","floor":12},{"not_picked":["Barrage","Stack"],"picked":"Rebound","floor":14},{"not_picked":["Multi-Cast","Biased Cognition"],"picked":"All For One","floor":16},{"not_picked":["Doom and Gloom","Rebound","Beam Cell"],"picked":"SKIP","floor":18},{"not_picked":["Ball Lightning","BootSequence"],"picked":"Force Field+1","floor":19},{"not_picked":["Hologram","Conserve Battery"],"picked":"Recycle","floor":20},{"not_picked":["Auto Shields","Streamline+1","FTL+1"],"picked":"SKIP","floor":21},{"not_picked":["Redo","Turbo+1"],"picked":"Skim+1","floor":25},{"not_picked":["Barrage+1","Hello World"],"picked":"Go for the Eyes+1","floor":27},{"not_picked":["Buffer","Rebound+1"],"picked":"Turbo","floor":29},{"not_picked":["Barrage+1","Beam Cell+1","FTL+1"],"picked":"SKIP","floor":30}],"player_experience":313012,"relics_obtained":[{"floor":9,"key":"War Paint"},{"floor":12,"key":"Bag of Marbles"},{"floor":25,"key":"Molten Egg 2"},{"floor":26,"key":"The Courier"},{"floor":29,"key":"Unceasing Top"}],"event_choices":[{"damage_healed":0,"gold_gain":0,"cards_transformed":["Strike_B"],"player_choice":"Transformed","damage_taken":0,"max_hp_gain":0,"max_hp_loss":0,"event_name":"Transmorgrifier","floor":4,"gold_loss":0,"cards_obtained":["Steam Power"]},{"cards_removed":["Strike_B"],"damage_healed":0,"gold_gain":0,"player_choice":"Purged","damage_taken":0,"max_hp_gain":0,"max_hp_loss":0,"event_name":"Purifier","floor":13,"gold_loss":0},{"damage_healed":0,"gold_gain":0,"cards_transformed":["Force Field","Strike_B"],"player_choice":"Became Test Subject","damage_taken":0,"max_hp_gain":0,"max_hp_loss":0,"event_name":"Drug Dealer","floor":22,"gold_loss":0,"cards_obtained":["Electrodynamics","Scrape"]},{"damage_healed":0,"gold_gain":0,"player_choice":"Ignored","damage_taken":0,"max_hp_gain":0,"max_hp_loss":0,"event_name":"Beggar","floor":24,"gold_loss":0},{"damage_healed":0,"gold_gain":0,"player_choice":"Bought 0 Potions","damage_taken":0,"max_hp_gain":0,"max_hp_loss":0,"event_name":"The Woman in Blue","floor":31,"gold_loss":0}],"is_beta":false,"boss_relics":[{"not_picked":["Empty Cage","Ectoplasm"],"picked":"Inserter"}],"items_purged_floors":[],"is_endless":false,"potions_floor_spawned":[5,10,12,14,16,18,29,30],"killed_by":"Champ","ascension_level":0}