{"gold_per_floor":[10,23,23,23,23,23,37,53,129,129,129,143,68,68,68,68],"floor_reached":16,"playtime":989,"items_purged":["Strike_B"],"score":153,"play_id":"111b8ca7-0b48-45a2-85b2-f555482745cf","local_time":"20190228175507","is_ascension_mode":true,"campfire_choices":[{"data":"Zap","floor":6,"key":"SMITH"},{"data":"Gash","floor":10,"key":"SMITH"},{"floor":15,"key":"REST"}],"neow_cost":"NO_GOLD","seed_source_timestamp":16655303976078,"circlet_count":0,"master_deck":["AscendersBane","Strike_B","Defend_B","Defend_B","Defend_B","Zap+1","Dualcast","Coolheaded","Gash+1","Leap","Auto Shields","Gash","Streamline","Decay"],"relics":["Cracked Core","Pantograph","Blood Vial"],"potions_floor_usage":[16,16],"damage_taken":[{"damage":0,"enemies":"2 Louse","floor":1,"turns":2},{"damage":0,"enemies":"Small Slimes","floor":2,"turns":3},{"damage":7,"enemies":"Jaw Worm","floor":7,"turns":3},{"damage":3,"enemies":"Large Slime","floor":8,"turns":8},{"damage":26,"enemies":"Exordium Thugs","floor":12,"turns":5},{"damage":68,"enemies":"Slime Boss","floor":16,"turns":11}],"seed_played":"-4826197540877017964","potions_obtained":[{"floor":2,"key":"EssenceOfSteel"},{"floor":8,"key":"Weak Potion"}],"is_trial":false,"path_per_floor":["M","M","?","$","?","R","M","M","T","R","?","M","$","?","R","B"],"character_chosen":"DEFECT","items_purchased":[],"campfire_rested":1,"item_purchase_floors":[],"current_hp_per_floor":[64,64,64,64,57,57,50,47,47,47,44,20,20,20,41,0],"gold":68,"neow_bonus":"TRANSFORM_TWO_CARDS","is_prod":false,"is_daily":false,"chose_seed":false,"campfire_upgraded":2,"win_rate":0,"timestamp":1551369307,"path_taken":["M","M","?","$","?","R","M","M","T","R","?","M","?","?","R","BOSS"],"build_version":"2019-01-23","purchased_purges":1,"victory":false,"max_hp_per_floor":[71,71,71,71,71,71,71,71,71,71,71,71,71,71,71,71],"card_choices":[{"not_picked":["Compile Driver","Go for the Eyes"],"picked":"Leap","floor":1},{"not_picked":["Coolheaded","Rebound","Rip and Tear"],"picked":"SKIP","floor":2},{"not_picked":["Go for the Eyes","Rebound"],"picked":"Auto Shields","floor":7},{"not_picked":["Double Energy","Steam"],"picked":"Gash","floor":8},{"not_picked":["Rebound","Hologram"],"picked":"Streamline","floor":12}],"player_experience":705308,"relics_obtained":[{"floor":9,"key":"Pantograph"}],"event_choices":[{"damage_healed":0,"gold_gain":0,"player_choice":"Ignored","damage_taken":0,"max_hp_gain":0,"max_hp_loss":0,"event_name":"Golden Idol","floor":3,"gold_loss":0},{"cards_removed":["Defend_B"],"damage_healed":0,"gold_gain":0,"player_choice":"Card Removal","damage_taken":7,"max_hp_gain":0,"max_hp_loss":0,"event_name":"Golden Wing","floor":5,"gold_loss":0},{"damage_healed":0,"gold_gain":0,"player_choice":"Success","damage_taken":3,"relics_obtained":["Blood Vial"],"max_hp_gain":0,"max_hp_loss":0,"event_name":"Scrap Ooze","floor":11,"gold_loss":0},{"damage_healed":0,"gold_gain":0,"player_choice":"Cursed","damage_taken":0,"max_hp_gain":0,"max_hp_loss":0,"event_name":"Wheel of Change","floor":14,"gold_loss":0,"cards_obtained":["Decay"]}],"is_beta":false,"boss_relics":[],"items_purged_floors":[13],"is_endless":false,"potions_floor_spawned":[2,8],"killed_by":"Slime Boss","ascension_level":14}