{"gold_per_floor":[112,130,30,30,51,51,51,66,66,82,97,116,116,116,116,116],"floor_reached":16,"playtime":1093,"items_purged":["Strike_B"],"score":188,"play_id":"6bcaf684-0fa9-4ac2-a3f7-4459207e587f","local_time":"20190429215146","is_ascension_mode":true,"campfire_choices":[{"data":"Glacier","floor":6,"key":"SMITH"},{"floor":15,"key":"REST"}],"neow_cost":"NONE","seed_source_timestamp":1643197171003992,"circlet_count":0,"master_deck":["AscendersBane","Strike_B+1","Strike_B","Defend_B","Defend_B","Defend_B","Defend_B","Zap","Dualcast","Glacier+1","Ball Lightning","Leap","Blizzard","Undo+1","Glacier"],"relics":["Cracked Core","Omamori","Golden Idol","Bottled Lightning","PreservedInsect"],"potions_floor_usage":[11,11,16],"damage_taken":[{"damage":3,"enemies":"2 Louse","floor":1,"turns":3},{"damage":0,"enemies":"Small Slimes","floor":2,"turns":3},{"damage":0,"enemies":"Cultist","floor":5,"turns":3},{"damage":0,"enemies":"Looter","floor":8,"turns":3},{"damage":0,"enemies":"Exordium Wildlife","floor":10,"turns":4},{"damage":11,"enemies":"Exordium Thugs","floor":11,"turns":10},{"damage":0,"enemies":"Lots of Slimes","floor":12,"turns":4},{"damage":73,"enemies":"Hexaghost","floor":16,"turns":16}],"seed_played":"5630908835621596042","potions_obtained":[{"floor":1,"key":"AttackPotion"},{"floor":8,"key":"AttackPotion"},{"floor":10,"key":"Regen Potion"},{"floor":12,"key":"SpeedPotion"}],"is_trial":false,"path_per_floor":["M","M","$","?","M","R","?","M","T","M","M","M","?","T","R","B"],"character_chosen":"DEFECT","items_purchased":["Leap"],"campfire_rested":1,"item_purchase_floors":[3],"current_hp_per_floor":[61,61,61,61,61,61,61,61,61,61,65,65,44,44,65,0],"gold":116,"neow_bonus":"RANDOM_COMMON_RELIC","is_prod":false,"is_daily":false,"chose_seed":false,"campfire_upgraded":1,"win_rate":0,"timestamp":1556563906,"path_taken":["M","M","$","?","M","R","?","M","T","M","?","M","?","?","R","BOSS"],"build_version":"2019-01-23","purchased_purges":1,"victory":false,"max_hp_per_floor":[71,71,71,71,71,71,71,71,71,71,71,71,71,71,71,71],"card_choices":[{"not_picked":["Hello World","Steam"],"picked":"Glacier","floor":1},{"not_picked":["Reprogram","Beam Cell"],"picked":"Ball Lightning","floor":2},{"not_picked":["Consume","Beam Cell"],"picked":"Blizzard","floor":5},{"not_picked":["Beam Cell","Sweeping Beam"],"picked":"Undo","floor":8},{"not_picked":["Stack","Sweeping Beam"],"picked":"Glacier","floor":10},{"not_picked":["Turbo","Compile Driver","Hologram"],"picked":"SKIP","floor":11},{"not_picked":["Ball Lightning","Rebound","Steam"],"picked":"SKIP","floor":12}],"player_experience":859444,"relics_obtained":[{"floor":9,"key":"Bottled Lightning"},{"floor":14,"key":"PreservedInsect"}],"event_choices":[{"damage_healed":0,"gold_gain":0,"player_choice":"Take Wound","damage_taken":0,"relics_obtained":["Golden Idol"],"max_hp_gain":0,"max_hp_loss":0,"event_name":"Golden Idol","floor":4,"gold_loss":0,"cards_obtained":["Injury"]},{"cards_removed":["Strike_B"],"damage_healed":0,"gold_gain":0,"player_choice":"Purged","damage_taken":0,"max_hp_gain":0,"max_hp_loss":0,"event_name":"Purifier","floor":7,"gold_loss":0},{"damage_healed":0,"gold_gain":0,"player_choice":"Entered Light","damage_taken":21,"max_hp_gain":0,"max_hp_loss":0,"event_name":"Shining Light","floor":13,"gold_loss":0,"cards_upgraded":["Strike_B","Undo"]}],"is_beta":false,"boss_relics":[],"items_purged_floors":[3],"is_endless":false,"potions_floor_spawned":[1,8,10,12],"killed_by":"Hexaghost","ascension_level":20}