{"gold_per_floor":[119,130,130,141,141,141,176,194,194,194,249,274,286,286],"floor_reached":14,"playtime":290,"items_purged":[],"score":125,"play_id":"98411de0-9126-41c9-861c-3d98a66ea38d","local_time":"20190510210237","is_ascension_mode":false,"campfire_choices":[{"data":"Heel Hook","floor":6,"key":"SMITH"}],"neow_cost":"NONE","seed_source_timestamp":1046583798599,"circlet_count":0,"master_deck":["Defend_G","Defend_G","Defend_G","Defend_G","Defend_G","Strike_G","Strike_G","Strike_G","Strike_G","Strike_G+1","Survivor","Neutralize+1","Backstab","Heel Hook+1","Quick Slash","Underhanded Strike","Deadly Poison","All Out Attack","Accuracy+1"],"relics":["Ring of the Snake","NeowsBlessing","Frozen Egg 2","Ninja Scroll","PreservedInsect","Question Card"],"potions_floor_usage":[7,7,12],"damage_taken":[{"damage":0,"enemies":"Cultist","floor":1,"turns":1},{"damage":0,"enemies":"Jaw Worm","floor":2,"turns":1},{"damage":0,"enemies":"2 Louse","floor":4,"turns":1},{"damage":26,"enemies":"3 Sentries","floor":7,"turns":10},{"damage":5,"enemies":"2 Fungi Beasts","floor":8,"turns":3},{"damage":16,"enemies":"Lagavulin Event","floor":11,"turns":5},{"damage":0,"enemies":"Gremlin Nob","floor":12,"turns":2},{"damage":2,"enemies":"Blue Slaver","floor":13,"turns":2},{"damage":8,"enemies":"3 Sentries","floor":14,"turns":2}],"seed_played":"-8430701283481114751","potions_obtained":[{"floor":1,"key":"SteroidPotion"},{"floor":4,"key":"Energy Potion"},{"floor":11,"key":"Explosive Potion"},{"floor":13,"key":"Ancient Potion"}],"is_trial":false,"path_per_floor":["M","M","$","M","$","R","E","M","T","?","?","E","M","E"],"character_chosen":"THE_SILENT","items_purchased":[],"campfire_rested":0,"item_purchase_floors":[],"current_hp_per_floor":[70,70,70,70,70,70,44,39,39,25,9,9,7,0],"gold":286,"neow_bonus":"THREE_ENEMY_KILL","is_prod":false,"is_daily":false,"chose_seed":false,"campfire_upgraded":1,"win_rate":0,"timestamp":1557511357,"path_taken":["M","M","$","M","?","R","E","M","T","?","?","E","M","E"],"build_version":"2019-01-23","purchased_purges":0,"victory":false,"max_hp_per_floor":[70,70,70,70,70,70,70,70,70,70,70,70,70,70],"card_choices":[{"not_picked":["Dodge and Roll","Prepared"],"picked":"Backstab","floor":1},{"not_picked":["Acrobatics","Eviscerate"],"picked":"Heel Hook","floor":2},{"not_picked":["Dodge and Roll","Prepared","PiercingWail"],"picked":"SKIP","floor":4},{"not_picked":["Expertise","After Image"],"picked":"Quick Slash","floor":7},{"not_picked":["Heel Hook","Quick Slash"],"picked":"Underhanded Strike","floor":8},{"not_picked":["Choke","Slice"],"picked":"Deadly Poison","floor":11},{"not_picked":["Well Laid Plans+1","Quick Slash"],"picked":"All Out Attack","floor":12},{"not_picked":["Outmaneuver","Distraction","Flechettes"],"picked":"Accuracy+1","floor":13}],"player_experience":308791,"relics_obtained":[{"floor":7,"key":"Frozen Egg 2"},{"floor":9,"key":"Ninja Scroll"},{"floor":12,"key":"Question Card"}],"event_choices":[{"damage_healed":0,"gold_gain":0,"player_choice":"Entered Light","damage_taken":14,"max_hp_gain":0,"max_hp_loss":0,"event_name":"Shining Light","floor":10,"gold_loss":0,"cards_upgraded":["Strike_G","Neutralize"]},{"damage_healed":0,"gold_gain":0,"player_choice":"Searched \u00273\u0027 times","damage_taken":0,"relics_obtained":["PreservedInsect"],"max_hp_gain":0,"max_hp_loss":0,"event_name":"Dead Adventurer","floor":11,"gold_loss":0}],"is_beta":false,"boss_relics":[],"items_purged_floors":[],"is_endless":false,"potions_floor_spawned":[1,4,11,13],"killed_by":"3 Sentries","ascension_level":0}