{"gold_per_floor":[118,118,138,153,153,194,217,0,0,0,0,0,35,51,51,170,170,190,190,214,114,39,39,39],"floor_reached":24,"playtime":907,"items_purged":["Strike_B","Strike_B"],"score":204,"play_id":"1e46999f-8740-4224-832c-e315cce9ab32","local_time":"20190518011340","is_ascension_mode":false,"campfire_choices":[{"data":"Lockon","floor":10,"key":"SMITH"},{"floor":15,"key":"REST"},{"floor":23,"key":"REST"}],"neow_cost":"NONE","seed_source_timestamp":109759865599778,"circlet_count":0,"master_deck":["Strike_B","Strike_B","Defend_B","Defend_B","Defend_B","Defend_B","Zap","Dualcast","Static Discharge","Lockon+1","Hologram","Ball Lightning","Bandage Up","Machine Learning+1","Hologram","Dramatic Entrance","Ball Lightning+1","Heatsinks+1"],"relics":["Cracked Core","NeowsBlessing","Golden Idol","Frozen Egg 2","Gremlin Horn","Ice Cream","Cursed Key"],"potions_floor_usage":[6,13],"damage_taken":[{"damage":0,"enemies":"Small Slimes","floor":1,"turns":1},{"damage":0,"enemies":"Cultist","floor":3,"turns":1},{"damage":0,"enemies":"Jaw Worm","floor":4,"turns":1},{"damage":22,"enemies":"3 Sentries","floor":6,"turns":6},{"damage":11,"enemies":"Large Slime","floor":7,"turns":4},{"damage":13,"enemies":"Lagavulin","floor":13,"turns":3},{"damage":17,"enemies":"Exordium Wildlife","floor":14,"turns":3},{"damage":37,"enemies":"Slime Boss","floor":16,"turns":8},{"damage":2,"enemies":"Spheric Guardian","floor":18,"turns":3},{"damage":41,"enemies":"2 Thieves","floor":20,"turns":3},{"damage":50,"enemies":"Gremlin Leader","floor":24,"turns":3}],"seed_played":"1140703516128091313","potions_obtained":[{"floor":3,"key":"AttackPotion"},{"floor":4,"key":"FocusPotion"},{"floor":14,"key":"Ancient Potion"},{"floor":18,"key":"Strength Potion"}],"is_trial":false,"path_per_floor":["M","?","M","M","?","E","M","$","T","R","?","$","E","M","R","B",null,"M","?","M","$","$","R","E"],"character_chosen":"DEFECT","items_purchased":["Ball Lightning","Bandage Up","Heatsinks+1"],"campfire_rested":2,"item_purchase_floors":[8,8,22],"current_hp_per_floor":[75,75,75,75,69,47,36,36,36,36,36,36,27,14,34,1,69,69,57,20,20,20,40,0],"gold":39,"neow_bonus":"THREE_ENEMY_KILL","is_prod":false,"is_daily":false,"chose_seed":false,"campfire_upgraded":1,"win_rate":0.0,"timestamp":1558156420,"path_taken":["M","?","M","?","?","E","M","$","T","R","?","?","E","M","R","BOSS","M","?","M","?","$","R","E"],"build_version":"2019-01-23","purchased_purges":2,"victory":false,"max_hp_per_floor":[75,75,75,75,69,69,69,69,69,69,69,69,69,69,69,69,69,69,69,69,69,69,69,69],"card_choices":[{"not_picked":["Turbo","Sweeping Beam"],"picked":"Static Discharge","floor":1},{"not_picked":["Defragment","Streamline"],"picked":"Lockon","floor":3},{"not_picked":["Doom and Gloom","Gash"],"picked":"Hologram","floor":4},{"not_picked":["Stack","Aggregate","Reprogram"],"picked":"SKIP","floor":6},{"not_picked":["Leap","Compile Driver","Rebound"],"picked":"SKIP","floor":7},{"not_picked":["Beam Cell","Cold Snap","Skim"],"picked":"SKIP","floor":13},{"not_picked":["Chaos","Go for the Eyes","Fusion"],"picked":"SKIP","floor":14},{"not_picked":["Meteor Strike","Fission"],"picked":"Machine Learning+1","floor":16},{"not_picked":["Leap","Force Field"],"picked":"Hologram","floor":18},{"not_picked":["Storm+1","Stack"],"picked":"Ball Lightning+1","floor":20}],"player_experience":230061,"relics_obtained":[{"floor":6,"key":"Frozen Egg 2"},{"floor":9,"key":"Gremlin Horn"},{"floor":13,"key":"Ice Cream"}],"event_choices":[{"damage_healed":0,"gold_gain":0,"player_choice":"Ignored","damage_taken":0,"max_hp_gain":0,"max_hp_loss":0,"event_name":"NoteForYourself","floor":2,"gold_loss":0},{"damage_healed":0,"gold_gain":0,"player_choice":"Lose Max HP","damage_taken":0,"relics_obtained":["Golden Idol"],"max_hp_gain":0,"max_hp_loss":6,"event_name":"Golden Idol","floor":5,"gold_loss":0},{"damage_healed":0,"gold_gain":0,"player_choice":"Fled","damage_taken":0,"max_hp_gain":0,"max_hp_loss":0,"event_name":"Scrap Ooze","floor":11,"gold_loss":0},{"damage_healed":0,"gold_gain":0,"player_choice":"CARD ","damage_taken":12,"max_hp_gain":0,"max_hp_loss":0,"event_name":"Knowing Skull","floor":19,"potions_obtained":[],"gold_loss":0,"cards_obtained":["Dramatic Entrance"]}],"is_beta":false,"boss_relics":[{"not_picked":["Calling Bell","Runic Pyramid"],"picked":"Cursed Key"}],"items_purged_floors":[8,21],"is_endless":false,"potions_floor_spawned":[3,4,14,18],"killed_by":"Gremlin Leader","ascension_level":0}