{"gold_per_floor":[115,127,140,140,140,140,166,178,232,78,95,95],"floor_reached":12,"playtime":455,"items_purged":["Strike_R"],"score":160,"play_id":"2e0bba97-e54f-426f-a966-b2c595bc7f01","local_time":"20190212012645","is_ascension_mode":true,"campfire_choices":[{"floor":6,"key":"REST"}],"neow_cost":"NONE","seed_source_timestamp":438283523082816,"circlet_count":0,"master_deck":["AscendersBane","Strike_R","Strike_R","Strike_R","Strike_R","Defend_R","Defend_R","Defend_R","Defend_R+1","Bash","Cleave+1","Flex","Shrug It Off","Shockwave","Twin Strike","Ghostly Armor"],"relics":["Burning Blood","Strawberry","Tiny Chest"],"potions_floor_usage":[7,11],"damage_taken":[{"damage":7,"enemies":"Cultist","floor":1,"turns":4},{"damage":3,"enemies":"Small Slimes","floor":2,"turns":3},{"damage":0,"enemies":"2 Louse","floor":3,"turns":2},{"damage":61,"enemies":"Gremlin Nob","floor":7,"turns":5},{"damage":14,"enemies":"Exordium Wildlife","floor":8,"turns":4},{"damage":7,"enemies":"Blue Slaver","floor":11,"turns":5},{"damage":27,"enemies":"3 Sentries","floor":12,"turns":4}],"seed_played":"6552363977535144172","potions_obtained":[{"floor":2,"key":"Swift Potion"},{"floor":7,"key":"Poison Potion"}],"is_trial":false,"path_per_floor":["M","M","M","?","?","R","E","M","T","$","M","E"],"character_chosen":"IRONCLAD","items_purchased":["Ghostly Armor"],"campfire_rested":1,"item_purchase_floors":[10],"current_hp_per_floor":[74,77,82,57,57,81,33,25,25,25,24,0],"gold":95,"neow_bonus":"TEN_PERCENT_HP_BONUS","is_prod":false,"is_daily":false,"chose_seed":false,"campfire_upgraded":0,"win_rate":0,"timestamp":1549927605,"path_taken":["M","M","M","?","?","R","E","M","T","$","M","E"],"build_version":"2019-01-23","purchased_purges":1,"victory":false,"max_hp_per_floor":[82,82,82,82,82,82,89,89,89,89,89,89],"card_choices":[{"not_picked":["Bloodletting","Flex"],"picked":"Cleave","floor":1},{"not_picked":["Havoc","Disarm"],"picked":"Flex","floor":2},{"not_picked":["Flex","Blood for Blood"],"picked":"Shrug It Off","floor":3},{"not_picked":["Clothesline","Blood for Blood"],"picked":"Shockwave","floor":7},{"not_picked":["Perfected Strike","Wild Strike"],"picked":"Twin Strike","floor":8},{"not_picked":["Heavy Blade","Anger","Sword Boomerang"],"picked":"SKIP","floor":11}],"player_experience":594691,"relics_obtained":[{"floor":7,"key":"Strawberry"},{"floor":9,"key":"Tiny Chest"}],"event_choices":[{"damage_healed":0,"gold_gain":0,"player_choice":"Entered Light","damage_taken":25,"max_hp_gain":0,"max_hp_loss":0,"event_name":"Shining Light","floor":4,"gold_loss":0,"cards_upgraded":["Cleave","Defend_R"]},{"damage_healed":0,"gold_gain":0,"player_choice":"Ignored","damage_taken":0,"max_hp_gain":0,"max_hp_loss":0,"event_name":"Liars Game","floor":5,"gold_loss":0}],"is_beta":false,"boss_relics":[],"items_purged_floors":[10],"is_endless":false,"potions_floor_spawned":[2,7],"killed_by":"3 Sentries","ascension_level":20}