{"gold_per_floor":[118,118,193,193,209,209,237,237,283,283,310,26,46,59,59,138,138,156,156,171,171,190,190,190],"floor_reached":24,"playtime":776,"items_purged":[],"score":408,"play_id":"3485ed66-da0d-4b0b-b971-0353a26305d2","local_time":"20190505202104","is_ascension_mode":true,"campfire_choices":[{"data":"Bludgeon","floor":6.0,"key":"SMITH"},{"data":"Uppercut","floor":10.0,"key":"SMITH"},{"data":"Anger","floor":15.0,"key":"SMITH"},{"data":"Fiend Fire","floor":23.0,"key":"SMITH"}],"neow_cost":"NONE","seed_source_timestamp":35583416351122,"circlet_count":0,"master_deck":["AscendersBane","Strike_R","Strike_R","Strike_R","Strike_R","Defend_R","Defend_R","Defend_R","Defend_R","Bash+1","Bludgeon+1","Twin Strike","Uppercut+1","Anger+1","Fiend Fire+1","Second Wind"],"special_seed":0,"relics":["Burning Blood","Matryoshka","Ornamental Fan","Bag of Marbles","Boot","Centennial Puzzle","Frozen Egg 2","Sozu"],"potions_floor_usage":[24],"damage_taken":[{"damage":0.0,"enemies":"Small Slimes","floor":1.0,"turns":2.0},{"damage":0.0,"enemies":"2 Louse","floor":5.0,"turns":4.0},{"damage":35.0,"enemies":"Lagavulin","floor":7.0,"turns":6.0},{"damage":23.0,"enemies":"3 Sentries","floor":11.0,"turns":6.0},{"damage":4.0,"enemies":"Jaw Worm","floor":13.0,"turns":2.0},{"damage":0.0,"enemies":"2 Fungi Beasts","floor":14.0,"turns":2.0},{"damage":13.0,"enemies":"Hexaghost","floor":16.0,"turns":7.0},{"damage":8.0,"enemies":"Shell Parasite","floor":18.0,"turns":3.0},{"damage":0.0,"enemies":"Chosen","floor":20.0,"turns":3.0},{"damage":26.0,"enemies":"Centurion and Healer","floor":22.0,"turns":5.0},{"damage":36,"enemies":"Shelled Parasite and Fungi","floor":24,"turns":4}],"seed_played":"-2605692073170113759","potions_obtained":[{"floor":11.0,"key":"EssenceOfSteel"},{"floor":14.0,"key":"Ancient Potion"},{"floor":16.0,"key":"Block Potion"}],"is_trial":false,"path_per_floor":["M","?","?","T","M","R","E","?","T","R","E","$","M","M","R","B",null,"M","?","M","?","M","R","M"],"character_chosen":"IRONCLAD","items_purchased":["Frozen Egg 2"],"campfire_rested":0,"item_purchase_floors":[12],"current_hp_per_floor":[74,74,63,63,69,69,40,40,40,40,23,23,25,31,31,24,62,60,49,55,55,35,35,0],"gold":190,"neow_bonus":"ONE_RANDOM_RARE_CARD","is_prod":false,"is_daily":false,"chose_seed":false,"campfire_upgraded":4,"win_rate":0,"timestamp":1557102064,"path_taken":["M","?","?","?","M","R","E","?","T","R","E","$","M","M","R","BOSS","M","?","?","?","M","R","M"],"build_version":"2019-01-23","purchased_purges":0,"victory":false,"max_hp_per_floor":[75,75,75,75,75,75,75,75,75,75,75,75,75,75,75,75,75,75,75,75,75,75,75,75],"card_choices":[{"not_picked":["Iron Wave","Perfected Strike","Pommel Strike"],"picked":"SKIP","floor":1.0},{"not_picked":["Warcry","Armaments"],"picked":"Twin Strike","floor":5.0},{"not_picked":["Cleave","Flex"],"picked":"Uppercut","floor":7.0},{"not_picked":["Flex","Anger","Juggernaut"],"picked":"SKIP","floor":11.0},{"not_picked":["Clothesline","Seeing Red"],"picked":"Anger","floor":13.0},{"not_picked":["Sword Boomerang","Havoc","Body Slam"],"picked":"SKIP","floor":14.0},{"not_picked":["Impervious","Double Tap"],"picked":"Fiend Fire","floor":16.0},{"not_picked":["Twin Strike","Entrench","Havoc"],"picked":"SKIP","floor":18.0},{"not_picked":["Blood for Blood","Armaments","Uppercut+1"],"picked":"SKIP","floor":20.0},{"not_picked":["Heavy Blade","Warcry"],"picked":"Second Wind","floor":22.0}],"player_experience":605262,"relics_obtained":[{"floor":4.0,"key":"Matryoshka"},{"floor":7.0,"key":"Ornamental Fan"},{"floor":9.0,"key":"Bag of Marbles"},{"floor":9.0,"key":"Boot"},{"floor":11.0,"key":"Centennial Puzzle"}],"event_choices":[{"damage_healed":0.0,"max_hp_gain":0.0,"max_hp_loss":0.0,"gold_gain":0.0,"event_name":"Living Wall","player_choice":"Grow","floor":2.0,"gold_loss":0.0,"damage_taken":0.0,"cards_upgraded":["Bash"]},{"damage_healed":0.0,"max_hp_gain":0.0,"max_hp_loss":0.0,"gold_gain":75.0,"event_name":"World of Goop","player_choice":"Gather Gold","floor":3.0,"gold_loss":0.0,"damage_taken":11.0},{"damage_healed":0.0,"max_hp_gain":0.0,"max_hp_loss":0.0,"gold_gain":0.0,"event_name":"Liars Game","player_choice":"Ignored","floor":8.0,"gold_loss":0.0,"damage_taken":0.0},{"damage_healed":0.0,"max_hp_gain":0.0,"max_hp_loss":0.0,"gold_gain":0.0,"event_name":"Wheel of Change","player_choice":"Damaged","floor":19.0,"gold_loss":0.0,"damage_taken":11.0},{"cards_removed":["Strike_R"],"damage_healed":0.0,"max_hp_gain":0.0,"max_hp_loss":0.0,"gold_gain":0.0,"event_name":"Bonfire Elementals","player_choice":"Offered Basic","floor":21.0,"gold_loss":0.0,"damage_taken":0.0}],"is_beta":false,"boss_relics":[{"not_picked":["Orrery","Eternal Feather"],"picked":"Sozu"}],"items_purged_floors":[],"is_endless":false,"potions_floor_spawned":[11,14,16,22],"killed_by":"Shelled Parasite and Fungi","ascension_level":20}