{"gold_per_floor":[216,232,291,38,55,88,112,112,162,188,188,208,239,239,239,239],"floor_reached":16,"playtime":675,"items_purged":[],"score":142,"play_id":"f1cd40e8-0321-4d04-b617-b7460123a57e","local_time":"20181120184429","is_ascension_mode":true,"campfire_choices":[{"data":"Whirlwind","floor":8,"key":"SMITH"},{"data":"Evolve","floor":15,"key":"SMITH"}],"neow_cost":"NONE","seed_source_timestamp":102306123869086,"circlet_count":0,"master_deck":["Strike_R","Strike_R","Strike_R","Strike_R","Strike_R","Defend_R","Defend_R","Defend_R","Defend_R","Bash","Cleave","Wild Strike","Evolve+1","Cleave","Whirlwind+1","Clothesline","Rampage","Metallicize","Shockwave","Power Through"],"relics":["Burning Blood","Juzu Bracelet","Pen Nib","Odd Mushroom","Boot","Shuriken","Pantograph","Oddly Smooth Stone"],"potions_floor_usage":[10],"damage_taken":[{"damage":1,"enemies":"Cultist","floor":1,"turns":3},{"damage":2,"enemies":"2 Louse","floor":2,"turns":3},{"damage":7,"enemies":"Jaw Worm","floor":5,"turns":4},{"damage":24,"enemies":"Gremlin Nob","floor":6,"turns":4},{"damage":29,"enemies":"The Mushroom Lair","floor":7,"turns":3},{"damage":10,"enemies":"3 Sentries","floor":10,"turns":2},{"damage":7,"enemies":"2 Fungi Beasts","floor":12,"turns":3},{"damage":9,"enemies":"Gremlin Nob","floor":13,"turns":3},{"damage":54,"enemies":"Hexaghost","floor":16,"turns":10}],"seed_played":"8533055893097532107","potions_obtained":[{"floor":5,"key":"Regen Potion"},{"floor":6,"key":"Explosive Potion"},{"floor":7,"key":"Weak Potion"},{"floor":13,"key":"Poison Potion"}],"is_trial":false,"path_per_floor":["M","M","?","$","M","E","?","R","T","E","$","M","E","?","R","B"],"character_chosen":"IRONCLAD","items_purchased":["Evolve","Juzu Bracelet","Cleave"],"campfire_rested":0,"item_purchase_floors":[4,4,4],"current_hp_per_floor":[80,80,80,80,79,61,38,38,38,34,34,33,30,27,27,0],"gold":239,"neow_bonus":"HUNDRED_GOLD","is_prod":false,"is_daily":false,"chose_seed":false,"campfire_upgraded":2,"win_rate":0,"timestamp":1542757469,"path_taken":["M","M","?","$","M","E","?","R","T","E","$","M","E","?","R","BOSS"],"build_version":"2018-11-15","purchased_purges":0,"victory":false,"max_hp_per_floor":[80,80,80,80,80,80,80,80,80,80,80,80,80,80,80,80],"card_choices":[{"not_picked":["Thunderclap","Heavy Blade"],"picked":"Cleave","floor":1},{"not_picked":["Havoc","True Grit"],"picked":"Wild Strike","floor":2},{"not_picked":["Perfected Strike","True Grit"],"picked":"Whirlwind","floor":5},{"not_picked":["Headbutt","Burning Pact"],"picked":"Clothesline","floor":6},{"not_picked":["Flex","Rage"],"picked":"Rampage","floor":7},{"not_picked":["Double Tap","Body Slam"],"picked":"Metallicize","floor":10},{"not_picked":["Metallicize","Bloodletting"],"picked":"Shockwave","floor":12},{"not_picked":["Entrench","Reckless Charge"],"picked":"Power Through","floor":13}],"player_experience":198528,"relics_obtained":[{"floor":6,"key":"Pen Nib"},{"floor":7,"key":"Odd Mushroom"},{"floor":9,"key":"Boot"},{"floor":10,"key":"Shuriken"},{"floor":13,"key":"Pantograph"}],"event_choices":[{"damage_healed":0,"gold_gain":59,"player_choice":"Gained Gold","damage_taken":0,"max_hp_gain":0,"max_hp_loss":0,"event_name":"Golden Wing","floor":3,"gold_loss":0},{"damage_healed":0,"gold_gain":0,"player_choice":"Fought Mushrooms","damage_taken":0,"max_hp_gain":0,"max_hp_loss":0,"event_name":"Mushrooms","floor":7,"gold_loss":0},{"damage_healed":0,"gold_gain":0,"player_choice":"Success","damage_taken":3,"relics_obtained":["Oddly Smooth Stone"],"max_hp_gain":0,"max_hp_loss":0,"event_name":"Scrap Ooze","floor":14,"gold_loss":0}],"is_beta":false,"boss_relics":[],"items_purged_floors":[],"is_endless":false,"potions_floor_spawned":[5,6,7,13],"killed_by":"Hexaghost","ascension_level":4}