{"gold_per_floor":[117,67,84,3,13,13,13,48,48,62,82,82,82,94,94,189,189,204,217,45,45,45,73,73,86,86,96,96,114,114,131,131,228,228,241,258,270,270,270,301,313,313,313,313,313,328,51,51,51,51,51,51,11,38,38],"floor_reached":55,"playtime":6974,"items_purged":["Strike_G"],"score":806,"play_id":"0fe1c75b-6296-40e4-b370-0acc7fd3fcfe","local_time":"20190109150646","is_ascension_mode":true,"campfire_choices":[{"data":"Crippling Poison","floor":6.0,"key":"SMITH"},{"floor":13.0,"key":"REST"},{"floor":15.0,"key":"REST"},{"floor":24,"key":"REST"},{"floor":28,"key":"REST"},{"floor":30,"key":"REST"},{"data":"Blur","floor":32,"key":"SMITH"},{"floor":42,"key":"REST"},{"floor":45,"key":"RECALL"},{"floor":49,"key":"REST"},{"floor":52,"key":"REST"}],"neow_cost":"NONE","seed_source_timestamp":37337488199520,"circlet_count":0,"master_deck":["Defend_G","Defend_G","Defend_G","Defend_G+1","Strike_G","Strike_G","Strike_G","Survivor","Neutralize","Leg Sweep","Dagger Throw","Well Laid Plans+1","Crippling Poison+1","Footwork","Deadly Poison","Backflip","Heel Hook","Envenom+1","Heel Hook","Well Laid Plans+1","Slice","Heel Hook","Expertise","Terror+1","Deadly Poison+1","Deadly Poison","Blur+1","A Thousand Cuts+1","Catalyst+1","Acrobatics","Acrobatics+1","Dagger Throw+1","Caltrops+1","Caltrops+1","Dagger Throw","Catalyst","Calculated Gamble","Calculated Gamble"],"special_seed":0,"relics":["Runic Dome","Thread and Needle","Frozen Egg 2","Sozu","Bag of Preparation","Mummified Hand","Fusion Hammer","PreservedInsect","Bag of Marbles"],"potions_floor_usage":[23],"damage_taken":[{"damage":0.0,"enemies":"Cultist","floor":1.0,"turns":4.0},{"damage":2.0,"enemies":"Small Slimes","floor":3.0,"turns":4.0},{"damage":0.0,"enemies":"2 Louse","floor":5.0,"turns":4.0},{"damage":15.0,"enemies":"Gremlin Nob","floor":8.0,"turns":5.0},{"damage":0.0,"enemies":"Exordium Wildlife","floor":10.0,"turns":4.0},{"damage":3.0,"enemies":"Gremlin Gang","floor":11.0,"turns":3.0},{"damage":0.0,"enemies":"Lots of Slimes","floor":14.0,"turns":2.0},{"damage":0.0,"enemies":"The Guardian","floor":16.0,"turns":11.0},{"damage":0.0,"enemies":"3 Byrds","floor":18.0,"turns":4.0},{"damage":14.0,"enemies":"Spheric Guardian","floor":19.0,"turns":6.0},{"damage":37,"enemies":"Slavers","floor":23,"turns":5},{"damage":0,"enemies":"Shelled Parasite and Fungi","floor":25,"turns":4},{"damage":6,"enemies":"Snake Plant","floor":27,"turns":4},{"damage":0,"enemies":"Centurion and Healer","floor":29,"turns":5},{"damage":0,"enemies":"Shelled Parasite and Fungi","floor":31,"turns":3},{"damage":6,"enemies":"Collector","floor":33,"turns":8},{"damage":23,"enemies":"3 Darklings","floor":35,"turns":4},{"damage":1,"enemies":"Orb Walker","floor":36,"turns":3},{"damage":12,"enemies":"Maw","floor":37,"turns":6},{"damage":5,"enemies":"Reptomancer","floor":40,"turns":6},{"damage":0,"enemies":"Writhing Mass","floor":41,"turns":4},{"damage":7,"enemies":"Jaw Worm Horde","floor":46,"turns":4},{"damage":31,"enemies":"Donu and Deca","floor":50,"turns":8},{"damage":59,"enemies":"Shield and Spear","floor":54,"turns":5},{"damage":26,"enemies":"The Heart","floor":55,"turns":2}],"seed_played":"3161621491281545685","potions_obtained":[{"floor":3.0,"key":"Swift Potion"},{"floor":11.0,"key":"SteroidPotion"},{"floor":14.0,"key":"Explosive Potion"}],"is_trial":false,"path_per_floor":["M","?","M","$","M","R","?","E","T","M","M","?","R","M","R","B",null,"M","M","$","?","?","E","R","M","T","M","R","M","R","M","R","B",null,"M","M","M","?","?","E","M","R","T","?","R","M","$","$","R","B",null,"R","$","E","B"],"character_chosen":"THE_SILENT","items_purchased":["Well Laid Plans","Well Laid Plans+1","Slice","Heel Hook","Caltrops+1","Dagger Throw","Catalyst","Calculated Gamble"],"campfire_rested":8,"item_purchase_floors":[4,20,20,20,47,47,47,53],"current_hp_per_floor":[70,70,68,68,68,68,54,39,39,39,36,36,57,57,70,70,70,70,56,56,56,43,6,28,28,28,22,44,44,66,66,66,60,75,52,51,39,39,58,53,53,75,75,75,75,68,68,68,75,44,75,75,75,16,0],"gold":38,"neow_bonus":"BOSS_RELIC","is_prod":false,"is_daily":false,"chose_seed":false,"campfire_upgraded":2,"win_rate":0,"timestamp":1547039206,"path_taken":["M","?","M","$","M","R","?","E","T","M","M","?","R","?","R","BOSS","M","M","$","?","?","E","R","?","T","M","R","M","R","?","R","BOSS","M","?","M","?","?","E","?","R","T","?","R","M","?","$","R","BOSS","R","$","E","BOSS"],"build_version":"2019-01-03v4","purchased_purges":1,"victory":false,"max_hp_per_floor":[70,70,70,70,70,70,70,70,70,70,70,70,70,70,70,70,70,70,70,70,70,75,75,75,75,75,75,75,75,75,75,75,75,75,75,75,75,75,75,75,75,75,75,75,75,75,75,75,75,75,75,75,75,75,75],"card_choices":[{"not_picked":["Dodge and Roll","Quick Slash"],"picked":"Leg Sweep","floor":1.0},{"not_picked":["Outmaneuver","Tools of the Trade"],"picked":"Dagger Throw","floor":3.0},{"not_picked":["All Out Attack","Bouncing Flask"],"picked":"Crippling Poison","floor":5.0},{"not_picked":["PiercingWail","Phantasmal Killer"],"picked":"Footwork","floor":8.0},{"not_picked":["Reflex","Bane"],"picked":"Deadly Poison","floor":10.0},{"not_picked":["Blade Dance","Tactician"],"picked":"Backflip","floor":11.0},{"not_picked":["Crippling Poison","Dagger Throw"],"picked":"Heel Hook","floor":14.0},{"not_picked":["Bullet Time","Unload"],"picked":"Envenom+1","floor":16.0},{"not_picked":["Tactician","Dagger Throw+1"],"picked":"Heel Hook","floor":18.0},{"not_picked":["Distraction","Sucker Punch","Acrobatics"],"picked":"SKIP","floor":19.0},{"not_picked":["Underhanded Strike+1","Backflip"],"picked":"Expertise","floor":23},{"not_picked":["Flying Knee","Underhanded Strike"],"picked":"Terror+1","floor":25},{"not_picked":["Finisher","Expertise"],"picked":"Deadly Poison+1","floor":27},{"not_picked":["Quick Slash+1","Flying Knee"],"picked":"Deadly Poison","floor":29},{"not_picked":["Crippling Poison","Slice"],"picked":"Blur","floor":31},{"not_picked":["Wraith Form v2+1","Night Terror"],"picked":"A Thousand Cuts+1","floor":33},{"not_picked":["Acrobatics+1","Deadly Poison"],"picked":"Catalyst+1","floor":35},{"not_picked":["PiercingWail+1","Blade Dance+1"],"picked":"Acrobatics","floor":36},{"not_picked":["Bane+1","Underhanded Strike"],"picked":"Acrobatics+1","floor":37},{"not_picked":["Phantasmal Killer","PiercingWail+1"],"picked":"Dagger Throw+1","floor":40},{"not_picked":["Blade Dance+1","Outmaneuver+1"],"picked":"Caltrops+1","floor":41},{"not_picked":["Distraction","Cloak And Dagger","Backstab"],"picked":"SKIP","floor":46},{"not_picked":["Catalyst","Bouncing Flask+1"],"picked":"Calculated Gamble","floor":54}],"player_experience":159967,"relics_obtained":[{"floor":8.0,"key":"Thread and Needle"},{"floor":9.0,"key":"Frozen Egg 2"},{"floor":23,"key":"Bag of Preparation"},{"floor":26,"key":"Mummified Hand"},{"floor":40,"key":"PreservedInsect"},{"floor":54,"key":"Bag of Marbles"}],"event_choices":[{"cards_removed":["Defend_G"],"damage_healed":0.0,"max_hp_gain":0.0,"max_hp_loss":0.0,"gold_gain":0.0,"event_name":"The Cleric","player_choice":"Card Removal","floor":2.0,"gold_loss":50.0,"damage_taken":0.0},{"damage_healed":0.0,"max_hp_gain":0.0,"max_hp_loss":0.0,"gold_gain":0.0,"event_name":"Shining Light","player_choice":"Entered Light","floor":7.0,"gold_loss":0.0,"damage_taken":14.0,"cards_upgraded":["Well Laid Plans","Defend_G"]},{"cards_removed":["Strike_G"],"damage_healed":0.0,"max_hp_gain":0.0,"max_hp_loss":0.0,"gold_gain":0.0,"event_name":"Bonfire Elementals","player_choice":"Offered Basic","floor":12.0,"gold_loss":0.0,"damage_taken":0.0},{"damage_healed":0,"gold_gain":0,"player_choice":"Ignored","damage_taken":0,"max_hp_gain":0,"max_hp_loss":0,"event_name":"The Mausoleum","floor":21,"gold_loss":0},{"damage_healed":0,"gold_gain":0,"player_choice":"Shed Blood","damage_taken":18,"max_hp_gain":5,"max_hp_loss":0,"event_name":"Forgotten Altar","floor":22,"gold_loss":0},{"damage_healed":0,"gold_gain":0,"player_choice":"Ignored","damage_taken":0,"max_hp_gain":0,"max_hp_loss":0,"event_name":"Tomb of Lord Red Mask","floor":38,"gold_loss":0},{"damage_healed":19,"gold_gain":0,"player_choice":"Writhe","damage_taken":0,"max_hp_gain":0,"max_hp_loss":0,"event_name":"Winding Halls","floor":39,"gold_loss":0,"cards_obtained":["Writhe"]},{"cards_removed":["Writhe"],"damage_healed":0,"gold_gain":0,"player_choice":"Removed Curses","damage_taken":0,"max_hp_gain":0,"max_hp_loss":0,"event_name":"Fountain of Cleansing","floor":44,"gold_loss":0}],"is_beta":false,"boss_relics":[{"not_picked":["Philosopher\u0027s Stone","Empty Cage"],"picked":"Sozu"},{"not_picked":["Lizard Tail","Snecko Eye"],"picked":"Fusion Hammer"}],"items_purged_floors":[47],"is_endless":false,"potions_floor_spawned":[3,11,14,23,25,29,33,35,37,40,54],"killed_by":"The Heart","ascension_level":1}