{"gold_per_floor":[119,119,136,61,61,61,61,61,61,61,81,81,100,135,135,212,212,230,230,35,35,35,35],"floor_reached":23,"playtime":1067,"items_purged":[],"score":370,"play_id":"16a62c24-88de-4eee-b456-d82109311867","local_time":"20190217000250","is_ascension_mode":true,"campfire_choices":[{"floor":6.0,"key":"REST"},{"floor":8.0,"key":"REST"},{"data":"Flame Barrier","floor":15.0,"key":"SMITH"}],"neow_cost":"NONE","seed_source_timestamp":181467087831839,"circlet_count":0,"master_deck":["AscendersBane","Strike_R+1","Strike_R+1","Strike_R+1","Defend_R+1","Defend_R+1","Defend_R+1","Defend_R+1","Bash","Armaments","Cleave","Pummel","Metallicize","Flame Barrier+1","Barricade","Whirlwind","Ghostly Armor","Inflame"],"special_seed":0,"relics":["Burning Blood","Bottled Lightning","Centennial Puzzle","Oddly Smooth Stone","White Beast Statue"],"potions_floor_usage":[],"damage_taken":[{"damage":6.0,"enemies":"Jaw Worm","floor":1.0,"turns":5.0},{"damage":0.0,"enemies":"Small Slimes","floor":3.0,"turns":5.0},{"damage":0.0,"enemies":"2 Louse","floor":11.0,"turns":3.0},{"damage":0.0,"enemies":"2 Fungi Beasts","floor":13.0,"turns":2.0},{"damage":3.0,"enemies":"Gremlin Nob","floor":14.0,"turns":3.0},{"damage":34.0,"enemies":"The Guardian","floor":16.0,"turns":19.0},{"damage":10,"enemies":"Chosen","floor":18,"turns":11},{"damage":64,"enemies":"Slavers","floor":23,"turns":4}],"seed_played":"6870944103518157167","potions_obtained":[{"floor":1.0,"key":"SteroidPotion"},{"floor":14.0,"key":"Swift Potion"},{"floor":18,"key":"FearPotion"}],"is_trial":false,"path_per_floor":["M","?","M","?","?","R","$","R","T","?","M","?","M","E","R","B",null,"M","?","$","?","?","E"],"character_chosen":"IRONCLAD","items_purchased":["Whirlwind","Ghostly Armor","Inflame"],"campfire_rested":2,"item_purchase_floors":[20,20,20],"current_hp_per_floor":[75,68,74,74,49,73,73,82,82,82,82,87,87,87,87,59,80,76,76,76,76,51,0],"gold":35,"neow_bonus":"TEN_PERCENT_HP_BONUS","is_prod":false,"is_daily":false,"chose_seed":false,"campfire_upgraded":1,"win_rate":0,"timestamp":1550354570,"path_taken":["M","?","M","?","?","R","$","R","T","?","M","?","M","E","R","BOSS","M","?","$","?","?","E"],"build_version":"2019-01-23","purchased_purges":0,"victory":false,"max_hp_per_floor":[82,82,82,82,82,82,82,82,82,82,82,87,87,87,87,87,87,87,87,87,87,92,92],"card_choices":[{"not_picked":["Sentinel","Heavy Blade"],"picked":"Armaments","floor":1.0},{"not_picked":["Thunderclap","Heavy Blade"],"picked":"Cleave","floor":3.0},{"not_picked":["Flex","Perfected Strike"],"picked":"Pummel","floor":11.0},{"not_picked":["Hemokinesis","Seeing Red"],"picked":"Metallicize","floor":13.0},{"not_picked":["Wild Strike","Reckless Charge"],"picked":"Flame Barrier","floor":14.0},{"not_picked":["Exhume","Offering"],"picked":"Barricade","floor":16.0},{"not_picked":["Perfected Strike","Rupture","Combust"],"picked":"SKIP","floor":18}],"player_experience":620690,"relics_obtained":[{"floor":9.0,"key":"Bottled Lightning"},{"floor":14.0,"key":"Oddly Smooth Stone"}],"event_choices":[{"cards_removed":["Strike_R"],"damage_healed":0.0,"max_hp_gain":0.0,"max_hp_loss":0.0,"gold_gain":0.0,"event_name":"Golden Wing","player_choice":"Card Removal","floor":2.0,"gold_loss":0.0,"damage_taken":7.0},{"cards_removed":["Strike_R"],"damage_healed":0.0,"max_hp_gain":0.0,"max_hp_loss":0.0,"gold_gain":0.0,"event_name":"The Cleric","player_choice":"Card Removal","floor":4.0,"gold_loss":75.0,"damage_taken":0.0},{"damage_healed":0.0,"max_hp_gain":0.0,"max_hp_loss":0.0,"gold_gain":0.0,"event_name":"Shining Light","player_choice":"Entered Light","floor":5.0,"gold_loss":0.0,"damage_taken":25.0,"cards_upgraded":["Defend_R","Strike_R"]},{"damage_healed":0.0,"max_hp_gain":0.0,"max_hp_loss":0.0,"gold_gain":0.0,"event_name":"Dead Adventurer","player_choice":"Searched \u00271\u0027 times","floor":10.0,"gold_loss":0.0,"damage_taken":0.0,"relics_obtained":["Centennial Puzzle"]},{"damage_healed":0.0,"max_hp_gain":5.0,"max_hp_loss":0.0,"gold_gain":0.0,"event_name":"Big Fish","player_choice":"Donut","floor":12.0,"gold_loss":0.0,"damage_taken":0.0},{"damage_healed":0,"gold_gain":0,"player_choice":"Simplicity","damage_taken":0,"max_hp_gain":0,"max_hp_loss":0,"event_name":"Back to Basics","floor":19,"gold_loss":0,"cards_upgraded":["Strike_R","Strike_R","Defend_R","Defend_R","Defend_R"]},{"damage_healed":0,"gold_gain":0,"player_choice":"Ignored","damage_taken":0,"max_hp_gain":0,"max_hp_loss":0,"event_name":"Vampires","floor":21,"gold_loss":0},{"damage_healed":0,"gold_gain":0,"player_choice":"Shed Blood","damage_taken":30,"max_hp_gain":5,"max_hp_loss":0,"event_name":"Forgotten Altar","floor":22,"gold_loss":0}],"is_beta":false,"boss_relics":[{"not_picked":["Coffee Dripper","Pandora\u0027s Box"],"picked":"White Beast Statue"}],"items_purged_floors":[],"is_endless":false,"potions_floor_spawned":[1,14,18],"killed_by":"Slavers","ascension_level":20}