{"gold_per_floor":[115,172,172,187,201,201,236,250,275,292,312,330,349,367,367,367],"floor_reached":16,"playtime":489,"items_purged":[],"score":108,"play_id":"f22aefec-9fad-4d62-9001-4981f0e2197a","local_time":"20190429202747","is_ascension_mode":false,"campfire_choices":[{"data":"Perfected Strike","floor":6,"key":"SMITH"},{"data":"Flex","floor":15,"key":"SMITH"}],"neow_cost":"NONE","seed_source_timestamp":845165273800,"circlet_count":0,"master_deck":["Strike_R","Strike_R","Strike_R","Strike_R","Strike_R","Defend_R","Defend_R","Defend_R","Defend_R","Bash","Heavy Blade","Perfected Strike+1","Thunderclap","Heavy Blade","Pommel Strike","Wild Strike","Anger","Flex+1","Cleave","Twin Strike","Bloodletting","Wild Strike","Ghostly Armor","Heavy Blade","Ghostly Armor"],"relics":["Orrery","Bag of Marbles","Centennial Puzzle","Blood Vial"],"potions_floor_usage":[12,16,16,16],"damage_taken":[{"damage":3,"enemies":"Small Slimes","floor":1,"turns":2},{"damage":0,"enemies":"Cultist","floor":4,"turns":1},{"damage":0,"enemies":"Jaw Worm","floor":5,"turns":1},{"damage":22,"enemies":"3 Sentries","floor":7,"turns":6},{"damage":9,"enemies":"2 Fungi Beasts","floor":8,"turns":2},{"damage":12,"enemies":"Blue Slaver","floor":10,"turns":2},{"damage":8,"enemies":"Red Slaver","floor":11,"turns":2},{"damage":0,"enemies":"Exordium Wildlife","floor":12,"turns":1},{"damage":0,"enemies":"2 Fungi Beasts","floor":13,"turns":2},{"damage":4,"enemies":"Large Slime","floor":14,"turns":3},{"damage":38,"enemies":"The Guardian","floor":16,"turns":7}],"seed_played":"-5510202316511998674","potions_obtained":[{"floor":8,"key":"Dexterity Potion"},{"floor":10,"key":"AttackPotion"},{"floor":12,"key":"Poison Potion"},{"floor":13,"key":"Fire Potion"}],"is_trial":false,"path_per_floor":["M","?","?","M","M","R","E","M","T","M","M","M","M","M","R","B"],"character_chosen":"IRONCLAD","items_purchased":[],"campfire_rested":0,"item_purchase_floors":[],"current_hp_per_floor":[77,77,77,77,77,77,55,46,46,36,30,32,34,32,32,0],"gold":367,"neow_bonus":"BOSS_RELIC","is_prod":false,"is_daily":false,"chose_seed":false,"campfire_upgraded":2,"win_rate":0,"timestamp":1556558867,"path_taken":["M","?","?","?","M","R","E","M","T","M","M","M","M","M","R","BOSS"],"build_version":"2019-01-23","purchased_purges":0,"victory":false,"max_hp_per_floor":[80,80,80,80,80,80,80,80,80,80,80,80,80,80,80,80],"card_choices":[{"not_picked":["Perfected Strike","Whirlwind"],"picked":"Heavy Blade","floor":0},{"not_picked":["Sword Boomerang","Bloodletting"],"picked":"Perfected Strike","floor":0},{"not_picked":["Feel No Pain","Flame Barrier"],"picked":"Thunderclap","floor":0},{"not_picked":["Second Wind","Thunderclap"],"picked":"Heavy Blade","floor":0},{"not_picked":["True Grit","Sever Soul"],"picked":"Pommel Strike","floor":0},{"not_picked":["Thunderclap","Feel No Pain"],"picked":"Wild Strike","floor":1},{"not_picked":["Dropkick","Twin Strike"],"picked":"Anger","floor":4},{"not_picked":["Iron Wave","Brutality"],"picked":"Flex","floor":5},{"not_picked":["Burning Pact","True Grit"],"picked":"Cleave","floor":7},{"not_picked":["Heavy Blade","Armaments"],"picked":"Twin Strike","floor":8},{"not_picked":["Rampage","Anger"],"picked":"Bloodletting","floor":10},{"not_picked":["Limit Break","Blood for Blood"],"picked":"Wild Strike","floor":11},{"not_picked":["Anger","Headbutt"],"picked":"Ghostly Armor","floor":12},{"not_picked":["Bloodletting","True Grit"],"picked":"Heavy Blade","floor":13},{"not_picked":["Metallicize","Bloodletting"],"picked":"Ghostly Armor","floor":14}],"player_experience":270953,"relics_obtained":[{"floor":3,"key":"Bag of Marbles"},{"floor":7,"key":"Centennial Puzzle"},{"floor":9,"key":"Blood Vial"}],"event_choices":[{"damage_healed":0,"gold_gain":57,"player_choice":"Gained Gold","damage_taken":0,"max_hp_gain":0,"max_hp_loss":0,"event_name":"Golden Wing","floor":2,"gold_loss":0},{"damage_healed":0,"gold_gain":0,"player_choice":"Relic","damage_taken":0,"max_hp_gain":0,"max_hp_loss":0,"event_name":"Wheel of Change","floor":3,"gold_loss":0}],"is_beta":false,"boss_relics":[],"items_purged_floors":[],"is_endless":false,"potions_floor_spawned":[8,10,12,13,14],"killed_by":"The Guardian","ascension_level":0}