{"gold_per_floor":[10,0,16,16,16,16,32,48,73,73,103,28,28,28,28,107,107,127,138,38,38,38,38,38,58,58,71,81,92,112,124,124,124],"floor_reached":33,"playtime":2370,"items_purged":["Strike_B","Strike_B"],"score":498,"play_id":"30b4dd8d-107e-436b-be33-4a7ec7d28164","local_time":"20190424223304","is_ascension_mode":true,"campfire_choices":[{"floor":6.0,"key":"REST"},{"floor":13.0,"key":"REST"},{"data":"1","floor":15.0,"key":"LIFT"},{"floor":23.0,"key":"REST"},{"floor":32,"key":"REST"}],"neow_cost":"NO_GOLD","seed_source_timestamp":1212286225454706,"circlet_count":0,"master_deck":["AscendersBane","Strike_B+1","Strike_B+1","Defend_B","Defend_B","Zap","Reinforced Body","Undo","Conserve Battery","Echo Form","Streamline","Melter+1","Glacier","Hyperbeam","Conserve Battery","Leap+1","Conserve Battery+1"],"special_seed":0,"relics":["Cracked Core","Girya","PreservedInsect","Ancient Tea Set","Velvet Choker","Bag of Marbles"],"potions_floor_usage":[33],"damage_taken":[{"damage":9.0,"enemies":"Jaw Worm","floor":1.0,"turns":4.0},{"damage":5.0,"enemies":"Small Slimes","floor":3.0,"turns":4.0},{"damage":1.0,"enemies":"Cultist","floor":7.0,"turns":3.0},{"damage":4.0,"enemies":"3 Louse","floor":8.0,"turns":4.0},{"damage":23.0,"enemies":"Lagavulin","floor":11.0,"turns":6.0},{"damage":57.0,"enemies":"Slime Boss","floor":16.0,"turns":13.0},{"damage":21.0,"enemies":"3 Byrds","floor":18.0,"turns":6.0},{"damage":21.0,"enemies":"Shell Parasite","floor":19.0,"turns":6.0},{"damage":9.0,"enemies":"Shelled Parasite and Fungi","floor":25.0,"turns":3.0},{"damage":15.0,"enemies":"Snake Plant","floor":27.0,"turns":3.0},{"damage":3.0,"enemies":"Sentry and Sphere","floor":28.0,"turns":3.0},{"damage":0.0,"enemies":"Chosen and Byrds","floor":29.0,"turns":5.0},{"damage":0.0,"enemies":"Snake Plant","floor":30.0,"turns":2.0},{"damage":0,"enemies":"Snecko","floor":31,"turns":4},{"damage":48,"enemies":"Champ","floor":33,"turns":15}],"seed_played":"8716961659283443276","potions_obtained":[{"floor":1.0,"key":"FocusPotion"},{"floor":8.0,"key":"Energy Potion"},{"floor":11.0,"key":"Strength Potion"},{"floor":16.0,"key":"Fire Potion"},{"floor":25.0,"key":"EssenceOfSteel"},{"floor":28.0,"key":"FearPotion"},{"floor":29.0,"key":"Energy Potion"},{"floor":31,"key":"Strength Potion"}],"is_trial":false,"path_per_floor":["M","?","M","?","?","R","M","M","T","$","E","$","R","?","R","B",null,"M","M","$","?","?","R","?","M","T","M","M","M","M","M","R","B"],"character_chosen":"DEFECT","items_purchased":[],"campfire_rested":4,"item_purchase_floors":[],"current_hp_per_floor":[55,55,50,29,29,50,49,45,45,45,22,22,43,71,71,14,57,36,15,15,15,15,36,36,27,27,12,9,9,9,9,30,0],"gold":124,"neow_bonus":"ONE_RARE_RELIC","is_prod":false,"is_daily":false,"chose_seed":false,"campfire_upgraded":0,"win_rate":0,"timestamp":1556134384,"path_taken":["M","?","M","?","?","R","?","M","T","$","E","$","R","?","R","BOSS","M","?","$","?","?","R","?","M","T","M","M","?","M","M","R","BOSS"],"build_version":"2019-01-23","purchased_purges":2,"victory":false,"max_hp_per_floor":[71,71,71,71,71,71,71,71,71,71,71,71,71,71,71,71,71,71,71,71,71,71,71,71,71,71,71,71,71,71,71,71,71],"card_choices":[{"not_picked":["Chaos","Rebound"],"picked":"White Noise","floor":1.0},{"not_picked":["Go for the Eyes","Cold Snap"],"picked":"Reinforced Body","floor":3.0},{"not_picked":["Double Energy","Hello World"],"picked":"Conserve Battery","floor":7.0},{"not_picked":["Hologram","Ball Lightning","Doom and Gloom"],"picked":"SKIP","floor":8.0},{"not_picked":["Coolheaded","Storm","Sweeping Beam"],"picked":"SKIP","floor":11.0},{"not_picked":["Seek","Fission"],"picked":"Echo Form","floor":16.0},{"not_picked":["Recycle","Sweeping Beam"],"picked":"Streamline","floor":18.0},{"not_picked":["Undo","Consume+1"],"picked":"Melter+1","floor":19.0},{"not_picked":["Glacier","Hologram"],"picked":"Conserve Battery","floor":25.0},{"not_picked":["Compile Driver","Ball Lightning"],"picked":"Leap+1","floor":27.0},{"not_picked":["Turbo","Double Energy","Barrage"],"picked":"SKIP","floor":28.0},{"not_picked":["Compile Driver","Hologram","Rebound"],"picked":"SKIP","floor":29.0},{"not_picked":["Melter","Sweeping Beam","Creative AI"],"picked":"SKIP","floor":30},{"not_picked":["FTL","Gash"],"picked":"Conserve Battery+1","floor":31}],"player_experience":848466,"relics_obtained":[{"floor":9.0,"key":"PreservedInsect"},{"floor":11.0,"key":"Ancient Tea Set"},{"floor":26.0,"key":"Bag of Marbles"}],"event_choices":[{"damage_healed":0.0,"max_hp_gain":0.0,"max_hp_loss":0.0,"gold_gain":0.0,"event_name":"World of Goop","player_choice":"Left Gold","floor":2.0,"gold_loss":10.0,"damage_taken":0.0},{"damage_healed":0.0,"max_hp_gain":0.0,"max_hp_loss":0.0,"gold_gain":0.0,"event_name":"Shining Light","player_choice":"Entered Light","floor":4.0,"gold_loss":0.0,"damage_taken":21.0,"cards_upgraded":["Strike_B","Strike_B"]},{"damage_healed":0.0,"max_hp_gain":0.0,"max_hp_loss":0.0,"gold_gain":0.0,"event_name":"Match and Keep!","player_choice":"1 cards matched","floor":5.0,"gold_loss":0.0,"damage_taken":0.0,"cards_obtained":["Undo"]},{"cards_removed":["White Noise"],"damage_healed":28.0,"max_hp_gain":0.0,"max_hp_loss":0.0,"gold_gain":0.0,"event_name":"Bonfire Elementals","player_choice":"Offered Uncommon","floor":14.0,"gold_loss":0.0,"damage_taken":0.0},{"damage_healed":0.0,"max_hp_gain":0.0,"max_hp_loss":0.0,"gold_gain":0.0,"cards_transformed":["Defend_B","Defend_B"],"event_name":"Drug Dealer","player_choice":"Became Test Subject","floor":21.0,"gold_loss":0.0,"damage_taken":0.0,"cards_obtained":["All For One","Glacier"]},{"cards_removed":["All For One"],"damage_healed":0.0,"max_hp_gain":0.0,"max_hp_loss":0.0,"gold_gain":0.0,"event_name":"Back to Basics","player_choice":"Elegance","floor":22.0,"gold_loss":0.0,"damage_taken":0.0},{"damage_healed":0.0,"max_hp_gain":0.0,"max_hp_loss":0.0,"gold_gain":0.0,"cards_transformed":["Dualcast"],"event_name":"Transmorgrifier","player_choice":"Transformed","floor":24.0,"gold_loss":0.0,"damage_taken":0.0,"cards_obtained":["Hyperbeam"]}],"is_beta":false,"boss_relics":[{"not_picked":["White Beast Statue","Tiny House"],"picked":"Velvet Choker"}],"items_purged_floors":[12,20],"is_endless":false,"potions_floor_spawned":[1,8,11,16,25,28,29,31],"killed_by":"Champ","ascension_level":20}