{"gold_per_floor":[113,125,125,137,150,150,178,178,178,192,63,77,77,112,112,112],"floor_reached":16,"playtime":537,"items_purged":["Strike_B"],"score":134,"play_id":"4a01d926-80e4-4a2a-8cc1-d613ae958a6c","local_time":"20181213184251","is_ascension_mode":true,"campfire_choices":[{"data":"Sunder","floor":6,"key":"SMITH"},{"floor":13,"key":"REST"},{"data":"Streamline","floor":15,"key":"SMITH"}],"neow_cost":"NONE","seed_source_timestamp":30678360331354,"circlet_count":0,"master_deck":["Strike_B","Strike_B","Strike_B","Defend_B","Defend_B","Defend_B","Defend_B","Zap","Dualcast","Ball Lightning","Streamline+1","Sunder+1","Auto Shields","Recycle","Hologram","Cold Snap","Sweeping Beam","Rebound"],"relics":["Cracked Core","Anchor","Dream Catcher","Shuriken","Meat on the Bone","Ancient Tea Set"],"potions_floor_usage":[],"damage_taken":[{"damage":0,"enemies":"Small Slimes","floor":1,"turns":2},{"damage":1,"enemies":"Cultist","floor":2,"turns":3},{"damage":0,"enemies":"2 Louse","floor":4,"turns":2},{"damage":3,"enemies":"Blue Slaver","floor":5,"turns":3},{"damage":29,"enemies":"Lagavulin","floor":7,"turns":5},{"damage":20,"enemies":"Lots of Slimes","floor":10,"turns":3},{"damage":13,"enemies":"Exordium Thugs","floor":12,"turns":5},{"damage":14,"enemies":"Gremlin Nob","floor":14,"turns":3},{"damage":44,"enemies":"Hexaghost","floor":16,"turns":7}],"seed_played":"6386248746566654101","potions_obtained":[{"floor":1,"key":"SteroidPotion"},{"floor":5,"key":"Ancient Potion"},{"floor":7,"key":"GamblersBrew"},{"floor":10,"key":"SpeedPotion"}],"is_trial":false,"path_per_floor":["M","M","?","M","M","R","E","?","T","M","$","M","R","E","R","B"],"character_chosen":"DEFECT","items_purchased":["Cold Snap"],"campfire_rested":1,"item_purchase_floors":[11],"current_hp_per_floor":[75,74,74,74,71,71,42,42,42,34,34,33,55,41,41,0],"gold":112,"neow_bonus":"RANDOM_COMMON_RELIC","is_prod":false,"is_daily":false,"chose_seed":false,"campfire_upgraded":2,"win_rate":0,"timestamp":1544744571,"path_taken":["M","M","?","?","M","R","E","?","T","?","$","M","R","E","R","BOSS"],"build_version":"2018-12-06","purchased_purges":1,"victory":false,"max_hp_per_floor":[75,75,75,75,75,75,75,75,75,75,75,75,75,75,75,75],"card_choices":[{"not_picked":["Loop","Conserve Battery"],"picked":"Ball Lightning","floor":1},{"not_picked":["Coolheaded","Recycle"],"picked":"Streamline","floor":2},{"not_picked":["Streamline","Steam"],"picked":"Sunder","floor":4},{"not_picked":["Compile Driver","Hyperbeam"],"picked":"Auto Shields","floor":5},{"not_picked":["Heatsinks","Stack"],"picked":"Recycle","floor":7},{"not_picked":["Consume","Compile Driver"],"picked":"Hologram","floor":10},{"not_picked":["Redo","Streamline","Compile Driver"],"picked":"SKIP","floor":12},{"not_picked":["Redo","Cold Snap"],"picked":"Sweeping Beam","floor":13},{"not_picked":["Hyperbeam","Hologram"],"picked":"Rebound","floor":14}],"player_experience":325549,"relics_obtained":[{"floor":7,"key":"Shuriken"},{"floor":9,"key":"Meat on the Bone"},{"floor":14,"key":"Ancient Tea Set"}],"event_choices":[{"damage_healed":0,"gold_gain":0,"player_choice":"Gave Potion","damage_taken":0,"relics_obtained":["Dream Catcher"],"max_hp_gain":0,"max_hp_loss":0,"event_name":"WeMeetAgain","floor":3,"gold_loss":0},{"damage_healed":0,"gold_gain":0,"player_choice":"Ignored","damage_taken":0,"max_hp_gain":0,"max_hp_loss":0,"event_name":"Purifier","floor":8,"gold_loss":0}],"is_beta":false,"boss_relics":[],"items_purged_floors":[11],"is_endless":false,"potions_floor_spawned":[1,5,7,10],"killed_by":"Hexaghost","ascension_level":4}