{"gold_per_floor":[118,138,23,36,36,65,65,78,104,22,41,57,57,68,68,171,171,190,240,250,268,89,89,120,35,117,17,33,33,46,65,65,166,166,179,67,67,67,0,60,60,60,85,114,114,124,124,124],"floor_reached":48,"playtime":2873,"items_purged":["Strike_B","Strike_B"],"score":560,"play_id":"a7dcf1e5-d512-45b0-bb17-618665383fa1","local_time":"20181105013051","is_ascension_mode":false,"campfire_choices":[{"data":"Defragment","floor":13,"key":"SMITH"},{"floor":15,"key":"REST"},{"floor":23,"key":"REST"},{"data":"Defragment","floor":29,"key":"SMITH"},{"floor":32,"key":"REST"},{"floor":41,"key":"REST"},{"floor":45,"key":"REST"}],"neow_cost":"NONE","seed_source_timestamp":1661614653882136,"circlet_count":0,"master_deck":["Defend_B","Defend_B","Zap","Dualcast","Leap","Cold Snap","Ball Lightning","Doom and Gloom","Redo","Defragment+1","Go for the Eyes","Defragment+1","Hologram","Darkness","Machine Learning","Beam Cell","Capacitor","Redo","Leap+1","Double Energy","Multi-Cast","Barrage+1","Loop","Double Energy","Trip","Conserve Battery+1","Lockon+1","Self Repair","Rebound"],"relics":["Cracked Core","Ancient Tea Set","Bag of Marbles","Runic Pyramid","Art of War","Oddly Smooth Stone","Pear","Empty Cage","Red Mask","Tiny Chest","Strawberry","Dream Catcher","Question Card"],"potions_floor_usage":[24,24,24,33,44],"damage_taken":[{"damage":1,"enemies":"Cultist","floor":1,"turns":3},{"damage":0,"enemies":"2 Louse","floor":2,"turns":2},{"damage":0,"enemies":"Small Slimes","floor":4,"turns":2},{"damage":17,"enemies":"3 Sentries","floor":6,"turns":4},{"damage":13,"enemies":"Exordium Thugs","floor":8,"turns":3},{"damage":0,"enemies":"Looter","floor":11,"turns":3},{"damage":9,"enemies":"Blue Slaver","floor":12,"turns":3},{"damage":6,"enemies":"Large Slime","floor":14,"turns":4},{"damage":0,"enemies":"The Guardian","floor":16,"turns":9},{"damage":0,"enemies":"Chosen","floor":18,"turns":4},{"damage":16,"enemies":"3 Byrds","floor":20,"turns":5},{"damage":22,"enemies":"Snake Plant","floor":21,"turns":4},{"damage":44,"enemies":"Book of Stabbing","floor":24,"turns":6},{"damage":0,"enemies":"Snecko","floor":28,"turns":6},{"damage":2,"enemies":"3 Cultists","floor":30,"turns":5},{"damage":20,"enemies":"Centurion and Healer","floor":31,"turns":6},{"damage":26,"enemies":"Automaton","floor":33,"turns":11},{"damage":24,"enemies":"3 Darklings","floor":35,"turns":4},{"damage":32,"enemies":"Nemesis","floor":40,"turns":5},{"damage":31,"enemies":"Reptomancer","floor":44,"turns":5},{"damage":39,"enemies":"3 Shapes","floor":46,"turns":5},{"damage":25,"enemies":"Jaw Worm Horde","floor":48,"turns":3}],"seed_played":"-24784813886427551","potions_obtained":[{"floor":4,"key":"Ancient Potion"},{"floor":6,"key":"Poison Potion"},{"floor":11,"key":"FearPotion"},{"floor":24,"key":"Dexterity Potion"},{"floor":35,"key":"Explosive Potion"}],"is_trial":false,"path_per_floor":["M","M","$","M","?","E","$","M","T","$","M","M","R","M","R","B",null,"M","?","M","M","$","R","E","?","T","$","M","R","M","M","R","B",null,"M","$","?","?","?","E","R","$","T","E","R","M","T","M"],"character_chosen":"DEFECT","items_purchased":["Ball Lightning","Doom and Gloom","Defragment","Capacitor","Redo","Loop","Double Energy"],"campfire_rested":5,"item_purchase_floors":[3,3,10,22,22,36,36],"current_hp_per_floor":[74,74,74,74,74,57,57,44,44,44,44,35,35,29,51,51,75,75,75,59,37,37,59,15,15,25,25,25,25,23,3,28,2,85,61,61,61,61,61,29,53,53,60,29,55,23,23,0],"gold":124,"neow_bonus":"REMOVE_CARD","is_prod":false,"is_daily":false,"chose_seed":false,"campfire_upgraded":2,"win_rate":0.0,"timestamp":1541399451,"path_taken":["M","M","$","M","?","E","$","?","T","$","M","?","R","M","R","BOSS","M","?","M","M","?","R","E","?","T","$","M","R","?","M","R","BOSS","M","$","?","?","?","E","R","?","T","E","R","M","?","M"],"build_version":"2018-11-01","purchased_purges":2,"victory":false,"max_hp_per_floor":[75,75,75,75,75,75,75,75,75,75,75,75,75,75,75,75,75,75,75,75,75,75,75,75,75,85,85,85,85,85,85,85,85,85,85,85,85,81,81,81,81,81,88,88,88,88,88,88],"card_choices":[{"not_picked":["Barrage","Streamline"],"picked":"Leap","floor":1},{"not_picked":["Rebound","Streamline"],"picked":"Cold Snap","floor":2},{"not_picked":["Rebound","Darkness"],"picked":"Redo","floor":4},{"not_picked":["Steam","Stack"],"picked":"Defragment","floor":6},{"not_picked":["Melter","Glacier"],"picked":"Go for the Eyes","floor":8},{"not_picked":["Cold Snap","Leap"],"picked":"Hologram","floor":11},{"not_picked":["Streamline","Fusion","Steam"],"picked":"SKIP","floor":12},{"not_picked":["Biased Cognition","Gash"],"picked":"Darkness","floor":14},{"not_picked":["Multi-Cast","Thunder Strike"],"picked":"Machine Learning","floor":16},{"not_picked":["Skim","Hologram","Melter+1"],"picked":"SKIP","floor":18},{"not_picked":["Fusion","Steam","Static Discharge"],"picked":"SKIP","floor":20},{"not_picked":["Lockon","Glacier+1"],"picked":"Beam Cell","floor":21},{"not_picked":["Tempest+1","Genetic Algorithm"],"picked":"Leap+1","floor":24},{"not_picked":["Ball Lightning","Streamline+1","Cold Snap"],"picked":"SKIP","floor":28},{"not_picked":["Fusion","Steam"],"picked":"Double Energy","floor":30},{"not_picked":["Darkness","Gash+1","Melter"],"picked":"SKIP","floor":31},{"not_picked":["Rainbow","Buffer"],"picked":"Multi-Cast","floor":33},{"not_picked":["Sweeping Beam+1","Blizzard+1"],"picked":"Barrage+1","floor":35},{"not_picked":["Transmutation","Deep Breath"],"picked":"Trip","floor":37},{"not_picked":["Cold Snap","Scrape+1"],"picked":"Conserve Battery+1","floor":40},{"not_picked":["Hologram","Beam Cell"],"picked":"Lockon+1","floor":44},{"not_picked":["Reprogram","Melter+1"],"picked":"Self Repair","floor":45},{"not_picked":["Gash+1","Go for the Eyes"],"picked":"Rebound","floor":46}],"player_experience":108554,"relics_obtained":[{"floor":6,"key":"Ancient Tea Set"},{"floor":9,"key":"Bag of Marbles"},{"floor":24,"key":"Art of War"},{"floor":26,"key":"Pear"},{"floor":40,"key":"Tiny Chest"},{"floor":43,"key":"Strawberry"},{"floor":44,"key":"Dream Catcher"},{"floor":47,"key":"Question Card"}],"event_choices":[{"cards_removed":["Strike_B"],"damage_healed":0,"gold_gain":0,"player_choice":"Purged","damage_taken":0,"max_hp_gain":0,"max_hp_loss":0,"event_name":"Purifier","floor":5,"gold_loss":0},{"damage_healed":0,"gold_gain":100,"player_choice":"Bet on Murderer","damage_taken":0,"max_hp_gain":0,"max_hp_loss":0,"event_name":"The Joust","floor":19,"gold_loss":50},{"damage_healed":0,"gold_gain":0,"player_choice":"Obtained Relic","damage_taken":0,"relics_obtained":["Oddly Smooth Stone"],"max_hp_gain":0,"max_hp_loss":0,"event_name":"Addict","floor":25,"gold_loss":85},{"damage_healed":0,"gold_gain":0,"player_choice":"Memory 1","damage_taken":0,"max_hp_gain":0,"max_hp_loss":0,"event_name":"SensoryStone","floor":37,"gold_loss":0},{"damage_healed":0,"gold_gain":0,"player_choice":"Max HP","damage_taken":0,"max_hp_gain":0,"max_hp_loss":4,"event_name":"Winding Halls","floor":38,"gold_loss":0},{"damage_healed":0,"gold_gain":0,"player_choice":"Paid","damage_taken":0,"relics_obtained":["Red Mask"],"max_hp_gain":0,"max_hp_loss":0,"event_name":"Tomb of Lord Red Mask","floor":39,"gold_loss":67}],"is_beta":false,"boss_relics":[{"not_picked":["Runic Dome","Ectoplasm"],"picked":"Runic Pyramid"},{"not_picked":["Coffee Dripper","FrozenCore"],"picked":"Empty Cage"}],"items_purged_floors":[22,27],"is_endless":false,"potions_floor_spawned":[4,6,11,12,14,18,24,28,35,40],"killed_by":"Jaw Worm Horde","ascension_level":0}