{"gold_per_floor":[364,364,51,68,95,95,122,122,122,152,165,183,183,183,183,260,260,274,84,97,110,110,110,136,136,162,162,175,3,13,31,31,102,102,122,122,141,141,141,141,157,157,157,169,169,204,220,65,65,65],"floor_reached":51,"playtime":2094,"items_purged":["Strike_R","Strike_R"],"score":1376,"play_id":"c2b8b233-8591-47c6-bb64-27991cc763ba","local_time":"20190403181857","is_ascension_mode":true,"campfire_choices":[{"data":"Bash","floor":6,"key":"SMITH"},{"floor":8,"key":"REST"},{"data":"Hemokinesis","floor":13,"key":"SMITH"},{"data":"Anger","floor":15,"key":"SMITH"},{"data":"Whirlwind","floor":23,"key":"SMITH"},{"floor":25,"key":"REST"},{"data":"Body Slam","floor":27,"key":"SMITH"},{"floor":32,"key":"REST"},{"data":"Body Slam","floor":40,"key":"SMITH"},{"floor":42,"key":"REST"},{"floor":45,"key":"REST"},{"floor":49,"key":"REST"}],"neow_cost":"PERCENT_DAMAGE","seed_source_timestamp":357153082416807,"circlet_count":0,"master_deck":["AscendersBane","Strike_R","Defend_R","Defend_R","Defend_R","Defend_R","Bash+1","Flame Barrier+1","Cleave","True Grit+1","Hemokinesis+1","Anger+1","Entrench+1","Offering+1","Inflame+1","Shrug It Off+1","Body Slam+1","Whirlwind+1","Ghostly Armor+1","Battle Trance+1","Entrench+1","Battle Trance+1","Shrug It Off+1","Limit Break+1","Flame Barrier+1","Entrench+1","Body Slam+1","Purity+1","Limit Break+1","Flex+1","Sentinel+1","Shockwave+1","Body Slam+1"],"relics":["Burning Blood","Toxic Egg 2","Happy Flower","Question Card","Mercury Hourglass","Meat on the Bone","Philosopher\u0027s Stone","Sundial","Juzu Bracelet","Runic Pyramid","Molten Egg 2","Bag of Preparation"],"potions_floor_usage":[16,24,50],"damage_taken":[{"damage":0,"enemies":"2 Louse","floor":1,"turns":2},{"damage":0,"enemies":"Jaw Worm","floor":4,"turns":3},{"damage":28,"enemies":"Lagavulin","floor":7,"turns":9},{"damage":15,"enemies":"3 Sentries","floor":10,"turns":5},{"damage":0,"enemies":"Small Slimes","floor":11,"turns":3},{"damage":0,"enemies":"2 Fungi Beasts","floor":12,"turns":2},{"damage":45,"enemies":"Hexaghost","floor":16,"turns":10},{"damage":35,"enemies":"Shell Parasite","floor":18,"turns":4},{"damage":7,"enemies":"3 Byrds","floor":20,"turns":3},{"damage":14,"enemies":"Snake Plant","floor":21,"turns":3},{"damage":43,"enemies":"Book of Stabbing","floor":24,"turns":5},{"damage":6,"enemies":"3 Cultists","floor":28,"turns":1},{"damage":14,"enemies":"Shelled Parasite and Fungi","floor":30,"turns":5},{"damage":15,"enemies":"Snake Plant","floor":31,"turns":3},{"damage":53,"enemies":"Collector","floor":33,"turns":9},{"damage":6,"enemies":"Orb Walker","floor":35,"turns":3},{"damage":8,"enemies":"3 Darklings","floor":37,"turns":4},{"damage":24,"enemies":"Jaw Worm Horde","floor":41,"turns":4},{"damage":23,"enemies":"Writhing Mass","floor":44,"turns":4},{"damage":31,"enemies":"Nemesis","floor":46,"turns":7},{"damage":0,"enemies":"Spire Growth","floor":47,"turns":3},{"damage":46,"enemies":"Awakened One","floor":50,"turns":8}],"seed_played":"-6224378316909827964","potions_obtained":[{"floor":11,"key":"Weak Potion"},{"floor":12,"key":"Block Potion"},{"floor":18,"key":"Poison Potion"},{"floor":24,"key":"Block Potion"},{"floor":44,"key":"Energy Potion"}],"is_trial":false,"path_per_floor":["M","?","$","M","T","R","E","R","T","E","M","M","R","?","R","B",null,"M","$","M","M","?","R","E","R","T","R","M","$","M","M","R","B",null,"M","?","M","?","?","R","M","R","T","M","R","E","M","$","R","B",null],"character_chosen":"IRONCLAD","items_purchased":["Toxic Egg 2","Flame Barrier+1","Shrug It Off+1","Body Slam","Battle Trance+1","Entrench+1","Body Slam+1"],"campfire_rested":6,"item_purchase_floors":[3,3,19,19,29,29,48],"current_hp_per_floor":[56,49,49,55,55,55,33,55,55,46,52,58,58,58,58,31,64,47,47,46,50,50,50,25,47,47,47,47,47,51,54,75,40,66,66,66,64,64,64,64,46,68,68,51,73,48,54,54,75,47],"gold":65,"neow_bonus":"TWO_FIFTY_GOLD","is_prod":false,"is_daily":false,"chose_seed":false,"campfire_upgraded":6,"win_rate":0,"timestamp":1554329937,"path_taken":["M","?","$","M","?","R","E","R","T","E","?","M","R","?","R","BOSS","M","$","M","M","?","R","E","R","T","R","M","$","M","M","R","BOSS","M","?","M","?","?","R","M","R","T","M","R","E","M","$","R","BOSS"],"build_version":"2019-01-23","purchased_purges":2,"victory":true,"max_hp_per_floor":[75,75,75,75,75,75,75,75,75,75,75,75,75,75,75,75,75,75,75,75,75,75,75,75,75,75,75,75,75,75,75,75,75,75,75,75,75,75,75,75,75,75,75,75,75,75,75,75,75,75],"card_choices":[{"not_picked":["Cleave","Clothesline"],"picked":"Pommel Strike","floor":1},{"not_picked":["Havoc+1","Wild Strike"],"picked":"Cleave","floor":4},{"not_picked":["Heavy Blade","Pommel Strike"],"picked":"True Grit+1","floor":7},{"not_picked":["True Grit+1","Dark Embrace","Flex+1"],"picked":"Hemokinesis","floor":10},{"not_picked":["Metallicize","Hemokinesis","Flex+1"],"picked":"Anger","floor":11},{"not_picked":["Sword Boomerang","Twin Strike","Sever Soul"],"picked":"Entrench+1","floor":12},{"not_picked":["Feed","Berserk","Double Tap+1"],"picked":"Offering+1","floor":16},{"not_picked":["Heavy Blade","Sword Boomerang","Clash"],"picked":"Inflame+1","floor":18},{"not_picked":["Infernal Blade+1","Heavy Blade","Havoc+1"],"picked":"Whirlwind","floor":20},{"not_picked":["Twin Strike","Thunderclap","Body Slam","Evolve"],"picked":"SKIP","floor":21},{"not_picked":["Inflame","Havoc+1","Perfected Strike"],"picked":"Ghostly Armor+1","floor":24},{"not_picked":["Perfected Strike","Heavy Blade","Feed","Uppercut+1"],"picked":"SKIP","floor":28},{"not_picked":["True Grit+1","Inflame","Pommel Strike"],"picked":"Battle Trance+1","floor":30},{"not_picked":["Iron Wave","Flex+1","Ghostly Armor+1"],"picked":"Shrug It Off+1","floor":31},{"not_picked":["Reaper","Bludgeon","Double Tap+1"],"picked":"Limit Break+1","floor":33},{"not_picked":["Whirlwind","Sever Soul","Thunderclap"],"picked":"Flame Barrier+1","floor":35},{"not_picked":["Iron Wave+1","Thunderclap","Havoc+1"],"picked":"Body Slam","floor":37},{"not_picked":["Discovery+1","Dramatic Entrance","Mind Blast"],"picked":"Purity+1","floor":39},{"not_picked":["Power Through+1","Hemokinesis","Ghostly Armor+1"],"picked":"Limit Break+1","floor":41},{"not_picked":["Sever Soul+1","Warcry+1","Wild Strike+1"],"picked":"Flex+1","floor":44},{"not_picked":["Rupture","Cleave+1","Shrug It Off+1"],"picked":"Sentinel+1","floor":46},{"not_picked":["Burning Pact+1","Anger+1","Flame Barrier+1"],"picked":"Shockwave+1","floor":47}],"player_experience":530165,"relics_obtained":[{"floor":5,"key":"Happy Flower"},{"floor":7,"key":"Question Card"},{"floor":9,"key":"Mercury Hourglass"},{"floor":10,"key":"Meat on the Bone"},{"floor":24,"key":"Sundial"},{"floor":26,"key":"Juzu Bracelet"},{"floor":43,"key":"Molten Egg 2"},{"floor":46,"key":"Bag of Preparation"}],"event_choices":[{"cards_removed":["Strike_R"],"damage_healed":0,"gold_gain":0,"player_choice":"Card Removal","damage_taken":7,"max_hp_gain":0,"max_hp_loss":0,"event_name":"Golden Wing","floor":2,"gold_loss":0},{"damage_healed":0,"gold_gain":0,"player_choice":"Searched \u00271\u0027 times","damage_taken":0,"max_hp_gain":0,"max_hp_loss":0,"event_name":"Dead Adventurer","floor":14,"gold_loss":0},{"damage_healed":0,"gold_gain":0,"cards_transformed":["Strike_R"],"player_choice":"Transformed","damage_taken":0,"max_hp_gain":0,"max_hp_loss":0,"event_name":"Transmorgrifier","floor":36,"gold_loss":0,"cards_obtained":["Entrench"]},{"cards_removed":["Pommel Strike"],"damage_healed":0,"gold_gain":0,"player_choice":"Removed Attack","damage_taken":0,"max_hp_gain":0,"max_hp_loss":0,"event_name":"Falling","floor":38,"gold_loss":0},{"damage_healed":0,"gold_gain":0,"player_choice":"Memory 1","damage_taken":0,"max_hp_gain":0,"max_hp_loss":0,"event_name":"SensoryStone","floor":39,"gold_loss":0}],"is_beta":false,"boss_relics":[{"not_picked":["Black Blood","Pandora\u0027s Box"],"picked":"Philosopher\u0027s Stone"},{"not_picked":["Calling Bell","Runic Dome"],"picked":"Runic Pyramid"}],"items_purged_floors":[19,48],"is_endless":false,"potions_floor_spawned":[11,12,18,24,28,33,44,46,47],"ascension_level":19}