{"gold_per_floor":[119,119,138,138,153,188,188,205,205,205,223,188,216,216,216,317,317,329,28,128,343,343,368,385,385,408,408,423,423,124,136,136,238,238,253,110,110,125,125,125,139,139,139,185,185,198,198,209,209,209],"floor_reached":50,"playtime":1661,"items_purged":[],"score":618,"play_id":"3677a9f9-f9ec-4b81-a219-958d44fa435d","local_time":"20190506221706","is_ascension_mode":false,"campfire_choices":[{"data":"Storm of Steel","floor":7,"key":"SMITH"},{"data":"Slice","floor":10,"key":"SMITH"},{"floor":15,"key":"REST"},{"floor":25,"key":"REST"},{"floor":27,"key":"REST"},{"data":"Wraith Form v2","floor":29,"key":"SMITH"},{"data":"Blade Dance","floor":32,"key":"SMITH"},{"data":"Blade Dance","floor":40,"key":"SMITH"},{"data":"Blade Dance","floor":42,"key":"SMITH"},{"data":"Poisoned Stab","floor":45,"key":"SMITH"},{"data":"PiercingWail","floor":47,"key":"SMITH"},{"floor":49,"key":"REST"}],"neow_cost":"NONE","seed_source_timestamp":10625073314000,"circlet_count":0,"master_deck":["Defend_G","Defend_G","Defend_G+1","Defend_G","Defend_G","Strike_G","Strike_G","Strike_G","Strike_G","Strike_G","Survivor","Neutralize+1","Blade Dance+1","Poisoned Stab","Storm of Steel+1","Deadly Poison+1","Slice+1","Poisoned Stab+1","Blade Dance+1","Underhanded Strike","Wraith Form v2+1","PiercingWail+1","Dagger Throw+1","Slice","Poisoned Stab+1","Blade Dance+1","Blade Dance+1","Blade Dance+1","Distraction+1","Poisoned Stab+1","Bouncing Flask","Slice+1"],"relics":["Ring of the Snake","Question Card","Shuriken","Ornamental Fan","WristBlade","Bag of Marbles","Juzu Bracelet","The Specimen","Pear","Old Coin","Anchor","Strawberry","Matryoshka","Busted Crown","Vajra","Art of War","Blue Candle","Unceasing Top"],"potions_floor_usage":[3,18,23,23,33,44,50],"damage_taken":[{"damage":1,"enemies":"Cultist","floor":1,"turns":4},{"damage":5,"enemies":"2 Louse","floor":3,"turns":2},{"damage":2,"enemies":"Small Slimes","floor":5,"turns":3},{"damage":23,"enemies":"Gremlin Nob","floor":6,"turns":4},{"damage":6,"enemies":"Gremlin Gang","floor":8,"turns":5},{"damage":0,"enemies":"Blue Slaver","floor":11,"turns":3},{"damage":21,"enemies":"Lagavulin","floor":13,"turns":5},{"damage":0,"enemies":"Slime Boss","floor":16,"turns":7},{"damage":1,"enemies":"2 Thieves","floor":18,"turns":4},{"damage":0,"enemies":"Colosseum Slavers","floor":20,"turns":3},{"damage":1,"enemies":"Colosseum Nobs","floor":20,"turns":5},{"damage":76,"enemies":"Gremlin Leader","floor":23,"turns":7},{"damage":1,"enemies":"Spheric Guardian","floor":24,"turns":3},{"damage":0,"enemies":"Cultist and Chosen","floor":28,"turns":4},{"damage":11,"enemies":"Shelled Parasite and Fungi","floor":31,"turns":3},{"damage":32,"enemies":"Champ","floor":33,"turns":8},{"damage":0,"enemies":"Orb Walker","floor":35,"turns":2},{"damage":7,"enemies":"3 Darklings","floor":38,"turns":5},{"damage":0,"enemies":"Jaw Worm Horde","floor":41,"turns":2},{"damage":20,"enemies":"2 Orb Walkers","floor":44,"turns":5},{"damage":18,"enemies":"Sphere and 2 Shapes","floor":46,"turns":4},{"damage":13,"enemies":"Spire Growth","floor":48,"turns":3},{"damage":86,"enemies":"Awakened One","floor":50,"turns":9}],"seed_played":"1716592919154160315","potions_obtained":[{"floor":1,"key":"PowerPotion"},{"floor":11,"key":"Weak Potion"},{"floor":13,"key":"Energy Potion"},{"floor":18,"key":"SkillPotion"},{"floor":23,"key":"Strength Potion"},{"floor":41,"key":"PowerPotion"},{"floor":48,"key":"EssenceOfSteel"}],"is_trial":false,"path_per_floor":["M","?","M","?","M","E","R","M","T","R","M","?","E","?","R","B",null,"M","$","?","?","?","E","M","R","T","R","M","R","$","M","R","B",null,"M","$","?","M","$","R","M","R","T","?","R","M","R","M","R","B"],"character_chosen":"THE_SILENT","items_purchased":["Bag of Marbles","Juzu Bracelet","Matryoshka","Blade Dance","Vajra"],"campfire_rested":4,"item_purchase_floors":[19,19,30,30,36],"current_hp_per_floor":[69,69,64,64,62,39,39,33,33,33,33,50,29,15,36,36,70,69,69,78,78,78,2,1,25,32,58,58,58,58,47,47,15,87,87,87,87,80,80,80,80,80,80,60,60,42,42,29,55,0],"gold":209,"neow_bonus":"UPGRADE_CARD","is_prod":false,"is_daily":false,"chose_seed":false,"campfire_upgraded":8,"win_rate":0,"timestamp":1557170226,"path_taken":["M","?","M","?","M","E","R","?","T","R","M","?","E","?","R","BOSS","M","$","?","?","?","E","M","R","T","R","M","R","$","M","R","BOSS","M","$","?","M","$","R","M","R","T","?","R","M","R","M","R","BOSS"],"build_version":"2019-01-23","purchased_purges":0,"victory":false,"max_hp_per_floor":[70,70,70,70,70,70,70,70,70,70,70,70,70,70,70,70,70,70,70,80,80,80,80,80,80,87,87,87,87,87,87,87,87,87,87,87,87,87,87,87,87,87,87,87,87,87,87,87,87,87],"card_choices":[{"not_picked":["All Out Attack","Eviscerate"],"picked":"Blade Dance","floor":1},{"not_picked":["Skewer","Cloak And Dagger"],"picked":"Poisoned Stab","floor":3},{"not_picked":["Prepared","Tools of the Trade"],"picked":"Deadly Poison","floor":5},{"not_picked":["Endless Agony","Dagger Spray"],"picked":"Slice","floor":6},{"not_picked":["Prepared","Masterful Stab","Dodge and Roll"],"picked":"Poisoned Stab","floor":8},{"not_picked":["Riddle With Holes","Bane","Endless Agony"],"picked":"Blade Dance","floor":11},{"not_picked":["Backflip","Doppelganger","Reflex"],"picked":"Underhanded Strike","floor":13},{"not_picked":["Envenom","Storm of Steel","Unload"],"picked":"Wraith Form v2","floor":16},{"not_picked":["Slice+1","Underhanded Strike","Sucker Punch"],"picked":"PiercingWail","floor":18},{"not_picked":["All Out Attack+1","Concentrate","Underhanded Strike"],"picked":"Dagger Throw+1","floor":20},{"not_picked":["Backflip","Terror","Caltrops"],"picked":"Poisoned Stab+1","floor":23},{"not_picked":["Setup","Dagger Spray+1","Calculated Gamble"],"picked":"Blade Dance","floor":24},{"not_picked":["Outmaneuver+1","Sucker Punch","Slice"],"picked":"Blade Dance+1","floor":28},{"not_picked":["Sucker Punch","Outmaneuver","Envenom"],"picked":"Choke","floor":31},{"not_picked":["Blur+1","Terror+1"],"picked":"SKIP","floor":35},{"not_picked":["Skewer","Deadly Poison"],"picked":"SKIP","floor":38},{"not_picked":["Underhanded Strike+1"],"picked":"Distraction+1","floor":41},{"not_picked":["Dodge and Roll+1"],"picked":"Poisoned Stab+1","floor":44},{"not_picked":["Terror"],"picked":"Bouncing Flask","floor":46},{"not_picked":["Cloak And Dagger"],"picked":"Slice+1","floor":48}],"player_experience":287298,"relics_obtained":[{"floor":6,"key":"Question Card"},{"floor":9,"key":"Shuriken"},{"floor":13,"key":"Ornamental Fan"},{"floor":20,"key":"The Specimen"},{"floor":20,"key":"Pear"},{"floor":23,"key":"Anchor"},{"floor":26,"key":"Strawberry"},{"floor":43,"key":"Art of War"},{"floor":43,"key":"Blue Candle"},{"floor":44,"key":"Unceasing Top"}],"event_choices":[{"damage_healed":0,"gold_gain":0,"player_choice":"Grow","damage_taken":0,"max_hp_gain":0,"max_hp_loss":0,"event_name":"Living Wall","floor":2,"gold_loss":0,"cards_upgraded":["Blade Dance"]},{"damage_healed":0,"gold_gain":0,"player_choice":"1 cards matched","damage_taken":0,"max_hp_gain":0,"max_hp_loss":0,"event_name":"Match and Keep!","floor":4,"gold_loss":0,"cards_obtained":["Storm of Steel"]},{"damage_healed":17,"gold_gain":0,"player_choice":"Healed","damage_taken":0,"max_hp_gain":0,"max_hp_loss":0,"event_name":"The Cleric","floor":12,"gold_loss":35},{"damage_healed":0,"gold_gain":0,"player_choice":"Entered Light","damage_taken":14,"max_hp_gain":0,"max_hp_loss":0,"event_name":"Shining Light","floor":14,"gold_loss":0,"cards_upgraded":["Deadly Poison","Defend_G"]},{"damage_healed":0,"gold_gain":0,"player_choice":"Fight","damage_taken":0,"max_hp_gain":0,"max_hp_loss":0,"event_name":"Colosseum","floor":20,"gold_loss":0},{"damage_healed":0,"gold_gain":0,"player_choice":"Fought Nobs","damage_taken":0,"max_hp_gain":0,"max_hp_loss":0,"event_name":"Colosseum","floor":20,"gold_loss":0},{"damage_healed":0,"gold_gain":0,"player_choice":"Obtained Relic","damage_taken":0,"relics_obtained":["Old Coin"],"max_hp_gain":0,"max_hp_loss":0,"event_name":"Addict","floor":21,"gold_loss":85},{"damage_healed":0,"gold_gain":0,"player_choice":"1 cards matched","damage_taken":0,"max_hp_gain":0,"max_hp_loss":0,"event_name":"Match and Keep!","floor":22,"gold_loss":0,"cards_obtained":["Slice"]},{"cards_removed":["Choke"],"damage_healed":0,"gold_gain":0,"player_choice":"Offered Uncommon","damage_taken":0,"max_hp_gain":0,"max_hp_loss":0,"event_name":"Bonfire Elementals","floor":37,"gold_loss":0},{"damage_healed":0,"gold_gain":0,"player_choice":"Fight","damage_taken":0,"max_hp_gain":0,"max_hp_loss":0,"event_name":"Mysterious Sphere","floor":44,"gold_loss":0}],"is_beta":false,"boss_relics":[{"not_picked":["Sozu","Coffee Dripper"],"picked":"WristBlade"},{"not_picked":["Ring of the Serpent","Calling Bell"],"picked":"Busted Crown"}],"items_purged_floors":[],"is_endless":false,"potions_floor_spawned":[1,11,13,18,20,23,41,48],"killed_by":"Awakened One","ascension_level":0}