{"gold_per_floor":[114,128,140,158,177,177,204,50,76,91,91,102,132,149,149,248,248,266,285,297,297,313,313,325,325],"floor_reached":25,"playtime":3197,"items_purged":["Strike_B"],"score":221,"play_id":"6bd17935-8d28-48fc-adcb-93796cb29e3b","local_time":"20190418231849","is_ascension_mode":false,"campfire_choices":[{"floor":6,"key":"REST"},{"floor":11,"key":"REST"},{"floor":15,"key":"REST"},{"floor":23,"key":"REST"}],"neow_cost":"NONE","seed_source_timestamp":375619075414696,"circlet_count":0,"master_deck":["Strike_B","Strike_B","Defend_B","Defend_B","Defend_B","Defend_B","Zap","Dualcast","Barrage","Ball Lightning","Barrage","Heatsinks","Coolheaded","Biased Cognition","Heatsinks","Static Discharge","Sunder","Chaos","Amplify","Electrodynamics","Doom and Gloom","Capacitor","Compile Driver","Writhe","Seek","Static Discharge+1"],"relics":["Cracked Core","Sundial","Blood Vial","Anchor","Inserter","Regal Pillow"],"potions_floor_usage":[7,16,16,20,24,25,25],"damage_taken":[{"damage":0,"enemies":"Cultist","floor":1,"turns":2},{"damage":15,"enemies":"Small Slimes","floor":2,"turns":3},{"damage":2,"enemies":"2 Louse","floor":3,"turns":3},{"damage":7,"enemies":"Blue Slaver","floor":4,"turns":2},{"damage":40,"enemies":"Gremlin Gang","floor":5,"turns":4},{"damage":13,"enemies":"3 Sentries","floor":7,"turns":7},{"damage":12,"enemies":"3 Louse","floor":10,"turns":3},{"damage":2,"enemies":"Blue Slaver","floor":12,"turns":2},{"damage":16,"enemies":"Lagavulin","floor":13,"turns":6},{"damage":0,"enemies":"Exordium Wildlife","floor":14,"turns":2},{"damage":31,"enemies":"Hexaghost","floor":16,"turns":7},{"damage":18,"enemies":"3 Byrds","floor":18,"turns":3},{"damage":18,"enemies":"2 Thieves","floor":19,"turns":3},{"damage":10,"enemies":"Centurion and Healer","floor":20,"turns":4},{"damage":11,"enemies":"3 Cultists","floor":22,"turns":3},{"damage":31,"enemies":"Snake Plant","floor":24,"turns":4},{"damage":61,"enemies":"Book of Stabbing","floor":25,"turns":5}],"seed_played":"8410220898590453334","potions_obtained":[{"floor":1,"key":"LiquidBronze"},{"floor":2,"key":"SkillPotion"},{"floor":7,"key":"FearPotion"},{"floor":12,"key":"Weak Potion"},{"floor":13,"key":"SkillPotion"},{"floor":16,"key":"Regen Potion"},{"floor":19,"key":"Swift Potion"},{"floor":20,"key":"SpeedPotion"}],"is_trial":false,"path_per_floor":["M","M","M","M","M","R","E","$","T","M","R","M","E","M","R","B",null,"M","M","M","?","M","R","M","E"],"character_chosen":"DEFECT","items_purchased":["Heatsinks"],"campfire_rested":4,"item_purchase_floors":[8],"current_hp_per_floor":[75,60,58,51,11,33,20,20,20,10,32,32,18,20,42,13,75,57,41,42,42,33,70,41,0],"gold":325,"neow_bonus":"REMOVE_CARD","is_prod":false,"is_daily":false,"chose_seed":false,"campfire_upgraded":0,"win_rate":0.0,"timestamp":1555643929,"path_taken":["M","M","M","M","M","R","E","$","T","M","R","M","E","?","R","BOSS","M","M","M","?","M","R","M","E"],"build_version":"2019-01-23","purchased_purges":1,"victory":false,"max_hp_per_floor":[75,75,75,75,75,75,75,75,75,75,75,75,75,75,75,75,75,75,75,75,75,75,75,75,75],"card_choices":[{"not_picked":["Reprogram","Go for the Eyes"],"picked":"Barrage","floor":1},{"not_picked":["Turbo","Conserve Battery"],"picked":"Ball Lightning","floor":2},{"not_picked":["Sweeping Beam","Rip and Tear"],"picked":"Barrage","floor":3},{"not_picked":["Go for the Eyes","Leap"],"picked":"Heatsinks","floor":4},{"not_picked":["Gash","Hologram"],"picked":"Coolheaded","floor":5},{"not_picked":["Heatsinks","BootSequence"],"picked":"Biased Cognition","floor":7},{"not_picked":["BootSequence","Stack"],"picked":"Static Discharge","floor":10},{"not_picked":["Sweeping Beam","Hologram"],"picked":"Sunder","floor":12},{"not_picked":["Sweeping Beam","Streamline"],"picked":"Chaos","floor":13},{"not_picked":["Gash","Beam Cell"],"picked":"Amplify","floor":14},{"not_picked":["Fission","Thunder Strike"],"picked":"Electrodynamics","floor":16},{"not_picked":["Rip and Tear","Scrape"],"picked":"Doom and Gloom","floor":18},{"not_picked":["Stack","Defragment"],"picked":"Capacitor","floor":19},{"not_picked":["Rebound","Stack"],"picked":"Compile Driver","floor":20},{"not_picked":["Genetic Algorithm","Streamline"],"picked":"Seek","floor":22},{"not_picked":["Chaos","Reprogram+1"],"picked":"Static Discharge+1","floor":24}],"player_experience":101140,"relics_obtained":[{"floor":7,"key":"Sundial"},{"floor":9,"key":"Blood Vial"},{"floor":13,"key":"Anchor"}],"event_choices":[{"damage_healed":0,"gold_gain":0,"player_choice":"Opened","damage_taken":0,"relics_obtained":["Regal Pillow"],"max_hp_gain":0,"max_hp_loss":0,"event_name":"The Mausoleum","floor":21,"gold_loss":0,"cards_obtained":["Writhe"]}],"is_beta":false,"boss_relics":[{"not_picked":["Eternal Feather","FrozenCore"],"picked":"Inserter"}],"items_purged_floors":[8],"is_endless":false,"potions_floor_spawned":[1,2,7,12,13,16,19,20],"killed_by":"Book of Stabbing","ascension_level":0}