{"gold_per_floor":[114,43,43,53,70,70,85,35,107,126,126,139,158,171,171,275,275,275,200,200,200,22,22,22,22,22,22,22,22,22,22,22,22,22,22,22,22,22,22,22,22,22,22,22,22,22,22,22],"floor_reached":48,"playtime":2260,"items_purged":[],"score":553,"play_id":"fd43ef5a-a6cd-4c4c-9654-59211ef8c332","local_time":"20190518171802","is_ascension_mode":false,"campfire_choices":[{"data":"Glacier","floor":6,"key":"SMITH"},{"data":"Defragment","floor":15,"key":"SMITH"},{"data":"Storm","floor":23,"key":"SMITH"},{"floor":32,"key":"REST"},{"floor":41,"key":"REST"},{"floor":44,"key":"REST"}],"neow_cost":"NONE","seed_source_timestamp":166272749335133,"circlet_count":0,"master_deck":["Strike_B","Strike_B","Defend_B","Defend_B","Defend_B","Zap","Dualcast","Leap","Glacier+1","Streamline","Storm+1","Defragment+1","Static Discharge","Storm","Electrodynamics","Ball Lightning","Mayhem+1","Capacitor+1","Glacier","Amplify","Machine Learning+1","Storm+1","Leap+1","Lockon","Buffer+1","Lockon+1"],"relics":["Runic Dome","Meat on the Bone","GremlinMask","Ectoplasm","Letter Opener","Bronze Scales","Bottled Tornado","Frozen Egg 2","Black Star","Singing Bowl","Blood Vial","Question Card","Dream Catcher","Dodecahedron"],"potions_floor_usage":[5,16,27,29,38,42,42],"damage_taken":[{"damage":0,"enemies":"2 Louse","floor":1,"turns":2},{"damage":0,"enemies":"Cultist","floor":4,"turns":3},{"damage":2,"enemies":"Jaw Worm","floor":5,"turns":4},{"damage":0,"enemies":"Looter","floor":7,"turns":3},{"damage":8,"enemies":"Red Slaver","floor":10,"turns":3},{"damage":2,"enemies":"Exordium Wildlife","floor":12,"turns":4},{"damage":0,"enemies":"Blue Slaver","floor":13,"turns":3},{"damage":4,"enemies":"Lots of Slimes","floor":14,"turns":4},{"damage":20,"enemies":"Slime Boss","floor":16,"turns":14},{"damage":5,"enemies":"Spheric Guardian","floor":18,"turns":3},{"damage":10,"enemies":"3 Byrds","floor":20,"turns":3},{"damage":26,"enemies":"Shelled Parasite and Fungi","floor":21,"turns":3},{"damage":7,"enemies":"Book of Stabbing","floor":25,"turns":4},{"damage":22,"enemies":"Gremlin Leader","floor":27,"turns":3},{"damage":0,"enemies":"3 Cultists","floor":29,"turns":2},{"damage":0,"enemies":"Centurion and Healer","floor":30,"turns":3},{"damage":1,"enemies":"Snecko","floor":31,"turns":3},{"damage":25,"enemies":"Automaton","floor":33,"turns":7},{"damage":5,"enemies":"Orb Walker","floor":35,"turns":3},{"damage":19,"enemies":"3 Darklings","floor":38,"turns":3},{"damage":22,"enemies":"Jaw Worm Horde","floor":39,"turns":3},{"damage":0,"enemies":"Nemesis","floor":40,"turns":5},{"damage":42,"enemies":"Reptomancer","floor":42,"turns":3},{"damage":16,"enemies":"Spire Growth","floor":46,"turns":4},{"damage":10,"enemies":"Writhing Mass","floor":47,"turns":2},{"damage":51,"enemies":"Nemesis","floor":48,"turns":2}],"seed_played":"-4286556466109590394","potions_obtained":[{"floor":4,"key":"Weak Potion"},{"floor":5,"key":"Fruit Juice"},{"floor":10,"key":"Block Potion"},{"floor":16,"key":"FocusPotion"},{"floor":21,"key":"Weak Potion"},{"floor":25,"key":"Strength Potion"},{"floor":30,"key":"SkillPotion"},{"floor":31,"key":"Poison Potion"},{"floor":33,"key":"Explosive Potion"},{"floor":40,"key":"SkillPotion"},{"floor":42,"key":"EntropicBrew"},{"floor":47,"key":"FocusPotion"}],"is_trial":false,"path_per_floor":["M","$","?","M","M","R","M","?","T","M","?","M","M","M","R","B",null,"M","?","M","M","$","R","T","E","T","E","?","M","M","M","R","B",null,"M","?","$","M","M","E","R","E","T","R","$","M","M","E"],"character_chosen":"DEFECT","items_purchased":["Glacier","Mayhem"],"campfire_rested":3,"item_purchase_floors":[2,22],"current_hp_per_floor":[75,75,75,75,78,78,78,78,78,70,70,68,68,64,64,44,80,75,75,65,51,51,51,51,44,44,34,34,46,46,45,69,44,80,75,75,75,56,46,46,70,42,42,66,66,54,48,0],"gold":22,"neow_bonus":"BOSS_RELIC","is_prod":false,"is_daily":false,"chose_seed":false,"campfire_upgraded":3,"win_rate":0.0,"timestamp":1558214282,"path_taken":["M","$","?","?","M","R","M","?","T","M","?","?","M","M","R","BOSS","M","?","M","M","$","R","?","E","T","E","?","M","M","?","R","BOSS","M","?","?","?","M","E","R","E","T","R","?","M","M","E"],"build_version":"2019-01-23","purchased_purges":0,"victory":false,"max_hp_per_floor":[75,75,75,75,80,80,80,80,80,80,80,80,80,80,80,80,80,80,80,80,80,80,80,80,80,80,80,80,80,80,80,80,80,80,80,80,80,80,80,80,80,80,80,80,80,82,84,84],"card_choices":[{"not_picked":["Stack","Ball Lightning"],"picked":"Leap","floor":1},{"not_picked":["Coolheaded","Compile Driver"],"picked":"Streamline","floor":4},{"not_picked":["Go for the Eyes","Turbo"],"picked":"Storm","floor":5},{"not_picked":["Beam Cell","Hologram"],"picked":"Defragment","floor":7},{"not_picked":["Thunder Strike","Sunder"],"picked":"Static Discharge","floor":10},{"not_picked":["Fusion","Streamline"],"picked":"Storm","floor":12},{"not_picked":["BootSequence","Hologram","Rebound"],"picked":"SKIP","floor":13},{"not_picked":["Beam Cell","Gash","Conserve Battery"],"picked":"SKIP","floor":14},{"not_picked":["Multi-Cast","Meteor Strike"],"picked":"Electrodynamics","floor":16},{"not_picked":["BootSequence","Barrage"],"picked":"Ball Lightning","floor":18},{"not_picked":["Double Energy","Doom and Gloom","Redo"],"picked":"SKIP","floor":20},{"not_picked":["Reinforced Body","Go for the Eyes","Turbo"],"picked":"SKIP","floor":21},{"not_picked":["Chaos+1","Go for the Eyes","Undo"],"picked":"SKIP","floor":25},{"not_picked":["Cold Snap+1","Blizzard"],"picked":"Capacitor+1","floor":27},{"not_picked":["Genetic Algorithm","Reprogram+1"],"picked":"Glacier","floor":29},{"not_picked":["Go for the Eyes","Sweeping Beam","Coolheaded"],"picked":"SKIP","floor":30},{"not_picked":["Recycle","Turbo"],"picked":"Amplify","floor":31},{"not_picked":["Multi-Cast","Meteor Strike"],"picked":"Machine Learning+1","floor":33},{"not_picked":["Hello World+1","Stack","Redo"],"picked":"SKIP","floor":35},{"not_picked":["Barrage+1","Conserve Battery+1"],"picked":"Leap+1","floor":38},{"not_picked":["Go for the Eyes","Undo","FTL+1"],"picked":"SKIP","floor":39},{"not_picked":["Coolheaded+1","Go for the Eyes+1"],"picked":"Lockon","floor":40},{"not_picked":["Beam Cell+1","Steam Power+1"],"picked":"Buffer+1","floor":42},{"not_picked":["Reprogram","Stack","Ball Lightning+1"],"picked":"Lockon+1","floor":44},{"not_picked":["Glacier+1","Sweeping Beam","BootSequence","Recycle+1"],"picked":"Singing Bowl","floor":46},{"not_picked":["Melter","Reprogram","Steam","Hologram"],"picked":"Singing Bowl","floor":47}],"player_experience":237330,"relics_obtained":[{"floor":9,"key":"Meat on the Bone"},{"floor":24,"key":"Letter Opener"},{"floor":25,"key":"Bronze Scales"},{"floor":26,"key":"Bottled Tornado"},{"floor":27,"key":"Frozen Egg 2"},{"floor":40,"key":"Singing Bowl"},{"floor":40,"key":"Blood Vial"},{"floor":42,"key":"Question Card"},{"floor":42,"key":"Dream Catcher"},{"floor":43,"key":"Dodecahedron"}],"event_choices":[{"cards_removed":["Defend_B"],"damage_healed":0,"gold_gain":0,"player_choice":"Purged","damage_taken":0,"max_hp_gain":0,"max_hp_loss":0,"event_name":"Purifier","floor":3,"gold_loss":0},{"cards_removed":["Strike_B"],"damage_healed":0,"gold_gain":0,"player_choice":"Card Removal","damage_taken":0,"max_hp_gain":0,"max_hp_loss":0,"event_name":"The Cleric","floor":8,"gold_loss":50},{"damage_healed":0,"gold_gain":0,"player_choice":"Trade","damage_taken":0,"relics_obtained":["GremlinMask"],"max_hp_gain":0,"max_hp_loss":0,"event_name":"FaceTrader","floor":11,"gold_loss":0},{"cards_removed":["Strike_B"],"damage_healed":0,"gold_gain":0,"player_choice":"Gave Gold","damage_taken":0,"max_hp_gain":0,"max_hp_loss":0,"event_name":"Beggar","floor":19,"gold_loss":75},{"damage_healed":0,"gold_gain":0,"player_choice":"Forge","damage_taken":0,"max_hp_gain":0,"max_hp_loss":0,"event_name":"Accursed Blacksmith","floor":28,"gold_loss":0,"cards_upgraded":["Mayhem"]},{"damage_healed":0,"gold_gain":0,"player_choice":"Copied","damage_taken":0,"max_hp_gain":0,"max_hp_loss":0,"event_name":"Duplicator","floor":36,"gold_loss":0,"cards_obtained":["Storm"]}],"is_beta":false,"boss_relics":[{"not_picked":["Fusion Hammer","Runic Pyramid"],"picked":"Ectoplasm"},{"not_picked":["Tiny House","Snecko Eye"],"picked":"Black Star"}],"items_purged_floors":[],"is_endless":false,"potions_floor_spawned":[4,5,10,16,21,25,30,31,33,40,42,47],"killed_by":"Nemesis","ascension_level":0}