{"gold_per_floor":[115,67,242,242,257,257,257,269,292,310,326,357,368,385,385,385],"floor_reached":16,"playtime":369,"items_purged":[],"score":104,"play_id":"9ba8a22d-2e34-4cc1-ae83-a20753e791f2","local_time":"20190518165238","is_ascension_mode":false,"campfire_choices":[{"data":"Armaments","floor":6,"key":"SMITH"},{"data":"True Grit","floor":15,"key":"SMITH"}],"neow_cost":"NONE","seed_source_timestamp":232849019116173,"circlet_count":0,"master_deck":["Strike_R","Strike_R","Strike_R","Strike_R","Strike_R","Defend_R","Defend_R","Defend_R","Defend_R","Bash","Inflame","Armaments+1","True Grit+1","Regret","Thunderclap"],"relics":["Burning Blood","NeowsBlessing","Bag of Preparation","Anchor","Bag of Marbles"],"potions_floor_usage":[12],"damage_taken":[{"damage":0,"enemies":"2 Louse","floor":1,"turns":1},{"damage":0,"enemies":"Small Slimes","floor":5,"turns":1},{"damage":0,"enemies":"Jaw Worm","floor":8,"turns":2},{"damage":8,"enemies":"Looter","floor":10,"turns":3},{"damage":3,"enemies":"Red Slaver","floor":11,"turns":4},{"damage":38,"enemies":"Gremlin Nob","floor":12,"turns":5},{"damage":23,"enemies":"Exordium Thugs","floor":13,"turns":6},{"damage":0,"enemies":"3 Louse","floor":14,"turns":3},{"damage":32,"enemies":"The Guardian","floor":16,"turns":7}],"seed_played":"1532691739312122083","potions_obtained":[{"floor":8,"key":"SneckoOil"},{"floor":11,"key":"Fire Potion"},{"floor":12,"key":"SteroidPotion"},{"floor":13,"key":"Dexterity Potion"}],"is_trial":false,"path_per_floor":["M","$","?","?","M","R","?","M","T","M","M","E","M","M","R","B"],"character_chosen":"IRONCLAD","items_purchased":["Armaments"],"campfire_rested":0,"item_purchase_floors":[2],"current_hp_per_floor":[80,80,80,80,80,80,80,80,80,78,80,48,31,37,37,5],"gold":385,"neow_bonus":"THREE_ENEMY_KILL","is_prod":false,"is_daily":false,"chose_seed":false,"campfire_upgraded":2,"win_rate":0,"timestamp":1558165958,"path_taken":["M","$","?","?","M","R","?","?","T","M","M","E","M","M","R","BOSS"],"build_version":"2019-01-23","purchased_purges":0,"victory":false,"max_hp_per_floor":[80,80,80,80,80,80,80,80,80,80,80,80,80,80,80,80],"card_choices":[{"not_picked":["Warcry","Combust"],"picked":"Inflame","floor":1},{"not_picked":["Shockwave","Armaments"],"picked":"True Grit","floor":5},{"not_picked":["Clothesline","Armaments","Shockwave"],"picked":"SKIP","floor":8},{"not_picked":["Armaments","Barricade","Wild Strike"],"picked":"SKIP","floor":10},{"not_picked":["Clothesline","Rampage","Searing Blow"],"picked":"SKIP","floor":11},{"not_picked":["Hemokinesis","Clothesline","Dual Wield"],"picked":"SKIP","floor":12},{"not_picked":["Searing Blow","Heavy Blade"],"picked":"Thunderclap","floor":13},{"not_picked":["Clash","Evolve","Searing Blow"],"picked":"SKIP","floor":14}],"player_experience":378690,"relics_obtained":[{"floor":9,"key":"Anchor"},{"floor":12,"key":"Bag of Marbles"}],"event_choices":[{"damage_healed":0,"gold_gain":175,"player_choice":"AGREE","damage_taken":0,"max_hp_gain":0,"max_hp_loss":0,"event_name":"Liars Game","floor":3,"gold_loss":0,"cards_obtained":["Doubt"]},{"cards_removed":["Doubt"],"damage_healed":0,"gold_gain":0,"player_choice":"Forget","damage_taken":0,"max_hp_gain":0,"max_hp_loss":0,"event_name":"Living Wall","floor":4,"gold_loss":0},{"damage_healed":0,"gold_gain":0,"player_choice":"Box","damage_taken":0,"relics_obtained":["Bag of Preparation"],"max_hp_gain":0,"max_hp_loss":0,"event_name":"Big Fish","floor":7,"gold_loss":0,"cards_obtained":["Regret"]}],"is_beta":false,"boss_relics":[],"items_purged_floors":[],"is_endless":false,"potions_floor_spawned":[8,11,12,13],"killed_by":"The Guardian","ascension_level":0}