{"gold_per_floor":[11,27,27,42,16,16,45,145,197,197,223,235,254,269,269,371,371,387,21,21,21,21,21,52,52,82,82,116,116,135,135],"floor_reached":31,"playtime":1955,"items_purged":["Barricade+1"],"score":408,"play_id":"6bb1ea3c-e3a2-4831-8b26-0c79f0afcf87","local_time":"20190509180633","is_ascension_mode":true,"campfire_choices":[{"data":"Armaments","floor":6,"key":"SMITH"},{"floor":10,"key":"REST"},{"floor":15,"key":"REST"},{"floor":23,"key":"REST"},{"floor":25,"key":"REST"},{"floor":27,"key":"REST"}],"neow_cost":"NO_GOLD","seed_source_timestamp":2172522577397300,"circlet_count":0,"master_deck":["Strike_R","Strike_R","Strike_R","Defend_R","Defend_R","Defend_R","Bash","Limit Break+1","Armaments+1","Inflame","Heavy Blade+1","Demon Form","Wild Strike+1","Demon Form+1","Seeing Red","Inflame"],"relics":["Burning Blood","Red Skull","Molten Egg 2","Bronze Scales","Ancient Tea Set","Astrolabe","Singing Bowl","Pear","Tiny Chest","Toxic Egg 2","FaceOfCleric"],"potions_floor_usage":[13,14,24,30],"damage_taken":[{"damage":16,"enemies":"2 Louse","floor":1,"turns":4},{"damage":11,"enemies":"Jaw Worm","floor":2,"turns":6},{"damage":0,"enemies":"Small Slimes","floor":4,"turns":3},{"damage":49,"enemies":"Lagavulin","floor":7,"turns":7},{"damage":31,"enemies":"Gremlin Nob","floor":11,"turns":4},{"damage":4,"enemies":"Red Slaver","floor":12,"turns":4},{"damage":15,"enemies":"Exordium Thugs","floor":13,"turns":4},{"damage":0,"enemies":"Looter","floor":14,"turns":1},{"damage":35,"enemies":"The Guardian","floor":16,"turns":8},{"damage":40,"enemies":"Shell Parasite","floor":18,"turns":4},{"damage":58,"enemies":"Gremlin Leader","floor":24,"turns":5},{"damage":70,"enemies":"Slavers","floor":28,"turns":5},{"damage":0,"enemies":"Spheric Guardian","floor":30,"turns":2},{"damage":37,"enemies":"Cultist and Chosen","floor":31,"turns":4}],"seed_played":"475585218659773489","potions_obtained":[{"floor":7,"key":"EssenceOfSteel"},{"floor":12,"key":"SneckoOil"},{"floor":13,"key":"SteroidPotion"},{"floor":16,"key":"SpeedPotion"},{"floor":28,"key":"Explosive Potion"}],"is_trial":false,"path_per_floor":["M","M","?","M","?","R","E","?","T","R","E","M","M","M","R","B",null,"M","$","?","$","?","R","E","R","T","R","E","?","M","M"],"character_chosen":"IRONCLAD","items_purchased":["Seeing Red","Singing Bowl"],"campfire_rested":5,"item_purchase_floors":[19,19],"current_hp_per_floor":[70,65,62,68,68,68,25,25,25,49,24,26,17,23,47,18,65,31,31,31,31,57,80,38,65,65,90,28,28,37,0],"gold":135,"neow_bonus":"THREE_RARE_CARDS","is_prod":false,"is_daily":false,"chose_seed":false,"campfire_upgraded":1,"win_rate":0,"timestamp":1557439593,"path_taken":["M","M","?","M","?","R","E","?","T","R","E","M","M","M","R","BOSS","M","$","?","?","?","R","E","R","T","R","E","?","M","M"],"build_version":"2019-01-23","purchased_purges":1,"victory":false,"max_hp_per_floor":[80,80,80,80,80,80,80,80,80,80,80,80,80,80,80,80,80,80,80,80,80,80,80,90,90,90,90,92,92,95,95],"card_choices":[{"not_picked":["Bludgeon","Immolate"],"picked":"Limit Break","floor":0},{"not_picked":["Warcry","Wild Strike"],"picked":"Armaments","floor":1},{"not_picked":["Iron Wave","Perfected Strike","Sever Soul"],"picked":"SKIP","floor":2},{"not_picked":["Body Slam","Hemokinesis","Juggernaut"],"picked":"SKIP","floor":4},{"not_picked":["Hemokinesis","Sentinel","Rage"],"picked":"SKIP","floor":7},{"not_picked":["Armaments","Second Wind"],"picked":"Inflame","floor":11},{"not_picked":["Clothesline+1","Twin Strike+1"],"picked":"Heavy Blade+1","floor":12},{"not_picked":["Armaments","Bludgeon+1","Clothesline+1"],"picked":"SKIP","floor":13},{"not_picked":["Blood for Blood+1","Clash+1","Anger+1"],"picked":"SKIP","floor":14},{"not_picked":["Brutality","Dark Embrace"],"picked":"Demon Form","floor":16},{"not_picked":["Headbutt+1","Dual Wield","Infernal Blade"],"picked":"SKIP","floor":18},{"not_picked":["Clash+1","Body Slam+1"],"picked":"Inflame","floor":24},{"not_picked":["Flame Barrier","Shrug It Off","Corruption"],"picked":"Singing Bowl","floor":28},{"not_picked":["Flame Barrier+1","Armaments+1","Flex+1"],"picked":"Singing Bowl","floor":30}],"player_experience":202396,"relics_obtained":[{"floor":7,"key":"Molten Egg 2"},{"floor":9,"key":"Bronze Scales"},{"floor":11,"key":"Ancient Tea Set"},{"floor":24,"key":"Pear"},{"floor":26,"key":"Tiny Chest"},{"floor":28,"key":"Toxic Egg 2"}],"event_choices":[{"damage_healed":0,"gold_gain":0,"player_choice":"Success","damage_taken":3,"relics_obtained":["Red Skull"],"max_hp_gain":0,"max_hp_loss":0,"event_name":"Scrap Ooze","floor":3,"gold_loss":0},{"damage_healed":0,"gold_gain":0,"player_choice":"Left Gold","damage_taken":0,"max_hp_gain":0,"max_hp_loss":0,"event_name":"World of Goop","floor":5,"gold_loss":26},{"damage_healed":0,"gold_gain":100,"player_choice":"Pray","damage_taken":0,"max_hp_gain":0,"max_hp_loss":0,"event_name":"Golden Shrine","floor":8,"gold_loss":0},{"damage_healed":0,"gold_gain":0,"player_choice":"Upgraded","damage_taken":0,"max_hp_gain":0,"max_hp_loss":0,"event_name":"Upgrade Shrine","floor":20,"gold_loss":0,"cards_upgraded":["Limit Break"]},{"damage_healed":26,"gold_gain":0,"player_choice":"Heal","damage_taken":0,"max_hp_gain":0,"max_hp_loss":0,"event_name":"The Library","floor":22,"gold_loss":0},{"damage_healed":0,"gold_gain":0,"player_choice":"Trade","damage_taken":0,"relics_obtained":["FaceOfCleric"],"max_hp_gain":0,"max_hp_loss":0,"event_name":"FaceTrader","floor":29,"gold_loss":0}],"is_beta":false,"boss_relics":[{"not_picked":["Orrery","Tiny House"],"picked":"Astrolabe"}],"items_purged_floors":[19],"is_endless":false,"potions_floor_spawned":[7,12,13,16,28],"killed_by":"Cultist and Chosen","ascension_level":5}