{"gold_per_floor":[119,119,142,417,437,437,463,463,487,502,518,574,574,592,592,697,697,714,714,714,726,739,764,402,402,402,432,432,444,458,157,157,157],"floor_reached":33,"playtime":1036,"items_purged":[],"score":320,"play_id":"76eb09ba-d97e-4cb3-be1b-9dcba4ad0b00","local_time":"20190430214519","is_ascension_mode":false,"campfire_choices":[{"data":"Zap","floor":6,"key":"SMITH"},{"data":"Self Repair","floor":8,"key":"SMITH"},{"data":"Ball Lightning","floor":13,"key":"SMITH"},{"data":"Hello World","floor":15,"key":"SMITH"},{"data":"Static Discharge","floor":25,"key":"SMITH"},{"data":"White Noise","floor":32,"key":"SMITH"}],"neow_cost":"NONE","seed_source_timestamp":10006558489900,"circlet_count":0,"master_deck":["Strike_B+1","Strike_B+1","Strike_B+1","Strike_B+1","Defend_B+1","Defend_B+1","Defend_B+1","Defend_B+1","Zap+1","Dualcast+1","Seek","Ball Lightning","Regret","Ball Lightning+1","Self Repair+1","Go for the Eyes","Stack","Hello World+1","Tempest","Ghostly","Ghostly","Ghostly","Ghostly","Ghostly","Cold Snap","White Noise+1","Static Discharge+1","Rebound","Loop","Redo"],"relics":["Cracked Core","Regal Pillow","StoneCalendar","Vajra","Tiny Chest","Sozu","DataDisk","Boot","Lantern","Ancient Tea Set","Anchor","FossilizedHelix"],"potions_floor_usage":[7,12,16],"damage_taken":[{"damage":5,"enemies":"2 Louse","floor":1,"turns":2},{"damage":3,"enemies":"Jaw Worm","floor":5,"turns":2},{"damage":32,"enemies":"Lagavulin","floor":7,"turns":4},{"damage":1,"enemies":"Cultist","floor":10,"turns":2},{"damage":10,"enemies":"Exordium Thugs","floor":11,"turns":4},{"damage":6,"enemies":"Gremlin Nob","floor":12,"turns":3},{"damage":0,"enemies":"Looter","floor":14,"turns":3},{"damage":14,"enemies":"The Guardian","floor":16,"turns":8},{"damage":10,"enemies":"Chosen","floor":18,"turns":4},{"damage":15,"enemies":"Shell Parasite","floor":21,"turns":5},{"damage":16,"enemies":"Centurion and Healer","floor":22,"turns":7},{"damage":21,"enemies":"Book of Stabbing","floor":23,"turns":7},{"damage":22,"enemies":"Slavers","floor":27,"turns":5},{"damage":1,"enemies":"Snake Plant","floor":29,"turns":5},{"damage":1,"enemies":"Chosen and Byrds","floor":30,"turns":5},{"damage":22,"enemies":"Collector","floor":33,"turns":10}],"seed_played":"-2970087836897523840","potions_obtained":[{"floor":1,"key":"AttackPotion"},{"floor":11,"key":"AttackPotion"},{"floor":14,"key":"LiquidBronze"}],"is_trial":false,"path_per_floor":["M","?","T","?","M","R","E","R","T","M","M","E","R","M","R","B",null,"M","?","?","M","M","E","$","R","T","E","?","M","M","$","R","B"],"character_chosen":"DEFECT","items_purchased":["Boot","Lantern","Static Discharge","FossilizedHelix"],"campfire_rested":0,"item_purchase_floors":[24,24,24,31],"current_hp_per_floor":[70,55,55,55,52,52,20,20,20,19,19,23,23,33,33,29,75,75,37,47,42,36,25,25,25,25,3,3,12,21,21,21,0],"gold":157,"neow_bonus":"ONE_RANDOM_RARE_CARD","is_prod":false,"is_daily":false,"chose_seed":false,"campfire_upgraded":6,"win_rate":0,"timestamp":1556649919,"path_taken":["M","?","?","?","M","R","E","R","T","?","M","E","R","M","R","BOSS","M","?","?","?","M","E","$","R","T","E","?","M","M","?","R","BOSS"],"build_version":"2019-01-23","purchased_purges":0,"victory":false,"max_hp_per_floor":[75,75,75,75,75,75,75,75,75,75,75,75,75,75,75,75,75,75,37,47,47,47,47,47,47,47,47,47,47,47,47,47,47],"card_choices":[{"not_picked":["Recycle","Scrape"],"picked":"Ball Lightning","floor":1},{"not_picked":["Chill","Cold Snap"],"picked":"Ball Lightning","floor":5},{"not_picked":["Coolheaded","Stack"],"picked":"Self Repair","floor":7},{"not_picked":["Beam Cell","Self Repair","Turbo"],"picked":"SKIP","floor":10},{"not_picked":["Reinforced Body","BootSequence"],"picked":"Go for the Eyes","floor":11},{"not_picked":["Reinforced Body","Self Repair"],"picked":"Stack","floor":12},{"not_picked":["Melter","Sweeping Beam"],"picked":"Hello World","floor":14},{"not_picked":["Fission","Reboot"],"picked":"Machine Learning","floor":16},{"not_picked":["Streamline+1","Go for the Eyes"],"picked":"Tempest","floor":18},{"not_picked":["BootSequence","Hologram"],"picked":"Cold Snap","floor":21},{"not_picked":["Doom and Gloom","Compile Driver+1"],"picked":"White Noise","floor":22},{"not_picked":["Sweeping Beam","Sunder","Beam Cell"],"picked":"SKIP","floor":23},{"not_picked":["Cold Snap","Genetic Algorithm"],"picked":"Rebound","floor":27},{"not_picked":["Rebound","Stack+1"],"picked":"Loop","floor":29},{"not_picked":["Leap","Stack"],"picked":"Redo","floor":30}],"player_experience":276796,"relics_obtained":[{"floor":3,"key":"Regal Pillow"},{"floor":7,"key":"StoneCalendar"},{"floor":9,"key":"Vajra"},{"floor":12,"key":"Tiny Chest"},{"floor":23,"key":"DataDisk"},{"floor":26,"key":"Ancient Tea Set"},{"floor":27,"key":"Anchor"}],"event_choices":[{"damage_healed":0,"gold_gain":0,"player_choice":"Entered Light","damage_taken":15,"max_hp_gain":0,"max_hp_loss":0,"event_name":"Shining Light","floor":2,"gold_loss":0,"cards_upgraded":["Defend_B","Dualcast"]},{"damage_healed":0,"gold_gain":275,"player_choice":"Desecrate","damage_taken":0,"max_hp_gain":0,"max_hp_loss":0,"event_name":"Golden Shrine","floor":4,"gold_loss":0,"cards_obtained":["Regret"]},{"damage_healed":0,"gold_gain":0,"player_choice":"Became a Ghost","damage_taken":0,"max_hp_gain":0,"max_hp_loss":38,"event_name":"Ghosts","floor":19,"gold_loss":0,"cards_obtained":["Ghostly","Ghostly","Ghostly","Ghostly","Ghostly"]},{"cards_removed":["Machine Learning"],"damage_healed":0,"gold_gain":0,"player_choice":"Offered Rare","damage_taken":0,"max_hp_gain":10,"max_hp_loss":0,"event_name":"Bonfire Elementals","floor":20,"gold_loss":0},{"damage_healed":0,"gold_gain":0,"player_choice":"Simplicity","damage_taken":0,"max_hp_gain":0,"max_hp_loss":0,"event_name":"Back to Basics","floor":28,"gold_loss":0,"cards_upgraded":["Strike_B","Strike_B","Strike_B","Strike_B","Defend_B","Defend_B","Defend_B"]}],"is_beta":false,"boss_relics":[{"not_picked":["Inserter","Philosopher\u0027s Stone"],"picked":"Sozu"}],"items_purged_floors":[],"is_endless":false,"potions_floor_spawned":[1,11,14,18,22,29],"killed_by":"Collector","ascension_level":0}