{"gold_per_floor":[118,118,43,43,57,57,91,91,91,106,71,91,91,121,133,145],"floor_reached":16,"playtime":954,"items_purged":["Strike_R"],"score":184,"play_id":"868506aa-33d9-4bb5-9f65-49c3afa96e07","local_time":"20190130090731","is_ascension_mode":true,"campfire_choices":[{"floor":6,"key":"REST"},{"floor":8,"key":"REST"},{"floor":15,"key":"REST"}],"neow_cost":"NONE","seed_source_timestamp":1609049325344687,"circlet_count":0,"master_deck":["AscendersBane","Strike_R","Strike_R","Strike_R+1","Defend_R","Defend_R","Defend_R+1","Defend_R","Bash","Pommel Strike","Ghostly Armor","True Grit","Clothesline","Ghostly Armor","Armaments"],"special_seed":0,"relics":["Black Star","Matryoshka","Sundial","Omamori","Peace Pipe","MawBank","Meat on the Bone"],"potions_floor_usage":[7,16],"damage_taken":[{"damage":0,"enemies":"Small Slimes","floor":1,"turns":3},{"damage":2,"enemies":"Jaw Worm","floor":5,"turns":3},{"damage":54,"enemies":"Gremlin Nob","floor":7,"turns":5},{"damage":0,"enemies":"Cultist","floor":10,"turns":3},{"damage":2,"enemies":"3 Louse","floor":12,"turns":5},{"damage":5,"enemies":"3 Sentries","floor":14,"turns":15},{"damage":79,"enemies":"Slime Boss","floor":16,"turns":15}],"seed_played":"-5335647417443787602","potions_obtained":[{"floor":5,"key":"AttackPotion"},{"floor":10,"key":"Block Potion"}],"is_trial":false,"path_per_floor":["M","?","$","?","M","R","E","R","T","M","?","M","?","E","R","B"],"character_chosen":"IRONCLAD","items_purchased":[],"campfire_rested":3,"item_purchase_floors":[],"current_hp_per_floor":[68,53,53,53,51,73,19,41,41,41,59,57,57,52,74,0],"gold":145,"neow_bonus":"BOSS_RELIC","is_prod":false,"is_daily":false,"chose_seed":false,"campfire_upgraded":0,"win_rate":0,"timestamp":1548832051,"path_taken":["M","?","$","?","M","R","E","R","T","M","?","M","?","E","R","BOSS"],"build_version":"2019-01-23","purchased_purges":1,"victory":false,"max_hp_per_floor":[75,75,75,75,75,75,75,75,75,75,75,75,75,75,75,75],"card_choices":[{"not_picked":["Wild Strike","Heavy Blade"],"picked":"Pommel Strike","floor":1},{"not_picked":["Seeing Red","Flex"],"picked":"Ghostly Armor","floor":5},{"not_picked":["Wild Strike","Dark Embrace"],"picked":"True Grit","floor":7},{"not_picked":["Searing Blow","True Grit","Sword Boomerang"],"picked":"SKIP","floor":10},{"not_picked":["Armaments","Searing Blow"],"picked":"Clothesline","floor":12},{"not_picked":["Fiend Fire","Burning Pact"],"picked":"Armaments","floor":14}],"player_experience":459094,"relics_obtained":[{"floor":7,"key":"Matryoshka"},{"floor":7,"key":"Sundial"},{"floor":9,"key":"Omamori"},{"floor":9,"key":"Peace Pipe"},{"floor":14,"key":"MawBank"},{"floor":14,"key":"Meat on the Bone"}],"event_choices":[{"damage_healed":0,"gold_gain":0,"player_choice":"Entered Light","damage_taken":15,"max_hp_gain":0,"max_hp_loss":0,"event_name":"Shining Light","floor":2,"gold_loss":0,"cards_upgraded":["Strike_R","Defend_R"]},{"damage_healed":0,"gold_gain":0,"player_choice":"Ignored","damage_taken":0,"max_hp_gain":0,"max_hp_loss":0,"event_name":"Liars Game","floor":4,"gold_loss":0},{"damage_healed":18,"gold_gain":0,"player_choice":"Healed","damage_taken":0,"max_hp_gain":0,"max_hp_loss":0,"event_name":"The Cleric","floor":11,"gold_loss":35},{"damage_healed":0,"gold_gain":0,"cards_transformed":["Strike_R"],"player_choice":"Transformed","damage_taken":0,"max_hp_gain":0,"max_hp_loss":0,"event_name":"Transmorgrifier","floor":13,"gold_loss":0,"cards_obtained":["Ghostly Armor"]}],"is_beta":false,"boss_relics":[],"items_purged_floors":[3],"is_endless":false,"potions_floor_spawned":[5,10],"killed_by":"Slime Boss","ascension_level":14}