{"gold_per_floor":[112,131,131,145,95,95,125,125,125,158,173,173,348,348,348,452,452,462,462,462,482,482,482],"floor_reached":23,"playtime":4718,"items_purged":[],"score":243,"play_id":"bd0f43e1-6340-4b1a-89e0-adb059962845","local_time":"20190114171021","is_ascension_mode":true,"campfire_choices":[{"data":"Armaments","floor":6.0,"key":"SMITH"},{"floor":8.0,"key":"REST"},{"floor":12.0,"key":"REST"},{"data":"Bash","floor":15.0,"key":"SMITH"}],"neow_cost":"TEN_PERCENT_HP_LOSS","seed_source_timestamp":251763998138424,"circlet_count":0,"master_deck":["Strike_R","Strike_R","Strike_R","Strike_R","Defend_R","Defend_R","Defend_R","Bash+1","Armaments+1","Iron Wave","Rupture","Twin Strike","Immolate","Pommel Strike","Doubt","Reaper","Ghostly Armor","Second Wind","Hemokinesis+1","Writhe"],"special_seed":0,"relics":["Burning Blood","StoneCalendar","Pear","Odd Mushroom","Pen Nib","Mark of Pain","Torii"],"potions_floor_usage":[],"damage_taken":[{"damage":1.0,"enemies":"Cultist","floor":1.0,"turns":4.0},{"damage":0.0,"enemies":"2 Louse","floor":2.0,"turns":3.0},{"damage":8.0,"enemies":"Small Slimes","floor":4.0,"turns":3.0},{"damage":19.0,"enemies":"The Mushroom Lair","floor":7.0,"turns":6.0},{"damage":23.0,"enemies":"Gremlin Nob","floor":10.0,"turns":4.0},{"damage":5.0,"enemies":"Exordium Wildlife","floor":11.0,"turns":4.0},{"damage":31.0,"enemies":"Slime Boss","floor":16.0,"turns":7.0},{"damage":33,"enemies":"Spheric Guardian","floor":18,"turns":6},{"damage":25,"enemies":"2 Thieves","floor":21,"turns":4},{"damage":53,"enemies":"Slavers","floor":23,"turns":3}],"seed_played":"2036125700264918628","potions_obtained":[{"floor":7.0,"key":"SteroidPotion"},{"floor":10.0,"key":"AttackPotion"},{"floor":11.0,"key":"Weak Potion"},{"floor":18,"key":"Dexterity Potion"}],"is_trial":false,"path_per_floor":["M","M","T","M","?","R","?","R","T","E","M","R","?","?","R","B",null,"M","?","?","M","?","E"],"character_chosen":"IRONCLAD","items_purchased":[],"campfire_rested":2,"item_purchase_floors":[],"current_hp_per_floor":[72,72,82,80,80,80,67,82,82,65,66,82,82,87,87,62,81,62,62,62,53,53,0],"gold":482,"neow_bonus":"ONE_RARE_RELIC","is_prod":false,"is_daily":false,"chose_seed":false,"campfire_upgraded":2,"win_rate":0,"timestamp":1547478621,"path_taken":["M","M","?","M","?","R","?","R","T","E","?","R","?","?","R","BOSS","M","?","?","?","?","E"],"build_version":"2019-01-10","purchased_purges":0,"victory":false,"max_hp_per_floor":[72,72,82,82,82,82,82,82,82,82,82,82,82,87,87,87,87,87,87,87,87,87,87],"card_choices":[{"not_picked":["Havoc","Warcry"],"picked":"Armaments","floor":1.0},{"not_picked":["Flex","Metallicize"],"picked":"Iron Wave","floor":2.0},{"not_picked":["Carnage","Flex"],"picked":"Rupture","floor":4.0},{"not_picked":["Sentinel","Clothesline"],"picked":"Twin Strike","floor":7.0},{"not_picked":["Fiend Fire","Dual Wield"],"picked":"Immolate","floor":10.0},{"not_picked":["Heavy Blade","Iron Wave"],"picked":"Pommel Strike","floor":11.0},{"not_picked":["Bludgeon","Demon Form"],"picked":"Reaper","floor":16.0},{"not_picked":["Pummel","Perfected Strike+1"],"picked":"Ghostly Armor","floor":18},{"not_picked":["True Grit","Seeing Red"],"picked":"Hemokinesis+1","floor":21}],"player_experience":246241,"relics_obtained":[{"floor":3.0,"key":"Pear"},{"floor":7.0,"key":"Odd Mushroom"},{"floor":10.0,"key":"Pen Nib"}],"event_choices":[{"cards_removed":["Strike_R"],"damage_healed":0.0,"max_hp_gain":0.0,"max_hp_loss":0.0,"gold_gain":0.0,"event_name":"The Cleric","player_choice":"Card Removal","floor":5.0,"gold_loss":50.0,"damage_taken":0.0},{"damage_healed":0.0,"max_hp_gain":0.0,"max_hp_loss":0.0,"gold_gain":0.0,"event_name":"Mushrooms","player_choice":"Fought Mushrooms","floor":7.0,"gold_loss":0.0,"damage_taken":0.0},{"damage_healed":0.0,"max_hp_gain":0.0,"max_hp_loss":0.0,"gold_gain":175.0,"event_name":"Liars Game","player_choice":"AGREE","floor":13.0,"gold_loss":0.0,"damage_taken":0.0,"cards_obtained":["Doubt"]},{"damage_healed":0.0,"max_hp_gain":5.0,"max_hp_loss":0.0,"gold_gain":0.0,"event_name":"Big Fish","player_choice":"Donut","floor":14.0,"gold_loss":0.0,"damage_taken":0.0},{"damage_healed":0,"gold_gain":0,"player_choice":"Ignored","damage_taken":0,"max_hp_gain":0,"max_hp_loss":0,"event_name":"Ghosts","floor":19,"gold_loss":0},{"damage_healed":0,"gold_gain":0,"cards_transformed":["Defend_R"],"player_choice":"Transformed","damage_taken":0,"max_hp_gain":0,"max_hp_loss":0,"event_name":"Transmorgrifier","floor":20,"gold_loss":0,"cards_obtained":["Second Wind"]},{"damage_healed":0,"gold_gain":0,"player_choice":"Opened","damage_taken":0,"relics_obtained":["Torii"],"max_hp_gain":0,"max_hp_loss":0,"event_name":"The Mausoleum","floor":22,"gold_loss":0,"cards_obtained":["Writhe"]}],"is_beta":false,"boss_relics":[{"not_picked":["Fusion Hammer","Calling Bell"],"picked":"Mark of Pain"}],"items_purged_floors":[],"is_endless":false,"potions_floor_spawned":[7,10,11,18],"killed_by":"Slavers","ascension_level":6}