{"gold_per_floor":[12,12,12,29,29,29,60,60,86,62,82,82,82,113,113,187,187,200,174,174,99,198,226,226,41,68,84,84,100,100,120,120,197,197,210,210,85,85,85],"floor_reached":39,"playtime":3081,"items_purged":["Strike_R","Strike_R","Bash+1"],"score":685,"play_id":"b08d5254-bebb-4819-b585-3edcc04f183b","local_time":"20190131205729","is_ascension_mode":true,"campfire_choices":[{"floor":6.0,"key":"REST"},{"floor":8.0,"key":"REST"},{"floor":15.0,"key":"REST"},{"floor":24.0,"key":"REST"},{"floor":30.0,"key":"REST"},{"floor":32.0,"key":"REST"}],"neow_cost":"NO_GOLD","seed_source_timestamp":1735729525825249,"circlet_count":0,"master_deck":["AscendersBane","Panacea","Finesse","Spot Weakness+1","Cleave","Heavy Blade+1","Armaments+1","True Grit","Ghostly Armor","Power Through","Feed+1","Headbutt+1","Rage+1","Uppercut+1","Shrug It Off","Flash of Steel+1","Barricade","Ghostly Armor","Exhume","Sword Boomerang+1","Infernal Blade+1","Bandage Up"],"special_seed":0,"relics":["Burning Blood","Molten Egg 2","Juzu Bracelet","Dodecahedron","Astrolabe","Bird Faced Urn","Vajra","Pandora\u0027s Box"],"potions_floor_usage":[33,39],"damage_taken":[{"damage":9.0,"enemies":"Jaw Worm","floor":1.0,"turns":4.0},{"damage":0.0,"enemies":"Small Slimes","floor":4.0,"turns":3.0},{"damage":24.0,"enemies":"Gremlin Nob","floor":7.0,"turns":4.0},{"damage":0.0,"enemies":"Cultist","floor":11.0,"turns":3.0},{"damage":23.0,"enemies":"Lagavulin","floor":14.0,"turns":5.0},{"damage":23.0,"enemies":"The Guardian","floor":16.0,"turns":13.0},{"damage":12.0,"enemies":"Spheric Guardian","floor":18.0,"turns":8.0},{"damage":16.0,"enemies":"2 Thieves","floor":19.0,"turns":5.0},{"damage":50.0,"enemies":"Slavers","floor":23.0,"turns":7.0},{"damage":7.0,"enemies":"3 Cultists","floor":27.0,"turns":4.0},{"damage":13.0,"enemies":"Shelled Parasite and Fungi","floor":29.0,"turns":6.0},{"damage":4.0,"enemies":"Chosen and Byrds","floor":31.0,"turns":5.0},{"damage":75,"enemies":"Collector","floor":33,"turns":12},{"damage":7,"enemies":"Orb Walker","floor":35,"turns":3},{"damage":78,"enemies":"Awakened One","floor":39,"turns":11}],"seed_played":"2774938664168716737","potions_obtained":[{"floor":1.0,"key":"Block Potion"},{"floor":4.0,"key":"SteroidPotion"},{"floor":23.0,"key":"AttackPotion"},{"floor":27.0,"key":"AttackPotion"},{"floor":29.0,"key":"EssenceOfSteel"},{"floor":33,"key":"SpeedPotion"}],"is_trial":false,"path_per_floor":["M","?","?","M","?","R","E","R","T","$","M","?","?","E","R","B",null,"M","M","?","$","?","E","R","$","T","M","?","M","R","M","R","B",null,"M","?","$","?","B"],"character_chosen":"IRONCLAD","items_purchased":["Armaments","Flash of Steel+1"],"campfire_rested":6,"item_purchase_floors":[10,25],"current_hp_per_floor":[65,50,43,49,49,71,53,75,75,75,75,75,75,58,75,58,71,65,59,59,59,59,15,38,38,38,41,41,38,64,66,87,18,70,69,69,69,69,0],"gold":85,"neow_bonus":"RANDOM_COLORLESS_2","is_prod":false,"is_daily":false,"chose_seed":false,"campfire_upgraded":0,"win_rate":0,"timestamp":1548961049,"path_taken":["M","?","?","M","?","R","E","R","T","$","M","?","?","E","R","BOSS","M","M","?","$","?","E","R","$","T","M","?","M","R","M","R","BOSS","M","?","$","?","BOSS"],"build_version":"2019-01-23","purchased_purges":3,"victory":false,"max_hp_per_floor":[75,75,75,75,75,75,75,75,75,75,75,75,75,75,75,75,75,75,79,79,79,79,79,79,79,79,83,83,87,87,87,87,87,87,87,87,87,87,87],"card_choices":[{"not_picked":["Shrug It Off","Warcry"],"picked":"Spot Weakness","floor":1.0},{"not_picked":["Heavy Blade","Spot Weakness"],"picked":"Cleave","floor":4.0},{"not_picked":["Shrug It Off","Sentinel"],"picked":"Heavy Blade","floor":7.0},{"not_picked":["Armaments","Seeing Red"],"picked":"True Grit","floor":11.0},{"not_picked":["Second Wind","Perfected Strike+1"],"picked":"Power Through","floor":14.0},{"not_picked":["Bludgeon+1","Fiend Fire+1"],"picked":"Feed+1","floor":16.0},{"not_picked":["True Grit","Clothesline+1","Twin Strike+1"],"picked":"SKIP","floor":18.0},{"not_picked":["Uppercut+1","Entrench","Searing Blow+1"],"picked":"SKIP","floor":19.0},{"not_picked":["Perfected Strike+1","Sword Boomerang+1"],"picked":"Shrug It Off","floor":23.0},{"not_picked":["Corruption","Pummel+1","Metallicize"],"picked":"SKIP","floor":27.0},{"not_picked":["Clothesline+1","Offering","Thunderclap+1"],"picked":"SKIP","floor":29.0},{"not_picked":["Sword Boomerang+1","Dual Wield","Iron Wave+1"],"picked":"SKIP","floor":31.0},{"not_picked":["Fiend Fire+1","Immolate+1"],"picked":"Barricade","floor":33},{"not_picked":["Searing Blow+1","Inflame"],"picked":"Infernal Blade+1","floor":35},{"not_picked":["Sadistic Nature","Trip"],"picked":"Bandage Up","floor":36}],"player_experience":487132,"relics_obtained":[{"floor":7.0,"key":"Molten Egg 2"},{"floor":9.0,"key":"Juzu Bracelet"},{"floor":14.0,"key":"Dodecahedron"},{"floor":23.0,"key":"Bird Faced Urn"},{"floor":26.0,"key":"Vajra"}],"event_choices":[{"damage_healed":0.0,"max_hp_gain":0.0,"max_hp_loss":0.0,"gold_gain":0.0,"event_name":"Shining Light","player_choice":"Entered Light","floor":2.0,"gold_loss":0.0,"damage_taken":15.0,"cards_upgraded":["Bash","Spot Weakness"]},{"cards_removed":["Strike_R"],"damage_healed":0.0,"max_hp_gain":0.0,"max_hp_loss":0.0,"gold_gain":0.0,"event_name":"Golden Wing","player_choice":"Card Removal","floor":3.0,"gold_loss":0.0,"damage_taken":7.0},{"damage_healed":0.0,"max_hp_gain":0.0,"max_hp_loss":0.0,"gold_gain":0.0,"event_name":"Golden Idol","player_choice":"Ignored","floor":5.0,"gold_loss":0.0,"damage_taken":0.0},{"damage_healed":0.0,"max_hp_gain":0.0,"max_hp_loss":0.0,"gold_gain":0.0,"event_name":"Match and Keep!","player_choice":"1 cards matched","floor":12.0,"gold_loss":0.0,"damage_taken":0.0,"cards_obtained":["Ghostly Armor"]},{"damage_healed":0.0,"max_hp_gain":0.0,"max_hp_loss":0.0,"gold_gain":0.0,"event_name":"Match and Keep!","player_choice":"1 cards matched","floor":12.0,"gold_loss":0.0,"damage_taken":0.0,"cards_obtained":["Ghostly Armor"]},{"damage_healed":0.0,"max_hp_gain":0.0,"max_hp_loss":0.0,"gold_gain":0.0,"event_name":"Liars Game","player_choice":"Ignored","floor":13.0,"gold_loss":0.0,"damage_taken":0.0},{"damage_healed":0.0,"max_hp_gain":0.0,"max_hp_loss":0.0,"gold_gain":0.0,"event_name":"Vampires","player_choice":"Ignored","floor":20.0,"gold_loss":0.0,"damage_taken":0.0},{"damage_healed":0.0,"max_hp_gain":0.0,"max_hp_loss":0.0,"gold_gain":99.0,"event_name":"Nest","player_choice":"Stole From Cult","floor":22.0,"gold_loss":0.0,"damage_taken":0.0},{"damage_healed":0.0,"max_hp_gain":0.0,"max_hp_loss":0.0,"gold_gain":0.0,"event_name":"Accursed Blacksmith","player_choice":"Forge","floor":28.0,"gold_loss":0.0,"damage_taken":0.0,"cards_upgraded":["Armaments"]},{"damage_healed":0,"gold_gain":0,"player_choice":"Memory 1","damage_taken":0,"max_hp_gain":0,"max_hp_loss":0,"event_name":"SensoryStone","floor":36,"gold_loss":0},{"damage_healed":0,"gold_gain":0,"player_choice":"Took Portal","damage_taken":0,"max_hp_gain":0,"max_hp_loss":0,"event_name":"SecretPortal","floor":38,"gold_loss":0}],"is_beta":false,"boss_relics":[{"not_picked":["Orrery","Empty Cage"],"picked":"Astrolabe"},{"not_picked":["Eternal Feather","White Beast Statue"],"picked":"Pandora\u0027s Box"}],"items_purged_floors":[21,25,37],"is_endless":false,"potions_floor_spawned":[1,4,23,27,29,33],"killed_by":"Awakened One","ascension_level":14}