{"gold_per_floor":[109,8,23,37,37,71,71,102,102,102,117,137,137,237,237,336,336,352,35,47,57,68,102,102,102,102,27,27,27,27,27,27,130,130,141,61,161,1,1,1,16,50,62,90,73,73,88,88,88,88],"floor_reached":50,"playtime":4010,"items_purged":["Strike_R","Writhe"],"score":676,"play_id":"ea524fa7-cf8e-46d0-95f7-7a15171f0b3c","local_time":"20190113100611","is_ascension_mode":true,"campfire_choices":[{"floor":7.0,"key":"REST"},{"floor":10.0,"key":"REST"},{"data":"Demon Form","floor":13.0,"key":"SMITH"},{"data":"Heavy Blade","floor":15.0,"key":"SMITH"},{"floor":25.0,"key":"REST"},{"floor":30.0,"key":"REST"},{"floor":32.0,"key":"REST"},{"floor":40.0,"key":"REST"},{"floor":49,"key":"RECALL"}],"neow_cost":"NONE","seed_source_timestamp":140682685491814,"circlet_count":0,"master_deck":["Strike_R+1","Strike_R+1","Strike_R+1","Strike_R+1","Defend_R+1","Defend_R+1","Defend_R+1","Defend_R+1","Bash+1","Shrug It Off+1","Dropkick+1","Flex+1","Anger+1","Perfected Strike+1","Rupture+1","Demon Form+1","Heavy Blade+1","Sword Boomerang+1","Limit Break+1","Pommel Strike+1","Flex+1","Sucker Punch+1","Cloak And Dagger+1","Shockwave+1","Headbutt+1","The Bomb+1","Parasite","Injury","Conserve Battery+1","Iron Wave+1","Power Through+1","Deep Breath+1","Headbutt+1","Burning Pact+1","Dagger Spray+1","Flame Barrier+1","Parasite","Turbo+1"],"special_seed":0,"relics":["Burning Blood","Anchor","The Courier","Pear","Blood Vial","Sozu","PrismaticShard","Juzu Bracelet","Happy Flower","WarpedTongs","Calling Bell","Art of War","Blue Candle","Shovel","MawBank","Bottled Lightning","Mark of the Bloom"],"potions_floor_usage":[],"damage_taken":[{"damage":6.0,"enemies":"2 Louse","floor":1.0,"turns":2.0},{"damage":0.0,"enemies":"Jaw Worm","floor":3.0,"turns":3.0},{"damage":1.0,"enemies":"Cultist","floor":4.0,"turns":3.0},{"damage":37.0,"enemies":"3 Sentries","floor":6.0,"turns":11.0},{"damage":15.0,"enemies":"Gremlin Nob","floor":8.0,"turns":4.0},{"damage":1.0,"enemies":"3 Louse","floor":11.0,"turns":5.0},{"damage":4.0,"enemies":"2 Fungi Beasts","floor":12.0,"turns":4.0},{"damage":31.0,"enemies":"The Guardian","floor":16.0,"turns":5.0},{"damage":18.0,"enemies":"2 Thieves","floor":18.0,"turns":5.0},{"damage":37.0,"enemies":"3 Byrds","floor":20.0,"turns":5.0},{"damage":8.0,"enemies":"Snecko","floor":21.0,"turns":3.0},{"damage":10.0,"enemies":"Snake Plant","floor":22.0,"turns":4.0},{"damage":51.0,"enemies":"Slavers","floor":23.0,"turns":8.0},{"damage":89.0,"enemies":"Automaton","floor":33.0,"turns":7.0},{"damage":29.0,"enemies":"3 Shapes","floor":35.0,"turns":5.0},{"damage":0.0,"enemies":"Orb Walker","floor":41.0,"turns":4.0},{"damage":39.0,"enemies":"Nemesis","floor":42.0,"turns":7.0},{"damage":5.0,"enemies":"Spire Growth","floor":44.0,"turns":4.0},{"damage":8.0,"enemies":"Writhing Mass","floor":47.0,"turns":5.0},{"damage":47,"enemies":"Donu and Deca","floor":50,"turns":4}],"seed_played":"7188936060820419796","potions_obtained":[{"floor":1.0,"key":"SkillPotion"},{"floor":8.0,"key":"EntropicBrew"}],"is_trial":false,"path_per_floor":["M","$","M","M","?","E","R","E","T","R","M","M","R","?","R","B",null,"M","$","M","M","M","E","?","R","T","?","$","?","R","?","R","B",null,"M","$","?","$","?","R","M","E","T","M","$","?","M","?","R","B"],"character_chosen":"IRONCLAD","items_purchased":["Dropkick","Flex","PrismaticShard","Fire Breathing","Flex","Iron Wave","Power Through","Deep Breath","Flame Barrier"],"campfire_rested":6,"item_purchase_floors":[2,2,19,19,19,38,38,38,45],"current_hp_per_floor":[80,80,80,80,73,42,66,67,67,90,90,90,90,90,90,65,84,74,74,64,64,62,19,19,46,46,46,46,46,73,73,90,7,69,48,48,48,48,48,75,83,52,52,55,55,55,47,47,47,0],"gold":88,"neow_bonus":"UPGRADE_CARD","is_prod":false,"is_daily":false,"chose_seed":false,"campfire_upgraded":2,"win_rate":0,"timestamp":1547366771,"path_taken":["M","$","M","M","?","E","R","E","T","R","M","M","R","?","R","BOSS","M","$","M","M","?","E","?","R","T","?","$","?","R","?","R","BOSS","M","$","?","?","?","R","M","E","T","M","$","?","M","?","R","BOSS"],"build_version":"2019-01-10","purchased_purges":2,"victory":false,"max_hp_per_floor":[80,80,80,80,80,80,80,90,90,90,90,90,90,90,90,90,90,90,90,90,90,90,90,90,90,90,90,90,90,90,90,90,90,90,90,90,90,90,90,90,90,90,90,90,90,90,90,90,90,90],"card_choices":[{"not_picked":["Sever Soul","Body Slam"],"picked":"Shrug It Off","floor":1.0},{"not_picked":["Sever Soul","Havoc"],"picked":"Anger","floor":3.0},{"not_picked":["True Grit","Body Slam"],"picked":"Perfected Strike","floor":4.0},{"not_picked":["Cleave","Second Wind"],"picked":"Rupture","floor":6.0},{"not_picked":["Armaments","Entrench"],"picked":"Demon Form","floor":8.0},{"not_picked":["Flex","Shrug It Off"],"picked":"Heavy Blade","floor":11.0},{"not_picked":["Twin Strike","Anger"],"picked":"Sword Boomerang","floor":12.0},{"not_picked":["Feed","Dark Embrace"],"picked":"Limit Break","floor":16.0},{"not_picked":["Intimidate","Sword Boomerang"],"picked":"Pommel Strike","floor":18.0},{"not_picked":["Gash","Slice+1"],"picked":"Sucker Punch+1","floor":20.0},{"not_picked":["Armaments","Go for the Eyes"],"picked":"Cloak And Dagger","floor":21.0},{"not_picked":["Flex","Thunderclap"],"picked":"Shockwave","floor":22.0},{"not_picked":["Deflect","Footwork"],"picked":"Headbutt+1","floor":23.0},{"not_picked":["HandOfGreed","Adrenaline"],"picked":"The Bomb","floor":33.0},{"not_picked":["Chill","Poisoned Stab+1"],"picked":"Conserve Battery+1","floor":35.0},{"not_picked":["Stack","Clothesline"],"picked":"Headbutt+1","floor":41.0},{"not_picked":["Go for the Eyes+1","Catalyst"],"picked":"Burning Pact+1","floor":42.0},{"not_picked":["Poisoned Stab+1","Twin Strike"],"picked":"Dagger Spray","floor":44.0},{"not_picked":["Purity","Dodge and Roll+1"],"picked":"Turbo+1","floor":47.0}],"player_experience":200847,"relics_obtained":[{"floor":6.0,"key":"The Courier"},{"floor":8.0,"key":"Pear"},{"floor":9.0,"key":"Blood Vial"},{"floor":23.0,"key":"Juzu Bracelet"},{"floor":34.0,"key":"Art of War"},{"floor":34.0,"key":"Blue Candle"},{"floor":34.0,"key":"Shovel"},{"floor":42.0,"key":"MawBank"},{"floor":43.0,"key":"Bottled Lightning"}],"event_choices":[{"damage_healed":0.0,"max_hp_gain":0.0,"max_hp_loss":0.0,"gold_gain":0.0,"event_name":"Scrap Ooze","player_choice":"Success","floor":5.0,"gold_loss":0.0,"damage_taken":7.0,"relics_obtained":["Anchor"]},{"damage_healed":0.0,"max_hp_gain":0.0,"max_hp_loss":0.0,"gold_gain":100.0,"event_name":"Golden Shrine","player_choice":"Pray","floor":14.0,"gold_loss":0.0,"damage_taken":0.0},{"damage_healed":0.0,"max_hp_gain":0.0,"max_hp_loss":0.0,"gold_gain":0.0,"event_name":"The Mausoleum","player_choice":"Opened","floor":24.0,"gold_loss":0.0,"damage_taken":0.0,"relics_obtained":["Happy Flower"],"cards_obtained":["Writhe"]},{"cards_removed":["Writhe"],"damage_healed":0.0,"max_hp_gain":0.0,"max_hp_loss":0.0,"gold_gain":0.0,"event_name":"Beggar","player_choice":"Gave Gold","floor":27.0,"gold_loss":75.0,"damage_taken":0.0},{"damage_healed":0.0,"max_hp_gain":0.0,"max_hp_loss":0.0,"gold_gain":0.0,"event_name":"Accursed Blacksmith","player_choice":"Rummage","floor":29.0,"gold_loss":0.0,"damage_taken":0.0,"relics_obtained":["WarpedTongs"],"cards_obtained":["Pain"]},{"cards_removed":["Pain"],"damage_healed":0.0,"max_hp_gain":0.0,"max_hp_loss":0.0,"gold_gain":0.0,"event_name":"Purifier","player_choice":"Purged","floor":31.0,"gold_loss":0.0,"damage_taken":0.0},{"damage_healed":0.0,"max_hp_gain":0.0,"max_hp_loss":0.0,"gold_gain":100.0,"event_name":"Golden Shrine","player_choice":"Pray","floor":37.0,"gold_loss":0.0,"damage_taken":0.0},{"cards_removed":["Fire Breathing"],"damage_healed":0.0,"max_hp_gain":0.0,"max_hp_loss":0.0,"gold_gain":0.0,"event_name":"Falling","player_choice":"Removed Power","floor":39.0,"gold_loss":0.0,"damage_taken":0.0},{"damage_healed":0.0,"max_hp_gain":0.0,"max_hp_loss":0.0,"gold_gain":0.0,"event_name":"MindBloom","player_choice":"Upgrade","floor":46.0,"gold_loss":0.0,"damage_taken":0.0,"cards_upgraded":["Strike_R","Strike_R","Strike_R","Strike_R","Defend_R","Defend_R","Defend_R","Defend_R","Shrug It Off","Dropkick","Flex","Anger","Perfected Strike","Rupture","Sword Boomerang","Limit Break","Pommel Strike","Flex","Cloak And Dagger","Shockwave","The Bomb","Iron Wave","Power Through","Deep Breath","Dagger Spray","Flame Barrier"],"relics_obtained":["Mark of the Bloom"]},{"damage_healed":0.0,"max_hp_gain":0.0,"max_hp_loss":0.0,"gold_gain":0.0,"event_name":"Mysterious Sphere","player_choice":"Ignored","floor":48.0,"gold_loss":0.0,"damage_taken":0.0}],"is_beta":false,"boss_relics":[{"not_picked":["Cursed Key","Philosopher\u0027s Stone"],"picked":"Sozu"},{"not_picked":["Tiny House","Lizard Tail"],"picked":"Calling Bell"}],"items_purged_floors":[19,36],"is_endless":false,"potions_floor_spawned":[1,8,12,33,41,44],"killed_by":"Donu and Deca","ascension_level":5}