{"gold_per_floor":[117,135,151,55,55,55,130,147,147,173,173,173,193,221,221,293,293,307,232,244,262,206,239,239,139,139,139,149,163,76,86,86,86],"floor_reached":33,"playtime":1653,"items_purged":["Strike_R","Strike_R"],"score":551,"play_id":"cb25ec39-bd38-44a7-95ee-4ecbf12fb3ec","local_time":"20190219204535","is_ascension_mode":true,"campfire_choices":[{"data":"Bash","floor":6,"key":"SMITH"},{"data":"Clothesline","floor":11,"key":"SMITH"},{"floor":15,"key":"REST"},{"floor":24,"key":"REST"},{"floor":27,"key":"REST"},{"floor":32,"key":"REST"}],"neow_cost":"NONE","seed_source_timestamp":194350221763382,"circlet_count":0,"master_deck":["AscendersBane","Strike_R","Strike_R","Strike_R","Defend_R","Defend_R","Defend_R","Defend_R","Bash+1","Rampage","Clothesline+1","Shrug It Off","Uppercut+1","Corruption","Impervious","Offering","Combust","True Grit","Spot Weakness","Shrug It Off"],"relics":["Burning Blood","Strawberry","PreservedInsect","Singing Bowl","Blood Vial","Fusion Hammer","Pear","Ancient Tea Set","The Courier"],"potions_floor_usage":[14,16,20,23,29,31,33],"damage_taken":[{"damage":10,"enemies":"Small Slimes","floor":1,"turns":3},{"damage":9,"enemies":"Jaw Worm","floor":2,"turns":4},{"damage":3,"enemies":"2 Louse","floor":3,"turns":3},{"damage":26,"enemies":"Exordium Thugs","floor":8,"turns":5},{"damage":17,"enemies":"Lagavulin","floor":10,"turns":5},{"damage":12,"enemies":"Blue Slaver","floor":13,"turns":4},{"damage":11,"enemies":"3 Sentries","floor":14,"turns":8},{"damage":46,"enemies":"The Guardian","floor":16,"turns":19},{"damage":44,"enemies":"3 Byrds","floor":18,"turns":8},{"damage":5,"enemies":"Chosen","floor":20,"turns":3},{"damage":16,"enemies":"Snecko","floor":21,"turns":4},{"damage":38,"enemies":"Gremlin Leader","floor":23,"turns":7},{"damage":37,"enemies":"Shelled Parasite and Fungi","floor":28,"turns":5},{"damage":54,"enemies":"Sentry and Sphere","floor":29,"turns":7},{"damage":10,"enemies":"Snecko","floor":31,"turns":7},{"damage":49,"enemies":"Champ","floor":33,"turns":14}],"seed_played":"-842901382814489618","potions_obtained":[{"floor":3,"key":"EssenceOfSteel"},{"floor":8,"key":"EssenceOfSteel"},{"floor":14,"key":"Poison Potion"},{"floor":16,"key":"Poison Potion"},{"floor":18,"key":"AttackPotion"},{"floor":23,"key":"Dexterity Potion"},{"floor":28,"key":"Regen Potion"}],"is_trial":false,"path_per_floor":["M","M","M","$","?","R","?","M","T","E","R","?","M","E","R","B",null,"M","$","M","M","?","E","R","$","T","R","M","M","$","M","R","B"],"character_chosen":"IRONCLAD","items_purchased":["Shrug It Off","Uppercut","Shrug It Off","PowerPotion"],"campfire_rested":4,"item_purchase_floors":[4,4,30,30],"current_hp_per_floor":[71,68,71,71,71,71,60,40,40,31,31,31,25,22,47,9,67,31,31,36,28,38,8,37,37,37,66,39,9,9,9,40,0],"gold":86,"neow_bonus":"RANDOM_COMMON_RELIC","is_prod":false,"is_daily":false,"chose_seed":false,"campfire_upgraded":2,"win_rate":0,"timestamp":1550627135,"path_taken":["M","M","M","$","?","R","?","M","T","E","R","?","?","E","R","BOSS","M","$","M","M","?","E","R","$","T","R","?","M","$","M","R","BOSS"],"build_version":"2019-01-23","purchased_purges":2,"victory":false,"max_hp_per_floor":[82,82,82,82,82,82,82,82,82,84,84,84,84,86,86,86,86,86,86,88,88,98,98,98,98,98,98,100,102,102,104,104,104],"card_choices":[{"not_picked":["Cleave","Wild Strike"],"picked":"Rampage","floor":1},{"not_picked":["Entrench","Infernal Blade","Flex"],"picked":"SKIP","floor":2},{"not_picked":["Anger","Body Slam"],"picked":"Clothesline","floor":3},{"not_picked":["Pommel Strike","Flame Barrier"],"picked":"Corruption","floor":8},{"not_picked":["Pummel","Evolve","Flex"],"picked":"Singing Bowl","floor":10},{"not_picked":["Rampage","Iron Wave"],"picked":"Impervious","floor":13},{"not_picked":["Twin Strike","Power Through","Flex"],"picked":"Singing Bowl","floor":14},{"not_picked":["Bludgeon","Double Tap"],"picked":"Offering","floor":16},{"not_picked":["Dual Wield","Twin Strike"],"picked":"Combust","floor":18},{"not_picked":["Sword Boomerang","Pommel Strike","Whirlwind+1"],"picked":"Singing Bowl","floor":20},{"not_picked":["Cleave","Twin Strike"],"picked":"True Grit","floor":21},{"not_picked":["Fire Breathing","Corruption"],"picked":"Spot Weakness","floor":23},{"not_picked":["Carnage","True Grit","Anger"],"picked":"Singing Bowl","floor":28},{"not_picked":["Inflame","Cleave+1","Seeing Red+1"],"picked":"Singing Bowl","floor":29},{"not_picked":["Wild Strike","Heavy Blade","Rage"],"picked":"Singing Bowl","floor":31}],"player_experience":418563,"relics_obtained":[{"floor":9,"key":"PreservedInsect"},{"floor":10,"key":"Singing Bowl"},{"floor":14,"key":"Blood Vial"},{"floor":23,"key":"Ancient Tea Set"},{"floor":26,"key":"The Courier"}],"event_choices":[{"damage_healed":0,"gold_gain":0,"player_choice":"Grow","damage_taken":0,"max_hp_gain":0,"max_hp_loss":0,"event_name":"Living Wall","floor":5,"gold_loss":0,"cards_upgraded":["Uppercut"]},{"damage_healed":0,"gold_gain":75,"player_choice":"Gather Gold","damage_taken":11,"max_hp_gain":0,"max_hp_loss":0,"event_name":"World of Goop","floor":7,"gold_loss":0},{"damage_healed":0,"gold_gain":0,"player_choice":"Ignored","damage_taken":0,"max_hp_gain":0,"max_hp_loss":0,"event_name":"Shining Light","floor":12,"gold_loss":0},{"damage_healed":0,"gold_gain":0,"player_choice":"Paid Gold","damage_taken":0,"relics_obtained":["Pear"],"max_hp_gain":0,"max_hp_loss":0,"event_name":"WeMeetAgain","floor":22,"gold_loss":56}],"is_beta":false,"boss_relics":[{"not_picked":["Runic Pyramid","Cursed Key"],"picked":"Fusion Hammer"}],"items_purged_floors":[19,25],"is_endless":false,"potions_floor_spawned":[3,8,14,16,18,23,28],"killed_by":"Champ","ascension_level":18}