{"gold_per_floor":[218,238,250,250,250,250,27,27,95,125,125,151,151,177,177,256,256,269,289,319,319,330,330,346,346,346,365,378,70,70,102,102,173,173,190,244,244,244,41,41,41],"floor_reached":41,"playtime":2384,"items_purged":["Strike_G"],"score":744,"play_id":"3c6ad6c6-8bf6-4830-8571-dc031645f614","local_time":"20190322120359","is_ascension_mode":true,"campfire_choices":[{"data":"Deadly Poison","floor":6,"key":"SMITH"},{"floor":11,"key":"REST"},{"data":"Malaise","floor":13,"key":"SMITH"},{"data":"Crippling Poison","floor":15,"key":"SMITH"},{"data":"Adrenaline","floor":23,"key":"SMITH"},{"data":"Footwork","floor":25,"key":"SMITH"},{"data":"Well Laid Plans","floor":32,"key":"SMITH"},{"data":"Crippling Poison","floor":40,"key":"SMITH"}],"neow_cost":"NONE","seed_source_timestamp":333895955213368,"circlet_count":0,"master_deck":["AscendersBane","Defend_G","Defend_G","Defend_G","Defend_G","Defend_G","Strike_G","Strike_G","Strike_G","Strike_G","Survivor","Neutralize+1","Deadly Poison+1","Quick Slash","Malaise+1","Crippling Poison+1","Dash+1","Adrenaline+1","Footwork+1","Backflip","Backflip","Well Laid Plans+1","Backstab+1","Dodge and Roll","Corpse Explosion","Cloak And Dagger","PiercingWail+1","Dark Shackles","Cloak And Dagger","Crippling Poison+1"],"relics":["Ring of the Snake","Vajra","Molten Egg 2","Oddly Smooth Stone","Centennial Puzzle","Dream Catcher","Eternal Feather","Red Mask","Gremlin Horn","Bronze Scales","Juzu Bracelet","Snecko Eye","Du-Vu Doll"],"potions_floor_usage":[20,33,41],"damage_taken":[{"damage":0,"enemies":"Small Slimes","floor":1,"turns":3},{"damage":0,"enemies":"2 Louse","floor":2,"turns":2},{"damage":1,"enemies":"Cultist","floor":3,"turns":3},{"damage":31,"enemies":"3 Sentries","floor":10,"turns":10},{"damage":2,"enemies":"Lagavulin","floor":12,"turns":8},{"damage":17,"enemies":"3 Sentries","floor":14,"turns":9},{"damage":4,"enemies":"The Guardian","floor":16,"turns":14},{"damage":0,"enemies":"3 Byrds","floor":18,"turns":4},{"damage":1,"enemies":"Chosen","floor":19,"turns":4},{"damage":15,"enemies":"Masked Bandits","floor":20,"turns":3},{"damage":6,"enemies":"Sentry and Sphere","floor":22,"turns":7},{"damage":2,"enemies":"3 Cultists","floor":24,"turns":6},{"damage":0,"enemies":"Snecko","floor":27,"turns":7},{"damage":10,"enemies":"Sentry and Sphere","floor":28,"turns":8},{"damage":6,"enemies":"Gremlin Leader","floor":31,"turns":7},{"damage":38,"enemies":"Collector","floor":33,"turns":14},{"damage":0,"enemies":"3 Darklings","floor":35,"turns":2},{"damage":33,"enemies":"2 Orb Walkers","floor":36,"turns":5},{"damage":53,"enemies":"Giant Head","floor":41,"turns":10}],"seed_played":"3403457583658964529","potions_obtained":[{"floor":1,"key":"Weak Potion"},{"floor":3,"key":"Block Potion"},{"floor":18,"key":"Fire Potion"},{"floor":20,"key":"EssenceOfSteel"},{"floor":33,"key":"FearPotion"}],"is_trial":false,"path_per_floor":["M","M","M","?","?","R","$","?","T","E","R","E","R","E","R","B",null,"M","M","?","?","M","R","M","R","T","M","M","$","?","E","R","B",null,"M","?","?","?","$","R","E"],"character_chosen":"THE_SILENT","items_purchased":["Crippling Poison","Vajra","Well Laid Plans","Backstab+1","Bronze Scales","Cloak And Dagger","Crippling Poison"],"campfire_rested":1,"item_purchase_floors":[7,7,29,29,29,39,39],"current_hp_per_floor":[59,59,58,58,58,58,58,63,63,32,53,51,51,34,34,30,61,61,60,45,81,75,81,79,81,81,81,71,71,71,65,80,42,71,71,38,33,33,33,51,0],"gold":41,"neow_bonus":"HUNDRED_GOLD","is_prod":false,"is_daily":false,"chose_seed":false,"campfire_upgraded":7,"win_rate":0,"timestamp":1553270639,"path_taken":["M","M","M","?","?","R","$","?","T","E","R","E","R","E","R","BOSS","M","M","?","?","M","R","M","R","T","M","?","$","?","E","R","BOSS","M","?","?","?","$","R","E"],"build_version":"2019-01-23","purchased_purges":1,"victory":false,"max_hp_per_floor":[66,66,66,66,66,66,66,71,71,71,71,71,71,71,71,71,71,71,71,71,81,81,81,81,81,81,81,81,81,81,81,81,81,81,81,81,81,81,81,81,81],"card_choices":[{"not_picked":["Riddle With Holes","Acrobatics"],"picked":"Deadly Poison","floor":1},{"not_picked":["Calculated Gamble","Underhanded Strike"],"picked":"Quick Slash","floor":2},{"not_picked":["Prepared","Blade Dance"],"picked":"Malaise","floor":3},{"not_picked":["Burst","Accuracy"],"picked":"Dash+1","floor":10},{"not_picked":["Tactician","Underhanded Strike+1","Calculated Gamble"],"picked":"SKIP","floor":12},{"not_picked":["Terror","Envenom"],"picked":"Malaise","floor":14},{"not_picked":["Die Die Die+1","Night Terror"],"picked":"Adrenaline","floor":16},{"not_picked":["Prepared","Bane+1","Choke+1"],"picked":"SKIP","floor":18},{"not_picked":["Terror","Acrobatics"],"picked":"Footwork","floor":19},{"not_picked":["Quick Slash+1","Blade Dance","Setup"],"picked":"SKIP","floor":22},{"not_picked":["Slice+1","PiercingWail"],"picked":"Backflip","floor":24},{"not_picked":["Blade Dance","Dagger Throw+1","Prepared"],"picked":"SKIP","floor":27},{"not_picked":["Concentrate","Flying Knee+1"],"picked":"Backflip","floor":28},{"not_picked":["Setup","Crippling Poison"],"picked":"Dodge and Roll","floor":31},{"not_picked":["Phantasmal Killer","Adrenaline"],"picked":"Corpse Explosion","floor":33},{"not_picked":["Dash+1","Reflex"],"picked":"Cloak And Dagger","floor":35},{"not_picked":["Backstab+1","Calculated Gamble+1"],"picked":"PiercingWail","floor":36},{"not_picked":["Trip","Impatience"],"picked":"Dark Shackles","floor":37}],"player_experience":513976,"relics_obtained":[{"floor":9,"key":"Molten Egg 2"},{"floor":10,"key":"Oddly Smooth Stone"},{"floor":12,"key":"Centennial Puzzle"},{"floor":14,"key":"Dream Catcher"},{"floor":20,"key":"Red Mask"},{"floor":26,"key":"Gremlin Horn"},{"floor":31,"key":"Juzu Bracelet"},{"floor":36,"key":"Du-Vu Doll"}],"event_choices":[{"damage_healed":0,"gold_gain":0,"player_choice":"Grow","damage_taken":0,"max_hp_gain":0,"max_hp_loss":0,"event_name":"Living Wall","floor":4,"gold_loss":0,"cards_upgraded":["Neutralize"]},{"damage_healed":0,"gold_gain":0,"player_choice":"Ignored","damage_taken":0,"max_hp_gain":0,"max_hp_loss":0,"event_name":"Shining Light","floor":5,"gold_loss":0},{"damage_healed":0,"gold_gain":0,"player_choice":"Donut","damage_taken":0,"max_hp_gain":5,"max_hp_loss":0,"event_name":"Big Fish","floor":8,"gold_loss":0},{"damage_healed":0,"gold_gain":0,"player_choice":"Fought Bandits","damage_taken":0,"max_hp_gain":0,"max_hp_loss":0,"event_name":"Masked Bandits","floor":20,"gold_loss":0},{"cards_removed":["Malaise"],"damage_healed":26,"gold_gain":0,"player_choice":"Offered Rare","damage_taken":0,"max_hp_gain":10,"max_hp_loss":0,"event_name":"Bonfire Elementals","floor":21,"gold_loss":0},{"damage_healed":0,"gold_gain":0,"player_choice":"Ignored","damage_taken":0,"max_hp_gain":0,"max_hp_loss":0,"event_name":"Beggar","floor":30,"gold_loss":0},{"damage_healed":0,"gold_gain":0,"player_choice":"Fight","damage_taken":0,"max_hp_gain":0,"max_hp_loss":0,"event_name":"Mysterious Sphere","floor":36,"gold_loss":0},{"damage_healed":0,"gold_gain":0,"player_choice":"Memory 2","damage_taken":5,"max_hp_gain":0,"max_hp_loss":0,"event_name":"SensoryStone","floor":37,"gold_loss":0},{"damage_healed":0,"gold_gain":0,"player_choice":"Upgraded","damage_taken":0,"max_hp_gain":0,"max_hp_loss":0,"event_name":"Upgrade Shrine","floor":38,"gold_loss":0,"cards_upgraded":["PiercingWail"]}],"is_beta":false,"boss_relics":[{"not_picked":["Calling Bell","WristBlade"],"picked":"Eternal Feather"},{"not_picked":["Runic Dome","Empty Cage"],"picked":"Snecko Eye"}],"items_purged_floors":[39],"is_endless":false,"potions_floor_spawned":[1,3,14,18,20,24,28,33,35,36],"killed_by":"Giant Head","ascension_level":15}