{"gold_per_floor":[112,127,127,127,138,173,173,173],"floor_reached":8,"playtime":412,"items_purged":[],"score":56,"play_id":"c6045e3a-6ec2-49e6-a804-dfa6d8f0b1d4","local_time":"20190519124401","is_ascension_mode":false,"campfire_choices":[{"floor":7,"key":"REST"}],"neow_cost":"PERCENT_DAMAGE","seed_source_timestamp":238084139664444,"circlet_count":0,"master_deck":["Strike_B","Strike_B","Strike_B","Strike_B","Defend_B","Defend_B","Defend_B","Defend_B","Zap","Dualcast","Meteor Strike+1","Turbo","Conserve Battery","Fission"],"relics":["Cracked Core","SsserpentHead","Juzu Bracelet"],"potions_floor_usage":[6],"damage_taken":[{"damage":0,"enemies":"Small Slimes","floor":1,"turns":3},{"damage":11,"enemies":"Jaw Worm","floor":2,"turns":3},{"damage":1,"enemies":"Cultist","floor":5,"turns":3},{"damage":32,"enemies":"3 Sentries","floor":6,"turns":9},{"damage":49,"enemies":"Lagavulin","floor":8,"turns":6}],"seed_played":"4504507689582983379","potions_obtained":[{"floor":2,"key":"GamblersBrew"},{"floor":5,"key":"Strength Potion"}],"is_trial":false,"path_per_floor":["M","M","?","?","M","E","R","E"],"character_chosen":"DEFECT","items_purchased":[],"campfire_rested":1,"item_purchase_floors":[],"current_hp_per_floor":[54,43,43,43,42,10,32,0],"gold":173,"neow_bonus":"THREE_RARE_CARDS","is_prod":false,"is_daily":false,"chose_seed":false,"campfire_upgraded":0,"win_rate":0.0,"timestamp":1558284241,"path_taken":["M","M","?","?","M","E","R","E"],"build_version":"2019-01-23","purchased_purges":0,"victory":false,"max_hp_per_floor":[75,75,75,75,75,75,75,75],"card_choices":[{"not_picked":["Buffer","Seek"],"picked":"Meteor Strike","floor":0},{"not_picked":["Barrage","Go for the Eyes"],"picked":"Turbo","floor":1},{"not_picked":["Ball Lightning","Barrage","Heatsinks"],"picked":"SKIP","floor":2},{"not_picked":["Reprogram","Leap"],"picked":"Conserve Battery","floor":5},{"not_picked":["Redo","Compile Driver"],"picked":"Fission","floor":6}],"player_experience":263395,"relics_obtained":[{"floor":6,"key":"Juzu Bracelet"}],"event_choices":[{"damage_healed":0,"gold_gain":0,"player_choice":"Grow","damage_taken":0,"max_hp_gain":0,"max_hp_loss":0,"event_name":"Living Wall","floor":3,"gold_loss":0,"cards_upgraded":["Meteor Strike"]},{"damage_healed":0,"gold_gain":0,"player_choice":"Trade","damage_taken":0,"relics_obtained":["SsserpentHead"],"max_hp_gain":0,"max_hp_loss":0,"event_name":"FaceTrader","floor":4,"gold_loss":0}],"is_beta":false,"boss_relics":[],"items_purged_floors":[],"is_endless":false,"potions_floor_spawned":[2,5],"killed_by":"Lagavulin","ascension_level":0}