{"gold_per_floor":[119,129,143,143,153,153,167,201,201,189,189,189],"floor_reached":12,"playtime":300,"items_purged":[],"score":82,"play_id":"fe9fef8a-55d0-486e-8afe-add6957a133b","local_time":"20190507182153","is_ascension_mode":false,"campfire_choices":[{"data":"Apotheosis","floor":6,"key":"SMITH"},{"floor":11,"key":"DIG"}],"neow_cost":"NONE","seed_source_timestamp":608934010600,"circlet_count":0,"master_deck":["Strike_B","Strike_B","Strike_B","Strike_B","Defend_B","Defend_B","Defend_B","Defend_B","Zap","Dualcast","Ball Lightning","Consume","Coolheaded","Apotheosis+1","Rebound","Defragment","Creative AI","Cold Snap"],"relics":["Cracked Core","Shovel"],"potions_floor_usage":[8,10],"damage_taken":[{"damage":6,"enemies":"Cultist","floor":1,"turns":3},{"damage":10,"enemies":"Small Slimes","floor":2,"turns":4},{"damage":5,"enemies":"2 Louse","floor":3,"turns":3},{"damage":3,"enemies":"Looter","floor":5,"turns":4},{"damage":13,"enemies":"2 Fungi Beasts","floor":7,"turns":3},{"damage":10,"enemies":"Lagavulin","floor":8,"turns":4},{"damage":13,"enemies":"Exordium Thugs","floor":10,"turns":4},{"damage":0,"enemies":"Gremlin Gang","floor":12,"turns":1}],"seed_played":"2494351104382343209","potions_obtained":[{"floor":2,"key":"GamblersBrew"},{"floor":3,"key":"Explosive Potion"},{"floor":5,"key":"FocusPotion"},{"floor":8,"key":"Block Potion"}],"is_trial":false,"path_per_floor":["M","M","M","?","M","R","M","E","T","M","R","M"],"character_chosen":"DEFECT","items_purchased":[],"campfire_rested":0,"item_purchase_floors":[],"current_hp_per_floor":[69,59,54,54,51,51,38,28,28,15,15,15],"gold":189,"neow_bonus":"RANDOM_COLORLESS","is_prod":false,"is_daily":false,"chose_seed":false,"campfire_upgraded":1,"win_rate":0,"timestamp":1557242513,"path_taken":["M","?","?","?","M","R","M","E","T","M","R","?"],"build_version":"2019-01-23","purchased_purges":0,"victory":false,"max_hp_per_floor":[75,75,75,75,75,75,75,75,75,75,75,75],"card_choices":[{"not_picked":["Conserve Battery","Turbo"],"picked":"Ball Lightning","floor":1},{"not_picked":["Compile Driver","Hologram"],"picked":"Consume","floor":2},{"not_picked":["Glacier","Streamline"],"picked":"Coolheaded","floor":3},{"not_picked":["Beam Cell","Aggregate"],"picked":"Rebound","floor":5},{"not_picked":["Streamline","Heatsinks"],"picked":"Defragment","floor":7},{"not_picked":["Beam Cell","Rebound"],"picked":"Creative AI","floor":8},{"not_picked":["Static Discharge","Turbo"],"picked":"Cold Snap","floor":10}],"player_experience":288959,"relics_obtained":[{"floor":8,"key":"Shovel"}],"event_choices":[{"damage_healed":0,"gold_gain":0,"cards_transformed":["Purity"],"player_choice":"Transformed","damage_taken":0,"max_hp_gain":0,"max_hp_loss":0,"event_name":"Transmorgrifier","floor":4,"gold_loss":0,"cards_obtained":["Apotheosis"]}],"is_beta":false,"boss_relics":[],"items_purged_floors":[],"is_endless":false,"potions_floor_spawned":[2,3,5,8],"killed_by":"Gremlin Gang","ascension_level":0}