{"gold_per_floor":[117,134,144,162,162,162,187,198,223,255,255,274,103,119,119,221,221,234,244,262,262,273,273,306,306,306,2,13,13,13,13,13,118,118,132,146,146,160,178,178,178,178,178,207,90,15,15,29,29,29],"floor_reached":51,"playtime":3210,"items_purged":["Bite"],"score":775,"play_id":"28f10285-c7d8-42bd-a7e4-989c2a51d06d","local_time":"20181122122801","is_ascension_mode":true,"campfire_choices":[{"data":"Deadly Poison","floor":6,"key":"SMITH"},{"floor":15,"key":"REST"},{"data":"Footwork","floor":23,"key":"SMITH"},{"data":"Footwork","floor":25,"key":"SMITH"},{"data":"Glass Knife","floor":30,"key":"SMITH"},{"floor":32,"key":"REST"},{"data":"Noxious Fumes","floor":40,"key":"SMITH"},{"data":"Cloak And Dagger","floor":42,"key":"SMITH"},{"data":"Caltrops","floor":49,"key":"SMITH"}],"neow_cost":"NONE","seed_source_timestamp":113561812672284,"circlet_count":0,"master_deck":["Defend_G+1","Defend_G+1","Defend_G+1","Defend_G+1","Defend_G+1","Survivor+1","Neutralize+1","Footwork+1","Deadly Poison+1","Dagger Throw+1","Infinite Blades+1","Terror+1","Unload+1","All Out Attack+1","PiercingWail+1","Footwork+1","Dodge and Roll+1","Quick Slash+1","Glass Knife+1","Choke+1","Backflip+1","Acrobatics+1","Bite+1","Bite+1","Bite+1","Sucker Punch+1","Cloak And Dagger+1","Burst+1","Noxious Fumes+1","Blur+1","Terror+1","Doppelganger+1","Cloak And Dagger+1","Crippling Poison+1","Backstab+1","Doubt","After Image+1","Deadly Poison+1","Caltrops+1"],"relics":["Ring of the Snake","Ninja Scroll","Anchor","Boot","Juzu Bracelet","GremlinMask","Sozu","Sundial","FossilizedHelix","Dream Catcher","Paper Crane","Cursed Key","Meat on the Bone","War Paint","Mark of the Bloom"],"potions_floor_usage":[10,10,14,16,24],"damage_taken":[{"damage":10,"enemies":"Small Slimes","floor":1,"turns":4},{"damage":2,"enemies":"Cultist","floor":2,"turns":4},{"damage":8,"enemies":"2 Louse","floor":3,"turns":3},{"damage":11,"enemies":"Exordium Wildlife","floor":4,"turns":4},{"damage":11,"enemies":"3 Sentries","floor":7,"turns":8},{"damage":14,"enemies":"Red Slaver","floor":8,"turns":4},{"damage":24,"enemies":"Lagavulin","floor":10,"turns":5},{"damage":4,"enemies":"2 Fungi Beasts","floor":12,"turns":3},{"damage":0,"enemies":"Exordium Wildlife","floor":14,"turns":3},{"damage":23,"enemies":"Hexaghost","floor":16,"turns":10},{"damage":0,"enemies":"Chosen","floor":18,"turns":3},{"damage":7,"enemies":"Shell Parasite","floor":19,"turns":3},{"damage":37,"enemies":"Cultist and Chosen","floor":20,"turns":5},{"damage":28,"enemies":"Sentry and Sphere","floor":22,"turns":6},{"damage":3,"enemies":"Book of Stabbing","floor":24,"turns":5},{"damage":6,"enemies":"Snake Plant","floor":28,"turns":3},{"damage":37,"enemies":"Champ","floor":33,"turns":17},{"damage":0,"enemies":"Orb Walker","floor":35,"turns":2},{"damage":23,"enemies":"3 Darklings","floor":36,"turns":6},{"damage":0,"enemies":"4 Shapes","floor":38,"turns":6},{"damage":0,"enemies":"Transient","floor":39,"turns":5},{"damage":18,"enemies":"Reptomancer","floor":44,"turns":8},{"damage":0,"enemies":"Sphere and 2 Shapes","floor":48,"turns":5},{"damage":8,"enemies":"Donu and Deca","floor":50,"turns":10}],"seed_played":"4825503797776713441","potions_obtained":[{"floor":1,"key":"Explosive Potion"},{"floor":2,"key":"GamblersBrew"},{"floor":7,"key":"Regen Potion"},{"floor":8,"key":"Fruit Juice"},{"floor":12,"key":"GhostInAJar"},{"floor":14,"key":"SpeedPotion"}],"is_trial":false,"path_per_floor":["M","M","M","M","?","R","E","M","T","E","?","M","$","M","R","B",null,"M","M","M","?","M","R","E","R","T","$","M","?","R","T","R","B",null,"M","M","?","M","M","R","?","R","T","E","$","$","?","M","R","B",null],"character_chosen":"THE_SILENT","items_purchased":["Footwork","Dodge and Roll","Quick Slash","Burst","Dream Catcher","Noxious Fumes","After Image","Deadly Poison"],"campfire_rested":2,"item_purchase_floors":[13,13,13,27,27,27,45,45],"current_hp_per_floor":[67,65,57,46,46,46,35,21,21,14,14,10,10,10,34,11,82,82,75,38,38,18,18,21,21,21,21,17,36,36,36,53,35,57,57,40,40,46,52,52,52,52,52,45,45,45,45,45,45,37],"gold":29,"neow_bonus":"TEN_PERCENT_HP_BONUS","is_prod":false,"is_daily":false,"chose_seed":false,"campfire_upgraded":7,"win_rate":0,"timestamp":1542907681,"path_taken":["M","M","M","M","?","R","E","M","T","E","?","M","$","M","R","BOSS","M","M","M","?","M","R","E","R","T","$","M","?","R","?","R","BOSS","M","M","?","M","M","R","?","R","T","E","?","$","?","M","R","BOSS"],"build_version":"2018-11-15","purchased_purges":1,"victory":true,"max_hp_per_floor":[77,77,77,77,77,77,77,77,77,82,82,82,82,82,82,82,82,82,82,82,57,57,57,57,57,57,57,57,57,57,57,57,57,57,57,57,57,57,57,57,57,57,57,57,57,57,57,57,57,57],"card_choices":[{"not_picked":["Backflip","Deadly Poison"],"picked":"Footwork","floor":1},{"not_picked":["All Out Attack","Flying Knee"],"picked":"Deadly Poison","floor":2},{"not_picked":["Sucker Punch","Endless Agony"],"picked":"Dagger Throw","floor":3},{"not_picked":["Backflip","Prepared"],"picked":"Infinite Blades","floor":4},{"not_picked":["Backflip","Accuracy"],"picked":"Terror","floor":7},{"not_picked":["Dagger Throw","Blade Dance"],"picked":"Unload","floor":8},{"not_picked":["Outmaneuver","Slice"],"picked":"All Out Attack","floor":10},{"not_picked":["Backflip","Eviscerate"],"picked":"PiercingWail","floor":12},{"not_picked":["Sucker Punch","Calculated Gamble","Quick Slash"],"picked":"SKIP","floor":14},{"not_picked":["Adrenaline","Malaise"],"picked":"Glass Knife","floor":16},{"not_picked":["Expertise+1","Flechettes+1"],"picked":"Choke+1","floor":18},{"not_picked":["Bane+1","Concentrate+1"],"picked":"Backflip","floor":19},{"not_picked":["Outmaneuver","Quick Slash+1"],"picked":"Acrobatics+1","floor":20},{"not_picked":["Dagger Throw","Quick Slash"],"picked":"Sucker Punch+1","floor":22},{"not_picked":["Reflex","Slice"],"picked":"Cloak And Dagger","floor":24},{"not_picked":["After Image","Prepared+1"],"picked":"Blur","floor":28},{"not_picked":["Outmaneuver","Prepared"],"picked":"Terror+1","floor":32},{"not_picked":["Venomology","Storm of Steel"],"picked":"Doppelganger","floor":33},{"not_picked":["Heel Hook","Choke+1"],"picked":"Cloak And Dagger+1","floor":35},{"not_picked":["Underhanded Strike","Deflect+1"],"picked":"Crippling Poison","floor":36},{"not_picked":["Heel Hook","Infinite Blades","Dagger Throw+1"],"picked":"SKIP","floor":38},{"not_picked":["Dodge and Roll","Bane+1"],"picked":"Backstab+1","floor":39},{"not_picked":["Tactician+1","Cloak And Dagger+1","Infinite Blades"],"picked":"SKIP","floor":44},{"not_picked":["Underhanded Strike","Masterful Stab+1"],"picked":"Caltrops","floor":48}],"player_experience":205785,"relics_obtained":[{"floor":7,"key":"Anchor"},{"floor":9,"key":"Boot"},{"floor":10,"key":"Juzu Bracelet"},{"floor":24,"key":"Sundial"},{"floor":26,"key":"FossilizedHelix"},{"floor":31,"key":"Paper Crane"},{"floor":43,"key":"Meat on the Bone"},{"floor":44,"key":"War Paint"}],"event_choices":[{"damage_healed":0,"gold_gain":0,"player_choice":"Gave Potion","damage_taken":0,"relics_obtained":["Ninja Scroll"],"max_hp_gain":0,"max_hp_loss":0,"event_name":"WeMeetAgain","floor":5,"gold_loss":0},{"damage_healed":0,"gold_gain":0,"player_choice":"Trade","damage_taken":0,"relics_obtained":["GremlinMask"],"max_hp_gain":0,"max_hp_loss":0,"event_name":"FaceTrader","floor":11,"gold_loss":0},{"damage_healed":0,"gold_gain":0,"player_choice":"Became a vampire","damage_taken":0,"max_hp_gain":0,"max_hp_loss":25,"event_name":"Vampires","floor":21,"gold_loss":0,"cards_obtained":["Bite","Bite","Bite","Bite","Bite"]},{"damage_healed":19,"gold_gain":0,"player_choice":"Heal","damage_taken":0,"max_hp_gain":0,"max_hp_loss":0,"event_name":"The Library","floor":29,"gold_loss":0},{"damage_healed":0,"gold_gain":0,"player_choice":"Ignored","damage_taken":0,"max_hp_gain":0,"max_hp_loss":0,"event_name":"Mysterious Sphere","floor":37,"gold_loss":0},{"cards_removed":["Bite"],"damage_healed":0,"gold_gain":0,"player_choice":"Removed Attack","damage_taken":0,"max_hp_gain":0,"max_hp_loss":0,"event_name":"Falling","floor":41,"gold_loss":0},{"damage_healed":0,"gold_gain":0,"player_choice":"Upgrade","damage_taken":0,"relics_obtained":["Mark of the Bloom"],"max_hp_gain":0,"max_hp_loss":0,"event_name":"MindBloom","floor":47,"gold_loss":0,"cards_upgraded":["Defend_G","Defend_G","Defend_G","Defend_G","Defend_G","Survivor","Neutralize","Dagger Throw","Infinite Blades","Terror","Unload","All Out Attack","Quick Slash","Backflip","Bite","Bite","Bite","Burst","Blur","Doppelganger","Crippling Poison","After Image","Deadly Poison"]}],"is_beta":false,"boss_relics":[{"not_picked":["Calling Bell","HoveringKite"],"picked":"Sozu"},{"not_picked":["White Beast Statue","Tiny House"],"picked":"Cursed Key"}],"items_purged_floors":[46],"is_endless":false,"potions_floor_spawned":[1,2,7,8,12,14,19,24,28,36,38,39],"ascension_level":2}