{"gold_per_floor":[118,118,129,129,141,141,170,182],"floor_reached":8,"playtime":550,"items_purged":[],"score":62,"play_id":"906de0fd-53f6-4dec-816a-086980a789f1","local_time":"20190518110829","is_ascension_mode":true,"campfire_choices":[{"data":"Neutralize","floor":6,"key":"SMITH"}],"neow_cost":"NONE","seed_source_timestamp":6019058265756,"circlet_count":0,"master_deck":["Defend_G","Defend_G","Defend_G","Defend_G","Defend_G","Strike_G","Strike_G","Strike_G","Strike_G","Strike_G","Survivor","Neutralize+1","Dodge and Roll","Dodge and Roll","Leg Sweep","Storm of Steel"],"relics":["Ring of the Snake","NeowsBlessing","Bag of Preparation","Omamori","MawBank"],"potions_floor_usage":[8],"damage_taken":[{"damage":0,"enemies":"2 Louse","floor":1,"turns":1},{"damage":0,"enemies":"Cultist","floor":3,"turns":1},{"damage":0,"enemies":"Jaw Worm","floor":5,"turns":1},{"damage":49,"enemies":"3 Sentries","floor":7,"turns":19},{"damage":28,"enemies":"Exordium Thugs","floor":8,"turns":7}],"seed_played":"-3978234104576764230","potions_obtained":[{"floor":1,"key":"GamblersBrew"},{"floor":3,"key":"Block Potion"}],"is_trial":false,"path_per_floor":["M","?","M","?","M","R","E","M"],"character_chosen":"THE_SILENT","items_purchased":[],"campfire_rested":0,"item_purchase_floors":[],"current_hp_per_floor":[70,70,70,63,63,63,14,0],"gold":182,"neow_bonus":"THREE_ENEMY_KILL","is_prod":false,"is_daily":false,"chose_seed":false,"campfire_upgraded":1,"win_rate":0,"timestamp":1558170509,"path_taken":["M","?","?","?","M","R","E","M"],"build_version":"2019-01-23","purchased_purges":0,"victory":false,"max_hp_per_floor":[70,70,70,70,70,70,70,70],"card_choices":[{"not_picked":["Underhanded Strike","PiercingWail"],"picked":"Dodge and Roll","floor":1},{"not_picked":["All Out Attack","Prepared"],"picked":"Dodge and Roll","floor":3},{"not_picked":["Blade Dance","Underhanded Strike"],"picked":"Leg Sweep","floor":5},{"not_picked":["Concentrate","Choke"],"picked":"Storm of Steel","floor":7}],"player_experience":320925,"relics_obtained":[{"floor":7,"key":"MawBank"}],"event_choices":[{"damage_healed":0,"gold_gain":0,"player_choice":"Gave Potion","damage_taken":0,"relics_obtained":["Bag of Preparation"],"max_hp_gain":0,"max_hp_loss":0,"event_name":"WeMeetAgain","floor":2,"gold_loss":0},{"damage_healed":0,"gold_gain":0,"player_choice":"Success","damage_taken":7,"relics_obtained":["Omamori"],"max_hp_gain":0,"max_hp_loss":0,"event_name":"Scrap Ooze","floor":4,"gold_loss":0}],"is_beta":false,"boss_relics":[],"items_purged_floors":[],"is_endless":false,"potions_floor_spawned":[1,3],"killed_by":"Exordium Thugs","ascension_level":2}